2383 2990
117 1847 121 1850 ι
152 1863 195 1885 VR
200 1863 247 1883 ΓΘ.

166 122 230 156 361
803 122 846 155 V.
893 122 1164 155 EXPLICATIO
1189 122 1392 156 SYMBOLI
1415 123 1580 156 NlCENt.
2152 124 2217 158 362

165 226 200 253 et
222 219 265 252 ad
287 218 522 261 promissionis
545 217 869 261 promulgationem,
904 225 937 251 et.
961 219 1005 250 ad
1029 229 1166 251 conser-

164 264 334 296 vationem
357 262 541 301 ministerii,
567 263 644 304 quia
668 262 771 294 Pater
796 273 864 294 non
889 270 1167 305 cognosceretur,

162 308 229 340 nisi
253 307 340 338 edito
365 312 397 338 et
419 304 634 348 promulgato
663 307 781 339 verbo.
828 306 992 348 Loquitur
1021 317 1103 348 ergo
1134 313 1166 337 et

162 351 249 383 haec
273 360 419 391 persona
443 350 486 381 ad
509 357 638 391 patreS,
673 357 856 381 conservat
879 350 1111 388 ministerium,
1135 355 1165 380 et

163 404 250 426 voce
273 393 449 437 Evangelii
481 394 560 425 dicit
595 393 863 432 consolationem
899 394 932 424 in
953 392 1166 435 ¹singulorum

164 437 371 470 credentium
396 438 568 476 cordibus,
593 443 625 469 et
648 443 813 469 monstrat
836 437 885 469 eis
909 436 1054 468 Patrem.

251 542 445 584 Scriptores
469 542 593 573 vetusti
616 547 696 582 post,
706 539 907 582 Apostolos,
921 539 1040 572 Filium
1060 550 1163 582 saepe

161 586 262 619 etiam
285 587 457 617 nominant
481 585 702 626 Sapientiam,
739 591 849 615 sumta
874 585 1073 621 occasione,
1109 583 1166 615 vel

161 641 204 663 ex
230 630 259 661 l.
284 630 394 671 capite
420 629 449 660 1.
496 626 670 670 Epistolae
705 628 747 659 ad
784 627 996 665 Corinthios,
1034 626 1089 657 vel
1124 638 1165 658 ex

162 674 358 707 Proverbiis
383 672 575 705 Salomonis
611 678 641 703 et
666 670 850 713 Syracide‚
886 678 919 702 et
951 681 1067 702 verum
1103 677 1165 705 851,

161 719 281 751 eodem
322 718 423 748 modo
465 715 584 748 Filium
620 716 783 746 nominari
818 726 921 756 posse
955 715 1166 756 sapientiam,

161 772 229 805 quo
266 762 354 802 λόγος
377 761 574 792 nominatur.
624 759 693 790 Sed
721 759 870 791 iuniores
895 759 1052 790 monendi
1078 765 1166 796 sunt,

160 817 229 838 non
253 804 320 837 1108
344 805 390 836 ita
415 803 647 845 accipiendum
671 813 765 840 esse,
785 804 880 844 quasi
907 802 1006 833 Pater
1030 813 1097 833 non
1123 802 1162 832 sit

160 850 299 892 sapiens
322 848 456 891 propria
483 848 664 888 sapientia,
681 846 685 850 ’
700 847 761 878 sed
786 853 819 877 ut
845 856 1014 888 personae
1039 846 1166 876 discer-

160 900 299 932 nantur,
334 893 489 924 Sciamus
516 892 649 922 l'atrem
675 900 753 922 esse
773 901 953 931 personam
978 888 1165 930 intelligen-

161 944 226 969 tem
251 937 389 979 propria
413 933 653 972 intellectione,
679 941 711 965 ct
736 933 854 966 Filium
880 944 958 965 esse
984 934 1165 974 personam

159 979 403 1023 intelligentem
438 979 576 1021 propria
607 977 846 1009 intellectione.
905 977 1018 1019 Magis
1054 983 1165 1006 autem

158 1025 376 1068 perspicuum
400 1029 464 1061 est,
488 1033 564 1054 cum
587 1023 777 1053 nominatur
801 1022 969 1055 ΛΟΓΟΣ,
998 1020 1166 1062 quomodo

159 1069 248 1101 enim
273 1068 398 1100 diceret
413 1066 514 1098 Pater
533 1073 565 1097 et
591 1067 744 1108 gigneret
763 1066 863 1105 Myer,
888 1066 951 1096 nisi
977 1065 1049 1106 ipsc
1075 1071 1166 1094 esset

160 1112 320 1155 quiddam
343 1110 539 1153 intelligens
564 1117 595 1141 et
620 1111 775 1152 cogitans
786 1111 801 1140 ’ἐ
826 1110 910 1140 Cum
935 1109 1037 1149 igitur
1061 1106 1165 1138 Filius

159 1156 351 1188 nominatur
375 1155 539 1196 sapientia
552 1153 676 1191 Patris,
702 1151 910 1195 intelligatur
934 1151 999 1182 boc
1020 1152 1166 1182 vocabu-

158 1198 228 1232 lum
264 1199 306 1230 de
330 1198 503 1239 Sapientia
538 1198 653 1238 genita
688 1207 749 1227 seu
781 1197 869 1227 dicta
894 1206 981 1237 quae
1005 1201 1057 1226 est
1081 1194 1167 1233 λόγος

159 1249 193 1276 et
223 1242 335 1274 lumen
371 1242 413 1273 de
436 1240 579 1278 lumine,
605 1239 732 1271 Paulus
756 1238 903 1281 loquitur
927 1240 968 1269 de
993 1238 1166 1279 Sapientia

159 1292 193 1318 et
215 1286 365 1329 potentia
395 1282 567 1326 patefacta
591 1284 623 1314 in
649 1282 852 1314 collectione
876 1280 1072 1319 Ecclesiae,
1108 1292 1165 1312 an-

157 1335 213 1362 tea
238 1331 325 1361 enim
349 1329 447 1359 dixit:
482 1327 554 1358 Nos
580 1327 814 1368 praedicamus
840 1324 1008 1356 Christum
1035 1325 1166 1356 crucifi-

156 1384 252 1407 xum,
288 1382 387 1414 quem
412 1370 525 1402 ludaei
550 1371 695 1400 iudicant
717 1379 796 1400 esse
821 1366 1003 1407 σκάνδαλον,
1041 1368 1164 1399 (ii-aeci

157 1415 343 1453 stultitiam,
367 1414 505 1456 opponit
531 1414 631 1453 igitur
643 1411 836 1447 antithesin,
863 1413 926 1443 imo
953 1423 1019 1443 non
1041 1418 1090 1442 est
1107 1413 1163 1442 im-

155 1465 288 1503 postor,
307 1458 379 1490 Nec
393 1456 614 1499 Evangelium
639 1462 690 1487 est
715 1455 816 1487 stulta
841 1454 968 1494 sabula,
992 1454 1162 1487 581101111-

156 1509 230 1536 stus
255 1508 307 1535 est
330 1511 491 1543 persona,
515 1511 576 1542 per
601 1510 700 1542 quam
715 1499 809 1531 Deus
835 1505 885 1530 est
911 1500 1046 1537 eflicax,
1068 1497 1163 1529 colli-

157 1548 204 1591 git
227 1553 260 1578 et
284 1545 397 1578 salvat
420 1543 622 1583 Ecclesiam,
652 1545 831 1575 resuscitat
856 1550 1019 1581 mortuos,
1044 1543 1089 1574 ita
1113 1541 1162 1572 10-

156 1591 269 1634 quitur
304 1590 346 1621 de
379 1589 529 1631 potentia
565 1598 653 1630 quae
687 1588 801 1629 patetit
825 1588 856 1619 in
882 1586 1056 1625 Ecclesia,
1092 1597 1161 1616 non

155 1634 222 1667 1108
256 1633 327 1666 vult
353 1634 488 1665 Patrem
524 1643 603 1664 esse
627 1629 841 1668 imbecillem,
877 1637 909 1662 et
935 1638 1062 1662 tantum
1088 1630 1162 1660 l³izii

154 1679 307 1722 potentia
330 1682 500 1719 potentem
521 1686 610 1707 esse.
658 1675 718 1706 Sic
749 1674 897 1716 loquitur
925 1675 967 1705 dc
997 1674 1161 1715 sapientia

156 1720 328 1765 patefacta
351 1721 383 1752 111
397 1718 567 1758 Ecclesia,
593 1718 749 1751 Christus
773 1726 823 1749 est
838 1718 902 1749 Dei
927 1718 1104 1760 sapic-ntia,
1130 1718 1161 1748 id

1306 219 1431 251 Facilis
1455 226 1507 251 est
1531 220 1727 261 responsio:
1763 219 1815 251 Ex
1837 220 1930 261 puris
1954 219 2216 262 particularibus

1219 273 1287 294 non
1306 273 1451 294 necesse
1482 269 1534 294 est
1558 265 1655 306 sequi
1684 262 1957 302 conclusionem,
1992 265 2070 306 quia
2099 275 2217 296 verum

1219 313 1284 344 est,
1318 305 1465 347 aliquam
1500 308 1684 348 potentiam
1707 307 1770 339 Dei
1799 306 1912 349 aliquo
1936 308 2037 339 modo
2062 317 2140 339 8558
2158 317 2218 339 no·

1219 356 1287 380 tam
1311 351 1480 391 gentibus,
1505 349 1633 381 scilicet
1661 350 1875 382 essentialem
1888 351 2083 392 potentiam,
2108 356 2219 382 osten-

1218 403 1291 424 sam
1328 394 1360 424 in
1396 394 1580 430 creatione,
1613 395 1709 425 euius
1744 404 1828 435 opus
1853 395 2012 425 cernitur.
2060 394 2218 426 Christus

1219 442 1271 467 est
1290 435 1356 467 alia
1379 438 1539 477 potentia,
1564 435 1704 468 scilicet.
1729 436 1939 478 personalis,
1974 437 2039 469 hoc
2064 443 2137 476 est,
2167 443 2220 468 est

1218 490 1382 521 persona,
1418 490 1479 521 per
1509 490 1607 521 quam
1635 480 1727 512 Deus
1763 488 1884 522 potens
1909 487 1961 512 est
1984 482 2015 512 in
2041 480 2220 512 Ecclesiae

1218 522 1415 555 salvatione.
1463 524 1522 554 Sic
1547 524 1692 555 breviter
1715 525 1913 566 responderi
1936 531 2049 566 potest
2070 525 2113 556 ad
2136 524 2218 556 alte-

1218 578 1292 598 rum
1307 574 1559 609 argumentum.

1217 657 1309 697 Lex
1342 664 1405 697 est
1437 657 1636 712 sapientia
1669 656 1759 709 Dei,
1795 665 1835 697 et
1870 665 1931 697 est
1962 665 2060 699 nota
2083 658 2218 713 genti-

1280 718 1367 758 bus.

1220 778 1406 819 Christus
1440 786 1502 819 est
1535 779 1732 834 sapientia
1766 779 1858 830 Dei,

1218 840 1326 895 Ergo
1361 839 1548 880 Christus
1582 849 1643 880 cst
1676 847 1798 880 notus
1830 840 2034 894 gentibus.

1307 940 1527 982 Respondent
1552 952 1593 972 ex
1613 941 1706 982 puris
1731 941 1988 983 particularibus
2013 951 2079 972 non
2104 950 2221 972 neces-

1220 994 1258 1015 se
1284 991 1333 1016 cst
1359 986 1453 1027 sequi
1475 983 1739 1016 conclus-ionem.
1787 984 1859 1016 Etsi
1884 986 1970 1016 enim
1995 984 2067 1015 Lex
2093 991 2142 1016 est
2168 994 2221 1016 sa-

1220 1029 1345 1070 pientia
1365 1028 1441 1067 Dei,
1467 1035 1577 1060 tamen
1603 1039 1669 1060 non
1694 1034 1745 1060 est
1775 1029 1934 1060 universa
1959 1029 2125 1070 sapientia
2145 1028 2220 1059 Dei.

1221 1071 1378 1103 Christus
1404 1078 1515 1104 autem
1541 1072 1730 1114 personalis
1756 1073 1918 1114 sapientia
1943 1079 2012 1110 est,
2037 1083 2097 1114 per
2121 1082 2221 1114 quam

1218 1116 1331 1157 patefit
1346 1114 1578 1158 Evangelium,
1603 1117 1692 1157 quod
1717 1123 1764 1147 cst
1791 1115 1854 1147 alia
1879 1117 2055 1158 sapientia,
2079 1126 2146 1147 non
2170 1122 2222 1148 est

1221 1170 1286 1190 vox
1312 1158 1426 1201 Legis,
1451 1168 1483 1191 ut
1510 1170 1576 1190 non
1601 1161 1902 1201 sequitui-‚tientes
1926 1166 2050 1191 norunt
2077 1159 2221 1202 aliquam

1220 1204 1419 1243 sapientiam
1454 1202 1530 1241 Dei,
1567 1203 1720 1235 videlicet
1759 1214 1934 1243 numeros,
1967 1203 2061 1247 Ergo
2097 1209 2221 1236 nomnt

1219 1247 1412 1278 universam
1435 1247 1635 1288 sapientiam
1659 1247 1735 1279 Dei.

1574 1410 1859 1444 TESTIMONIA.

1306 1539 1537 1573 Consideratis
1561 1541 1857 1584 appellationibus,
1882 1549 1912 1573 et
1933 1542 2217 1585 descriptionibus

1215 1586 1313 1616 trium
1338 1595 1573 1626 personarum,
1598 1585 1801 1627 colligantur
1826 1584 1967 1618 illustria
1992 1593 2023 1618 et
2049 1586 2145 1618 1111113
2169 1594 2217 1619 te·

1216 1629 1385 1668 stimonia,
1409 1630 1441 1660 in
1466 1630 1589 1671 quibus
1602 1629 1698 1661 Deus
1723 1629 1810 1661 lianc
1835 1630 2020 1662 doctrinam
2045 1630 2216 1672 patefecit,

1215 1682 1357 1704 necesse
1390 1680 1440 1703 est
1473 1674 1559 1704 enim
1589 1674 1630 1704 de
1653 1673 1716 1705 Dei
1748 1674 1896 1705 essentia
1921 1681 1952 1706 et
1975 1673 2148 1706 voluntate
2167 1676 2218 1707 sic

1214 1717 1351 1754 sentire,
1375 1717 1461 1747 sicut
1486 1727 1524 1747 se
1549 1717 1644 1748 Deus
1667 1716 1837 1759 patefecit,
1862 1725 1897 1749 ut
1921 1718 2169 1750 diciturlohan.
2187 1719 2215 1751 l.

156 1771 220 1804 est,
245 1775 411 1806 persona,
440 1765 501 1805 pe'r
521 1774 620 1805 quam
644 1763 742 1794 nobis
767 1761 867 1794 Pater
890 1761 979 1793 hanc
1002 1772 1161 1793 arcanam
1186 1772 1189 1812 Ι
1214 1759 1323 1791 Deum
1359 1771 1456 1791 nemo
1492 1761 1571 1791 vidit
1597 1771 1761 1803 unquam,
1798 1760 1903 1793 Filius
1929 1763 1984 1804 qui
2009 1768 2059 1793 est
2083 1763 2116 1794 in
2141 1763 2217 1794 sinu

154 1809 355 1851 sapientiam
379 1805 552 1850 patefacit,
578 1807 667 1848 quod
692 1805 769 1845 hoc,
794 1807 893 1837 modo
918 1803 999 1837 velit
1019 1816 1081 1836 nos
1094 1803 1160 1836 sal-

294 1852 351 1883 Sic
385 1851 474 1892 apud
500 1850 634 1881 Esaiam
670 1851 860 1882 nominatur
894 1849 982 1881 filius
1005 1848 1160 1880 Mthft-

153 1896 251 1934 CUS,
286 1896 318 1926 id
344 1901 410 1934 est,
446 1892 608 1925 mirabilia
634 1893 803 1932 efficiens,
839 1893 1007 1936 colligens
1033 1900 1063 1924 et
1089 1903 1159 1924 ser-

152 1951 240 1972 vans
260 1938 468 1977 Ecclesiam,
502 1939 712 1969 resuscitans
737 1944 907 1969 mortuos:
934 1936 1158 1969 CONStLtA-

151 1983 275 2022 RlUS‚
310 1983 388 2025 quia
413 1982 514 2014 Pater
537 1992 598 2023 per
622 1993 695 2013 eum
721 1982 800 2013 dicit
824 1982 996 2013 decretum
1021 1981 1062 2012 de
1086 1987 1156 2012 toto

153 2028 271 2060 ordine
295 2027 477 2058 creationis
502 2032 535 2058 et
555 2026 792 2067 reparationis,
828 2032 858 2057 et
883 2032 1000 2067 postea
1026 2024 1082 2056 hic
1107 2024 1158 2056 Fi-

151 2070 217 2104 lius
252 2076 389 2103 enarrat
419 2070 521 2102 nobis
553 2069 619 2101 1108
653 2080 814 2101 arcanum
839 2069 1017 2101 consilinm
1042 2069 1083 2100 de
1106 2079 1157 2100 18-

151 2114 400 2147 conciliatione.
447 2114 482 2145 111
510 2113 705 2145 Proverbiis
731 2115 840 2156 capite
864 2113 902 2148 S,
926 2119 957 2144 et
985 2113 1155 2154 deinceps,

150 2158 263 2203 placet
298 2158 378 2190 1111111
412 2156 553 2200 intelligi
578 2158 775 2199 sapientiam
801 2159 908 2199 ipsum
940 2155 1056 2188 filium
1080 2156 1157 2195 Dei,

152 2204 214 2235 sed
237 2204 280 2234 ab
304 2203 396 2234 initio
421 2202 678 2233 concionantem
704 2202 735 2233 in
761 2201 928 2239 Ecclesia,
954 2199 1157 2243 patefacien-

152 2247 380 2279 tem.decreta
404 2245 485 2283 Dei,
521 2245 648 2287 Legem
672 2252 705 2276 et
728 2244 963 2289 Evangelium,
989 2244 1084 2276 Sicut
1108 2246 1156 2276 in·

151 2291 237 2334 quit:
285 2290 314 2321 Ο
346 2289 404 2321 filii
429 2290 471 2321 ad
496 2300 560 2321 vos
585 2288 705 2321 clamo.
753 2289 950 2332 Congruent
974 2290 1075 2331 igitur
1099 2300 1156 2330 ap·

150 2333 353 2377 pellationes
372 2333 458 2373 λόγος
482 2339 515 2364 ct
534 2333 698 2374 sapientia
712 2333 754 2364 (18
773 2344 920 2376 persona
933 2332 1155 2375 patefaciente

151 2377 362 2411 voluntatem
386 2376 463 2416 Dei,
485 2383 516 2409 et
540 2376 741 2419 explicanda
765 2384 845 2410 sunt
868 2384 1076 2421 argumenta.

150 2495 344 2537 Potentia
377 2494 457 2534 Dei
500 2500 564 2534 est
600 2500 700 2534 nota
732 2494 926 2550 gentibus
959 2494 1077 2535 Rom.
1118 2497 1151 2535 1.

152 2555 340 2598 Christus
373 2562 436 2596 est
466 2556 652 2611 potentia
684 2555 764 2596 Dei
803 2559 836 2597 1.
871 2555 963 2596 Cor.
1004 2559 1036 2597 1.

151 2616 260 2673 Ergo
295 2617 480 2659 Christus
513 2623 577 2658 est:
607 2623 729 2658 notus
761 2617 965 2672 gentibus.

1214 1803 1337 1842 Patris,
1363 1805 1436 1845 ipse
1461 1806 1631 1836 enarravit
1656 1806 1764 1837 nobis.
1801 1805 1843 1837 Et
1867 1806 1908 1836 de
1931 1805 2014 1837 Filio
2035 1805 2215 1848 inquitPa-

1213 1854 1281 1879 ter:
1314 1847 1411 1879 Hunc
1431 1849 1544 1879 audite
1567 1849 1815 1880 invocationem
1841 1856 1973 1890 oportet
1997 1851 2054 1881 niti
2079 1849 2215 1882 illustri-

1212 1892 1275 1923 bus
1301 1892 1398 1922 dictis
1422 1903 1441 1923 a
1467 1892 1540 1923 Deo
1565 1893 1694 1924 traditis
1718 1904 1777 1934 per
1797 1892 1933 1932 filium,
1968 1892 2157 1935 Prophetas
2182 1900 2216 1926 et

1211 1935 1415 1976 Apostolos,
1439 1936 1515 1967 ideo
1540 1944 1619 1967 nota
1643 1938 1706 1967 sint
1733 1937 1827 1968 firma
1852 1938 2057 1976 testimonia,
2092 1938 2215 1970 tradita

1211 1980 1243 2010 111
1267 1980 1401 2021 scriptis
1427 1978 1638 2020 l'ropheticis
1663 1986 1694 2012 et
1718 1979 1937 2022 Apostolicis.
1990 1981 2085 2013 Haec
2109 1982 2142 2012 in
2166 1982 2214 2013 in—

1211 2024 1391 2054 vocatione
1414 2024 1613 2063 iutueamur,
1639 2030 1675 2055 ut
1693 2035 1808 2056 verum
1833 2024 1953 2060 Deum,
1978 2026 2034 2067 qui
2058 2035 2098 2056 se
2121 2031 2213 2066 pate-

1210 2065 1287 2098 fecit
1312 2068 1345 2098 in
1369 2066 1422 2097 1115
1459 2068 1574 2106 (118115,
1609 2067 1839 2110 alloquamur,
1875 2068 1965 2109 quod
1988 2078 2072 2100 vero
2097 2074 2129 2100 et
2148 2068 2212 2101 Ec-

1211 2109 1339 2142 clesiae
1365 2111 1489 2142 veteris
1515 2111 1752 2143 confessiones
1776 2112 1975 2151 recitamus,
1999 2122 2040 2143 eo
2065 2112 2119 2152 fit,
2143 2123 2212 2144 non

1210 2155 1301 2196 quod
1335 2155 1504 2186 1111083110
1529 2156 1653 2187 nitatur
1683 2156 1860 2187 autoritate
1884 2155 2117 2198 Synodorum,
2153 2163 2211 2188 aut

1209 2199 1420 2240 Scriptorum
1444 2205 1522 2240 post
1540 2198 1749 2241 Apostolos,
1784 2200 1851 2231 Sed
1876 2201 1954 2241 quia
1976 2199 2072 2231 Deus
2096 2200 2129 2231 in
2149 2199 2212 2232 Ec-

1209 2241 1313 2274 clesia
1347 2241 1454 2274 voluit
1488 2253 1566 2274 esse
1600 2244 1818 2275 ministerium
1843 2244 2006 2282 docendi,
2041 2254 2108 2286 quo
2138 2242 2212 2275 vult

1208 2297 1272 2318 nos
1297 2287 1418 2318 deduci
1441 2287 1485 2318 ad
1510 2287 1635 2325 sonteS,
1660 2288 1702 2319 ad
1727 2286 1929 2328 Prophetica
1953 2293 1986 2319 et
2008 2287 2210 2328 Apostolica

1209 2331 1411 2367 testimonia,
1435 2337 1467 2362 et
1490 2331 1534 2362 ibi
1558 2332 1655 2373 quasi
1679 2332 1790 2373 capita
1815 2331 1988 2362 (1081111138
2002 2331 2153 2370 indicari,
2173 2336 2209 2362 ut

1210 2373 1465 2406 commonefacti
1499 2385 1727 2417 agnoscamus
1763 2375 1875 2406 divina
1908 2375 2110 2406 testimonia.
2166 2374 2209 2407 Et

1208 2417 1309 2449 Fides
1344 2429 1385 2450 ac
1409 2419 1578 2450 Invocatio
1613 2420 1760 2450 nitantur
1794 2419 1974 2460 perspicuo
2000 2419 2106 2450 verbo
2129 2417 2208 2458 Dei,

1207 2462 1295 2493 sicut
1319 2463 1480 2504 scriptum
1501 2468 1568 2494 est:
1600 2463 1673 2494 Nisi
1702 2463 1865 2494 arassetis
1889 2472 1963 2494 mea
1988 2461 2110 2502 vitula,
2139 2472 2208 2494 non

1205 2506 1435 2538 invenissetis.
1480 2505 1522 2537 Et
1556 2506 1657 2538 Petro
1693 2507 1828 2538 dicitur:
1873 2505 1916 2537 Et
1946 2512 1982 2538 tu
2017 2516 2207 2538 conversus

1207 2550 1368 2581 confirma
1392 2549 1515 2581 fratres
1539 2556 1636 2589 tuos,
1660 2549 1731 2581 vult
1754 2549 1849 2581 Deus
1874 2555 1991 2581 extare
2015 2548 2204 2592 aliquorum

1207 2592 1468 2632 confessionem,
1492 2595 1613 2636 quibus
1638 2601 1668 2625 et
1692 2595 1766 2635 ipse
1788 2594 1979 2626 testimonia
2002 2595 2134 2634 tribuit,
2169 2599 2206 2626 ut

1205 2638 1305 2669 etiam
1327 2638 1395 2670 hoc
1416 2638 1517 2670 modo
1540 2636 1726 2670 imbecilles
1751 2637 2003 2671 confirmentur.
