<?xml version="1.0" encoding="UTF-8"?>
<!DOCTYPE html PUBLIC "-//W3C//DTD XHTML 1.0 Transitional//EN"
    "http://www.w3.org/TR/xhtml1/DTD/xhtml1-transitional.dtd">
<html xmlns="http://www.w3.org/1999/xhtml" xml:lang="en" lang="en">
 <head>
  <title>
</title>
<meta http-equiv="Content-Type" content="text/html;charset=utf-8" />
  <meta name='ocr-system' content='tesseract 3.04.00' />
  <meta name='ocr-capabilities' content='ocr_page ocr_carea ocr_par ocr_line ocrx_word'/>
</head>
<body>
  <div class='ocr_page' id='page_1' title='image "./operaquaesupersu23melauoft_0140.png"; bbox 0 0 2383 2990; ppageno 0'>
   <div class='ocr_carea' id='block_1_1' title="bbox 211 133 271 164">
    <p class='ocr_par' dir='ltr' id='par_1_1' title="bbox 211 133 271 164">
     <span class='ocr_line' id='line_1_1' title="bbox 211 133 271 164; baseline -0.017 0"><span class='ocrx_word' id='word_1_1' title='bbox 211 133 271 164; x_wconf 69' lang='lat'><strong>143</strong></span> 
     </span>
    </p>
   </div>
   <div class='ocr_carea' id='block_1_2' title="bbox 204 223 1188 868">
    <p class='ocr_par' dir='ltr' id='par_1_2' title="bbox 204 223 1188 868">
     <span class='ocr_line' id='line_1_2' title="bbox 1099 223 1184 260; baseline 0 -5"><span class='ocrx_word' id='word_1_2' title='bbox 1099 223 1184 260; x_wconf 87' lang='lat' dir='ltr'><strong>Quid</strong></span> 
     </span>
     <span class='ocr_line' id='line_1_3' title="bbox 207 267 1186 308; baseline -0.002 -8"><span class='ocrx_word' id='word_1_3' title='bbox 207 276 255 300; x_wconf 82' lang='lat' dir='ltr'><strong>est</strong></span> <span class='ocrx_word' id='word_1_4' title='bbox 280 269 420 300; x_wconf 65' lang='lat' dir='ltr'><strong>civitatis</strong></span> <span class='ocrx_word' id='word_1_5' title='bbox 445 267 550 299; x_wconf 83' lang='lat' dir='ltr'><strong>forma</strong></span> <span class='ocrx_word' id='word_1_6' title='bbox 574 268 763 304; x_wconf 75' lang='lat' dir='ltr'><strong>iucundius,</strong></span> <span class='ocrx_word' id='word_1_7' title='bbox 792 267 823 298; x_wconf 90' lang='lat' dir='ltr'><strong>in</strong></span> <span class='ocrx_word' id='word_1_8' title='bbox 856 278 918 308; x_wconf 84' lang='lat' dir='ltr'><strong>qua</strong></span> <span class='ocrx_word' id='word_1_9' title='bbox 949 273 1038 298; x_wconf 79' lang='lat' dir='ltr'><strong>recte</strong></span> <span class='ocrx_word' id='word_1_10' title='bbox 1063 268 1186 298; x_wconf 85' lang='lat' dir='ltr'><strong>consti-</strong></span> 
     </span>
     <span class='ocr_line' id='line_1_4' title="bbox 207 309 1183 351; baseline -0.003 -7"><span class='ocrx_word' id='word_1_11' title='bbox 207 319 295 344; x_wconf 78' lang='lat' dir='ltr'><strong>tutae</strong></span> <span class='ocrx_word' id='word_1_12' title='bbox 319 318 394 341; x_wconf 80' lang='lat' dir='ltr'><strong>snnt</strong></span> <span class='ocrx_word' id='word_1_13' title='bbox 420 310 610 348; x_wconf 71' lang='lat' dir='ltr'>Ecclesiae,</span> <span class='ocrx_word' id='word_1_14' title='bbox 635 311 848 351; x_wconf 74' lang='lat' dir='ltr'><strong>magistratus</strong></span> <span class='ocrx_word' id='word_1_15' title='bbox 880 316 1011 341; x_wconf 86' lang='lat' dir='ltr'><strong>tuentur</strong></span> <span class='ocrx_word' id='word_1_16' title='bbox 1040 309 1183 351; x_wconf 90' lang='lat' dir='ltr'><strong>discipli-</strong></span> 
     </span>
     <span class='ocr_line' id='line_1_5' title="bbox 205 353 1188 394; baseline -0.003 -8"><span class='ocrx_word' id='word_1_17' title='bbox 205 365 298 391; x_wconf 76' lang='lat' dir='ltr'><strong>nam,</strong></span> <span class='ocrx_word' id='word_1_18' title='bbox 330 355 420 385; x_wconf 76' lang='lat' dir='ltr'><strong>cives</strong></span> <span class='ocrx_word' id='word_1_19' title='bbox 452 354 696 394; x_wconf 81' lang='lat' dir='ltr'><strong>obtemperant,</strong></span> <span class='ocrx_word' id='word_1_20' title='bbox 728 359 803 384; x_wconf 88' lang='lat' dir='ltr'><strong>sunt</strong></span> <span class='ocrx_word' id='word_1_21' title='bbox 833 353 1036 390; x_wconf 82' lang='lat' dir='ltr'>concordes,</span> <span class='ocrx_word' id='word_1_22' title='bbox 1065 353 1188 384; x_wconf 79' lang='lat' dir='ltr'><strong>habent</strong></span> 
     </span>
     <span class='ocr_line' id='line_1_6' title="bbox 205 394 1186 436; baseline -0.001 -8"><span class='ocrx_word' id='word_1_23' title='bbox 205 407 287 430; x_wconf 88' lang='lat' dir='ltr'><strong>suos</strong></span> <span class='ocrx_word' id='word_1_24' title='bbox 312 404 427 427; x_wconf 83' lang='lat' dir='ltr'><strong>coetus</strong></span> <span class='ocrx_word' id='word_1_25' title='bbox 458 406 558 426; x_wconf 72' lang='lat' dir='ltr'><strong>verae</strong></span> <span class='ocrx_word' id='word_1_26' title='bbox 586 394 756 436; x_wconf 71' lang='lat' dir='ltr'>religionis</span> <span class='ocrx_word' id='word_1_27' title='bbox 786 402 818 426; x_wconf 89' lang='lat' dir='ltr'><strong>et</strong></span> <span class='ocrx_word' id='word_1_28' title='bbox 847 397 1042 427; x_wconf 85' lang='lat' dir='ltr'><strong>iudiciorum</strong></span> <span class='ocrx_word' id='word_1_29' title='bbox 1072 406 1186 434; x_wconf 85' lang='lat' dir='ltr'><strong>causa,</strong></span> 
     </span>
     <span class='ocr_line' id='line_1_7' title="bbox 205 437 1188 480; baseline -0.001 -9"><span class='ocrx_word' id='word_1_30' title='bbox 205 440 327 471; x_wconf 83' lang='lat' dir='ltr'><strong>habent</strong></span> <span class='ocrx_word' id='word_1_31' title='bbox 352 449 557 480; x_wconf 84' lang='lat' dir='ltr'><strong>congressus</strong></span> <span class='ocrx_word' id='word_1_32' title='bbox 582 438 838 469; x_wconf 84' lang='lat' dir='ltr'><strong>honestissimos</strong></span> <span class='ocrx_word' id='word_1_33' title='bbox 862 439 893 470; x_wconf 90' lang='lat' dir='ltr'><strong>in</strong></span> <span class='ocrx_word' id='word_1_34' title='bbox 917 437 1058 480; x_wconf 79' lang='lat' dir='ltr'><strong>templis,</strong></span> <span class='ocrx_word' id='word_1_35' title='bbox 1077 439 1108 469; x_wconf 91' lang='lat' dir='ltr'><strong>in</strong></span> <span class='ocrx_word' id='word_1_36' title='bbox 1134 450 1188 470; x_wconf 93' lang='lat' dir='ltr'><strong>cu-</strong></span> 
     </span>
     <span class='ocr_line' id='line_1_8' title="bbox 205 480 1187 523; baseline -0.001 -9"><span class='ocrx_word' id='word_1_37' title='bbox 205 484 270 516; x_wconf 80' lang='lat' dir='ltr'><strong>ria.</strong></span> <span class='ocrx_word' id='word_1_38' title='bbox 300 484 332 513; x_wconf 91' lang='lat' dir='ltr'><strong>in</strong></span> <span class='ocrx_word' id='word_1_39' title='bbox 361 480 503 518; x_wconf 68' lang='grc'><strong>56110115,</strong></span> <span class='ocrx_word' id='word_1_40' title='bbox 539 481 651 512; x_wconf 81' lang='lat' dir='ltr'><strong>colunt</strong></span> <span class='ocrx_word' id='word_1_41' title='bbox 683 482 792 513; x_wconf 83' lang='lat' dir='ltr'><strong>studia</strong></span> <span class='ocrx_word' id='word_1_42' title='bbox 816 481 1002 519; x_wconf 87' lang='lat' dir='ltr'><strong>literarum,</strong></span> <span class='ocrx_word' id='word_1_43' title='bbox 1027 488 1187 523; x_wconf 86' lang='lat' dir='ltr'><strong>quaerunt</strong></span> 
     </span>
     <span class='ocr_line' id='line_1_9' title="bbox 205 524 1186 566; baseline 0 -10"><span class='ocrx_word' id='word_1_44' title='bbox 205 526 326 556; x_wconf 66' lang='lat' dir='ltr'><strong>victum</strong></span> <span class='ocrx_word' id='word_1_45' title='bbox 349 524 497 556; x_wconf 72' lang='lat' dir='ltr'><strong>honestis</strong></span> <span class='ocrx_word' id='word_1_46' title='bbox 533 526 678 562; x_wconf 87' lang='lat' dir='ltr'><strong>artibus,</strong></span> <span class='ocrx_word' id='word_1_47' title='bbox 713 526 831 566; x_wconf 87' lang='lat' dir='ltr'><strong>quibus</strong></span> <span class='ocrx_word' id='word_1_48' title='bbox 862 526 929 556; x_wconf 83' lang='lat' dir='ltr'><strong>vita</strong></span> <span class='ocrx_word' id='word_1_49' title='bbox 960 535 1044 566; x_wconf 83' lang='lat' dir='ltr'><strong>opus</strong></span> <span class='ocrx_word' id='word_1_50' title='bbox 1075 526 1186 563; x_wconf 77' lang='lat' dir='ltr'><strong>habet,</strong></span> 
     </span>
     <span class='ocr_line' id='line_1_10' title="bbox 205 567 1186 609; baseline 0 -10"><span class='ocrx_word' id='word_1_51' title='bbox 205 567 333 600; x_wconf 66' lang='lat' dir='ltr'><strong>cultura</strong></span> <span class='ocrx_word' id='word_1_52' title='bbox 364 578 538 609; x_wconf 85' lang='lat' dir='ltr'><strong>agrorum,</strong></span> <span class='ocrx_word' id='word_1_53' title='bbox 574 574 777 605; x_wconf 85' lang='lat' dir='ltr'><strong>mercatura,</strong></span> <span class='ocrx_word' id='word_1_54' title='bbox 807 568 964 609; x_wconf 83' lang='lat' dir='ltr'><strong>opificiis,</strong></span> <span class='ocrx_word' id='word_1_55' title='bbox 998 568 1186 606; x_wconf 79' lang='lat' dir='ltr'><strong>aedificant,</strong></span> 
     </span>
     <span class='ocr_line' id='line_1_11' title="bbox 205 610 1187 642; baseline 0 -1"><span class='ocrx_word' id='word_1_56' title='bbox 205 613 350 642; x_wconf 76' lang='lat' dir='ltr'><strong>muniunt</strong></span> <span class='ocrx_word' id='word_1_57' title='bbox 394 612 494 642; x_wconf 80' lang='lat' dir='ltr'><strong>urbes</strong></span> <span class='ocrx_word' id='word_1_58' title='bbox 540 612 704 642; x_wconf 73' lang='lat' dir='ltr'><strong>adversus</strong></span> <span class='ocrx_word' id='word_1_59' title='bbox 750 610 935 642; x_wconf 86' lang='lat' dir='ltr'><strong>latrocinia.</strong></span> <span class='ocrx_word' id='word_1_60' title='bbox 987 611 1027 641; x_wconf 87' lang='lat' dir='ltr'><strong>Et</strong></span> <span class='ocrx_word' id='word_1_61' title='bbox 1069 612 1187 642; x_wconf 81' lang='lat' dir='ltr'><strong>civium</strong></span> 
     </span>
     <span class='ocr_line' id='line_1_12' title="bbox 204 653 1188 694; baseline 0 -10"><span class='ocrx_word' id='word_1_62' title='bbox 204 655 345 685; x_wconf 89' lang='lat' dir='ltr'><strong>omnium</strong></span> <span class='ocrx_word' id='word_1_63' title='bbox 370 653 559 685; x_wconf 78' lang='lat' dir='ltr'><strong>voluntates</strong></span> <span class='ocrx_word' id='word_1_64' title='bbox 582 660 731 694; x_wconf 85' lang='lat' dir='ltr'><strong>spectant</strong></span> <span class='ocrx_word' id='word_1_65' title='bbox 756 655 796 684; x_wconf 88' lang='lat' dir='ltr'><strong>ad</strong></span> <span class='ocrx_word' id='word_1_66' title='bbox 828 655 917 685; x_wconf 89' lang='lat' dir='ltr'><strong>hunc</strong></span> <span class='ocrx_word' id='word_1_67' title='bbox 939 653 1056 691; x_wconf 85' lang='lat' dir='ltr'><strong>finem,</strong></span> <span class='ocrx_word' id='word_1_68' title='bbox 1091 661 1125 684; x_wconf 87' lang='lat' dir='ltr'><strong>ut</strong></span> <span class='ocrx_word' id='word_1_69' title='bbox 1156 655 1188 684; x_wconf 83' lang='lat' dir='ltr'><strong>in</strong></span> 
     </span>
     <span class='ocr_line' id='line_1_13' title="bbox 204 695 1188 735; baseline 0.001 -8"><span class='ocrx_word' id='word_1_70' title='bbox 204 697 268 727; x_wconf 85' lang='lat' dir='ltr'><strong>hac</strong></span> <span class='ocrx_word' id='word_1_71' title='bbox 291 699 452 728; x_wconf 75' lang='lat' dir='ltr'><strong>societate</strong></span> <span class='ocrx_word' id='word_1_72' title='bbox 476 705 566 728; x_wconf 90' lang='lat' dir='ltr'><strong>recte</strong></span> <span class='ocrx_word' id='word_1_73' title='bbox 590 695 719 728; x_wconf 79' lang='lat' dir='ltr'><strong>colatur</strong></span> <span class='ocrx_word' id='word_1_74' title='bbox 748 697 857 735; x_wconf 82' lang='lat' dir='ltr'><strong>Deus,</strong></span> <span class='ocrx_word' id='word_1_75' title='bbox 886 703 917 727; x_wconf 87' lang='lat' dir='ltr'><strong>et</strong></span> <span class='ocrx_word' id='word_1_76' title='bbox 950 697 1025 728; x_wconf 91' lang='lat' dir='ltr'><strong>Deo</strong></span> <span class='ocrx_word' id='word_1_77' title='bbox 1056 697 1188 728; x_wconf 87' lang='lat' dir='ltr'><strong>obedia-</strong></span> 
     </span>
     <span class='ocr_line' id='line_1_14' title="bbox 205 739 1188 781; baseline 0 -11"><span class='ocrx_word' id='word_1_78' title='bbox 205 746 269 778; x_wconf 87' lang='lat' dir='ltr'><strong>tur,</strong></span> <span class='ocrx_word' id='word_1_79' title='bbox 284 746 419 781; x_wconf 79' lang='lat' dir='ltr'><strong>propter</strong></span> <span class='ocrx_word' id='word_1_80' title='bbox 430 739 517 771; x_wconf 88' lang='lat' dir='ltr'><strong>hanc</strong></span> <span class='ocrx_word' id='word_1_81' title='bbox 531 750 666 771; x_wconf 81' lang='lat' dir='ltr'><strong>causam</strong></span> <span class='ocrx_word' id='word_1_82' title='bbox 681 740 859 771; x_wconf 78' lang='lat' dir='ltr'><strong>defendunt</strong></span> <span class='ocrx_word' id='word_1_83' title='bbox 872 740 1009 781; x_wconf 85' lang='lat' dir='ltr'><strong>patriam</strong></span> <span class='ocrx_word' id='word_1_84' title='bbox 1023 741 1188 771; x_wconf 79' lang='lat' dir='ltr'><strong>communi</strong></span> 
     </span>
     <span class='ocr_line' id='line_1_15' title="bbox 206 782 1188 824; baseline 0 -11"><span class='ocrx_word' id='word_1_85' title='bbox 206 784 315 813; x_wconf 88' lang='lat' dir='ltr'><strong>animo</strong></span> <span class='ocrx_word' id='word_1_86' title='bbox 351 790 383 813; x_wconf 85' lang='lat' dir='ltr'><strong>et</strong></span> <span class='ocrx_word' id='word_1_87' title='bbox 418 782 569 814; x_wconf 81' lang='lat' dir='ltr'><strong>consilio.</strong></span> <span class='ocrx_word' id='word_1_88' title='bbox 616 783 712 818; x_wconf 80' lang='lat' dir='ltr'><strong>Quod</strong></span> <span class='ocrx_word' id='word_1_89' title='bbox 748 782 975 824; x_wconf 85' lang='lat' dir='ltr'><strong>spectaculum</strong></span> <span class='ocrx_word' id='word_1_90' title='bbox 1015 783 1188 814; x_wconf 81' lang='lat' dir='ltr'><strong>iucundius</strong></span> 
     </span>
     <span class='ocr_line' id='line_1_16' title="bbox 205 824 722 868; baseline -0.002 -11"><span class='ocrx_word' id='word_1_91' title='bbox 205 824 270 857; x_wconf 87' lang='lat' dir='ltr'><strong>hoc</strong></span> <span class='ocrx_word' id='word_1_92' title='bbox 295 826 409 857; x_wconf 81' lang='lat' dir='ltr'><strong>ordine</strong></span> <span class='ocrx_word' id='word_1_93' title='bbox 434 827 572 867; x_wconf 87' lang='lat' dir='ltr'><strong>cogitari</strong></span> <span class='ocrx_word' id='word_1_94' title='bbox 590 826 722 868; x_wconf 65' lang='lat' dir='ltr'><strong>potest?</strong></span> 
     </span>
    </p>
   </div>
   <div class='ocr_carea' id='block_1_3' title="bbox 207 223 1053 258">
    <p class='ocr_par' dir='ltr' id='par_1_3' title="bbox 207 223 1053 258">
     <span class='ocr_line' id='line_1_17' title="bbox 207 223 1053 258; baseline -0.002 -1"><span class='ocrx_word' id='word_1_95' title='bbox 207 235 237 257; x_wconf 81' lang='lat' dir='ltr'><strong>et</strong></span> <span class='ocrx_word' id='word_1_96' title='bbox 264 226 455 258; x_wconf 80' lang='lat' dir='ltr'><strong>conservari</strong></span> <span class='ocrx_word' id='word_1_97' title='bbox 480 224 542 256; x_wconf 93' lang='lat' dir='ltr'><strong>Dei</strong></span> <span class='ocrx_word' id='word_1_98' title='bbox 571 225 718 255; x_wconf 75' lang='lat' dir='ltr'><strong>notitiam</strong></span> <span class='ocrx_word' id='word_1_99' title='bbox 743 230 774 255; x_wconf 90' lang='lat' dir='ltr'><strong>et</strong></span> <span class='ocrx_word' id='word_1_100' title='bbox 798 234 897 255; x_wconf 87' lang='lat' dir='ltr'><strong>veros</strong></span> <span class='ocrx_word' id='word_1_101' title='bbox 921 223 1053 256; x_wconf 74' lang='lat' dir='ltr'><strong>cultus?</strong></span> 
     </span>
    </p>
   </div>
   <div class='ocr_carea' id='block_1_4' title="bbox 203 893 1188 1236">
    <p class='ocr_par' dir='ltr' id='par_1_4' title="bbox 203 893 1188 1236">
     <span class='ocr_line' id='line_1_18' title="bbox 292 893 1187 926; baseline 0 -1"><span class='ocrx_word' id='word_1_102' title='bbox 292 894 356 926; x_wconf 82' lang='lat' dir='ltr'><strong>Sed</strong></span> <span class='ocrx_word' id='word_1_103' title='bbox 386 895 556 925; x_wconf 86' lang='lat' dir='ltr'><strong>incurrunt</strong></span> <span class='ocrx_word' id='word_1_104' title='bbox 587 895 618 924; x_wconf 91' lang='lat' dir='ltr'><strong>in</strong></span> <span class='ocrx_word' id='word_1_105' title='bbox 650 893 767 925; x_wconf 89' lang='grc'><strong>060165</strong></span> <span class='ocrx_word' id='word_1_106' title='bbox 797 894 873 925; x_wconf 77' lang='lat' dir='ltr'><strong>vitia</strong></span> <span class='ocrx_word' id='word_1_107' title='bbox 909 900 940 924; x_wconf 88' lang='lat' dir='ltr'><strong>et</strong></span> <span class='ocrx_word' id='word_1_108' title='bbox 972 893 1187 925; x_wconf 76' lang='lat' dir='ltr'><strong>confusiones</strong></span> 
     </span>
     <span class='ocr_line' id='line_1_19' title="bbox 205 936 1187 978; baseline -0.001 -10"><span class='ocrx_word' id='word_1_109' title='bbox 205 938 470 969; x_wconf 80' lang='lat' dir='ltr'><strong>oeconoiniarum</strong></span> <span class='ocrx_word' id='word_1_110' title='bbox 495 944 525 968; x_wconf 87' lang='lat' dir='ltr'><strong>et</strong></span> <span class='ocrx_word' id='word_1_111' title='bbox 551 936 754 978; x_wconf 75' lang='lat' dir='ltr'><strong>politiarutn,</strong></span> <span class='ocrx_word' id='word_1_112' title='bbox 778 937 982 968; x_wconf 84' lang='lat' dir='ltr'><strong>contumacia</strong></span> <span class='ocrx_word' id='word_1_113' title='bbox 1008 936 1187 967; x_wconf 88' lang='lat' dir='ltr'><strong>liberorum</strong></span> 
     </span>
     <span class='ocr_line' id='line_1_20' title="bbox 204 980 1188 1021; baseline -0.002 -9"><span class='ocrx_word' id='word_1_114' title='bbox 204 982 366 1012; x_wconf 63' lang='grc'><strong>3111615115</strong></span> <span class='ocrx_word' id='word_1_115' title='bbox 390 986 556 1021; x_wconf 63' lang='lat' dir='ltr'><strong>parentes,</strong></span> <span class='ocrx_word' id='word_1_116' title='bbox 583 981 761 1021; x_wconf 84' lang='lat' dir='ltr'><strong>coniugum</strong></span> <span class='ocrx_word' id='word_1_117' title='bbox 784 981 982 1010; x_wconf 77' lang='lat' dir='ltr'><strong>discordiae.</strong></span> <span class='ocrx_word' id='word_1_118' title='bbox 1012 980 1053 1011; x_wconf 81' lang='lat' dir='ltr'><strong>Et</strong></span> <span class='ocrx_word' id='word_1_119' title='bbox 1076 981 1106 1010; x_wconf 91' lang='lat' dir='ltr'><strong>in</strong></span> <span class='ocrx_word' id='word_1_120' title='bbox 1130 981 1188 1011; x_wconf 83' lang='lat' dir='ltr'><strong>im-</strong></span> 
     </span>
     <span class='ocr_line' id='line_1_21' title="bbox 204 1022 1188 1065; baseline -0.002 -10"><span class='ocrx_word' id='word_1_121' title='bbox 204 1025 304 1064; x_wconf 66' lang='lat' dir='ltr'><strong>periis</strong></span> <span class='ocrx_word' id='word_1_122' title='bbox 328 1024 521 1065; x_wconf 45' lang='lat' dir='ltr'><strong>tyanam-&lt;s</strong></span> <span class='ocrx_word' id='word_1_123' title='bbox 538 1024 757 1064; x_wconf 72' lang='lat' dir='ltr'><strong>superiorum,</strong></span> <span class='ocrx_word' id='word_1_124' title='bbox 780 1023 1021 1064; x_wconf 66' lang='lat' dir='ltr'><strong>negotiatorum</strong></span> <span class='ocrx_word' id='word_1_125' title='bbox 1041 1022 1188 1061; x_wconf 79' lang='lat' dir='ltr'><strong>fraudes,</strong></span> 
     </span>
     <span class='ocr_line' id='line_1_22' title="bbox 203 1064 1188 1107; baseline -0.003 -9"><span class='ocrx_word' id='word_1_126' title='bbox 203 1066 357 1098; x_wconf 81' lang='lat' dir='ltr'><strong>libidines</strong></span> <span class='ocrx_word' id='word_1_127' title='bbox 393 1067 574 1107; x_wconf 85' lang='lat' dir='ltr'><strong>principum</strong></span> <span class='ocrx_word' id='word_1_128' title='bbox 610 1074 640 1096; x_wconf 89' lang='lat' dir='ltr'><strong>et</strong></span> <span class='ocrx_word' id='word_1_129' title='bbox 671 1064 781 1106; x_wconf 73' lang='lat' dir='ltr'><strong>vulgi,</strong></span> <span class='ocrx_word' id='word_1_130' title='bbox 812 1067 985 1097; x_wconf 85' lang='lat' dir='ltr'><strong>doctorum</strong></span> <span class='ocrx_word' id='word_1_131' title='bbox 1009 1066 1188 1097; x_wconf 79' lang='lat' dir='ltr'><strong>dissensio-</strong></span> 
     </span>
     <span class='ocr_line' id='line_1_23' title="bbox 205 1107 1187 1150; baseline -0.001 -10"><span class='ocrx_word' id='word_1_132' title='bbox 205 1120 277 1146; x_wconf 84' lang='lat' dir='ltr'><strong>nes,</strong></span> <span class='ocrx_word' id='word_1_133' title='bbox 300 1110 550 1150; x_wconf 73' lang='lat' dir='ltr'>magistratuum</span> <span class='ocrx_word' id='word_1_134' title='bbox 570 1107 785 1150; x_wconf 69' lang='lat' dir='ltr'><strong>negligentia,</strong></span> <span class='ocrx_word' id='word_1_135' title='bbox 810 1115 843 1139; x_wconf 88' lang='lat' dir='ltr'><strong>et</strong></span> <span class='ocrx_word' id='word_1_136' title='bbox 865 1110 929 1140; x_wconf 76' lang='lat' dir='ltr'><strong>alia</strong></span> <span class='ocrx_word' id='word_1_137' title='bbox 950 1107 1049 1140; x_wconf 88' lang='lat' dir='ltr'><strong>multa</strong></span> <span class='ocrx_word' id='word_1_138' title='bbox 1064 1110 1187 1139; x_wconf 82' lang='lat' dir='ltr'><strong>incom-</strong></span> 
     </span>
     <span class='ocr_line' id='line_1_24' title="bbox 204 1151 1188 1194; baseline -0.001 -10"><span class='ocrx_word' id='word_1_139' title='bbox 204 1154 312 1184; x_wconf 79' lang='lat' dir='ltr'><strong>moda.</strong></span> <span class='ocrx_word' id='word_1_140' title='bbox 358 1151 476 1187; x_wconf 77' lang='lat' dir='ltr'><strong>Qualia</strong></span> <span class='ocrx_word' id='word_1_141' title='bbox 500 1160 648 1183; x_wconf 77' lang='lat' dir='ltr'><strong>monstra</strong></span> <span class='ocrx_word' id='word_1_142' title='bbox 671 1153 834 1183; x_wconf 70' lang='lat' dir='ltr'><strong>interdiun</strong></span> <span class='ocrx_word' id='word_1_143' title='bbox 858 1159 1010 1194; x_wconf 78' lang='lat' dir='ltr'><strong>regnant,</strong></span> <span class='ocrx_word' id='word_1_144' title='bbox 1034 1158 1068 1183; x_wconf 88' lang='lat' dir='ltr'><strong>ut</strong></span> <span class='ocrx_word' id='word_1_145' title='bbox 1086 1152 1188 1190; x_wconf 89' lang='lat' dir='ltr'><strong>Nero,</strong></span> 
     </span>
     <span class='ocr_line' id='line_1_25' title="bbox 206 1193 662 1236; baseline -0.009 -8"><span class='ocrx_word' id='word_1_146' title='bbox 206 1193 451 1236; x_wconf 70' lang='lat' dir='ltr'><strong>Sardanapalus</strong></span> <span class='ocrx_word' id='word_1_147' title='bbox 475 1201 506 1225; x_wconf 86' lang='grc'><strong>61</strong></span> <span class='ocrx_word' id='word_1_148' title='bbox 529 1194 662 1226; x_wconf 77' lang='lat' dir='ltr'><strong>similes.</strong></span> 
     </span>
    </p>
   </div>
   <div class='ocr_carea' id='block_1_5' title="bbox 203 1271 1190 1573">
    <p class='ocr_par' dir='ltr' id='par_1_5' title="bbox 203 1271 1190 1573">
     <span class='ocr_line' id='line_1_26' title="bbox 289 1271 1189 1312; baseline 0 -10"><span class='ocrx_word' id='word_1_149' title='bbox 289 1271 363 1302; x_wconf 87' lang='lat' dir='ltr'><strong>Hac</strong></span> <span class='ocrx_word' id='word_1_150' title='bbox 386 1278 472 1302; x_wconf 75' lang='lat' dir='ltr'><strong>tetra</strong></span> <span class='ocrx_word' id='word_1_151' title='bbox 495 1273 608 1312; x_wconf 87' lang='lat' dir='ltr'><strong>specie</strong></span> <span class='ocrx_word' id='word_1_152' title='bbox 632 1272 836 1303; x_wconf 71' lang='lat' dir='ltr'><strong>deformatur</strong></span> <span class='ocrx_word' id='word_1_153' title='bbox 855 1273 1018 1302; x_wconf 89' lang='lat' dir='ltr'><strong>ordinatio</strong></span> <span class='ocrx_word' id='word_1_154' title='bbox 1043 1272 1123 1308; x_wconf 84' lang='lat' dir='ltr'><strong>Dei,</strong></span> <span class='ocrx_word' id='word_1_155' title='bbox 1148 1281 1189 1301; x_wconf 88' lang='lat' dir='ltr'><strong>ne</strong></span> 
     </span>
     <span class='ocr_line' id='line_1_27' title="bbox 206 1313 1188 1356; baseline -0.002 -10"><span class='ocrx_word' id='word_1_156' title='bbox 206 1326 284 1346; x_wconf 81' lang='lat' dir='ltr'><strong>vere</strong></span> <span class='ocrx_word' id='word_1_157' title='bbox 309 1316 542 1355; x_wconf 70' lang='lat' dir='ltr'><strong>conspiciatur,</strong></span> <span class='ocrx_word' id='word_1_158' title='bbox 562 1325 624 1346; x_wconf 88' lang='lat' dir='ltr'><strong>nec</strong></span> <span class='ocrx_word' id='word_1_159' title='bbox 644 1321 773 1356; x_wconf 80' lang='lat' dir='ltr'><strong>putetur</strong></span> <span class='ocrx_word' id='word_1_160' title='bbox 797 1313 880 1345; x_wconf 89' lang='lat' dir='ltr'><strong>haec</strong></span> <span class='ocrx_word' id='word_1_161' title='bbox 903 1315 1047 1345; x_wconf 78' lang='lat' dir='ltr'><strong>societas</strong></span> <span class='ocrx_word' id='word_1_162' title='bbox 1072 1313 1188 1352; x_wconf 77' lang='lat' dir='ltr'><strong>civilis,</strong></span> 
     </span>
     <span class='ocr_line' id='line_1_28' title="bbox 203 1358 1189 1390; baseline -0.002 0"><span class='ocrx_word' id='word_1_163' title='bbox 203 1358 267 1390; x_wconf 82' lang='lat' dir='ltr'><strong>Dei</strong></span> <span class='ocrx_word' id='word_1_164' title='bbox 299 1368 416 1389; x_wconf 89' lang='lat' dir='ltr'><strong>munus</strong></span> <span class='ocrx_word' id='word_1_165' title='bbox 448 1368 534 1389; x_wconf 82' lang='lat' dir='ltr'><strong>esse.</strong></span> <span class='ocrx_word' id='word_1_166' title='bbox 580 1358 647 1389; x_wconf 87' lang='lat' dir='ltr'><strong>Sed</strong></span> <span class='ocrx_word' id='word_1_167' title='bbox 681 1358 908 1389; x_wconf 79' lang='lat' dir='ltr'><strong>existimentur</strong></span> <span class='ocrx_word' id='word_1_168' title='bbox 935 1358 1086 1388; x_wconf 87' lang='lat' dir='ltr'><strong>homines</strong></span> <span class='ocrx_word' id='word_1_169' title='bbox 1116 1358 1189 1388; x_wconf 80' lang='lat' dir='ltr'><strong>sine</strong></span> 
     </span>
     <span class='ocr_line' id='line_1_29' title="bbox 205 1400 1190 1439; baseline -0.001 -7"><span class='ocrx_word' id='word_1_170' title='bbox 205 1401 268 1432; x_wconf 89' lang='lat' dir='ltr'><strong>Dei</strong></span> <span class='ocrx_word' id='word_1_171' title='bbox 290 1400 429 1432; x_wconf 79' lang='lat' dir='ltr'><strong>consilio</strong></span> <span class='ocrx_word' id='word_1_172' title='bbox 454 1402 684 1439; x_wconf 71' lang='lat' dir='ltr'><strong>concurrisse,</strong></span> <span class='ocrx_word' id='word_1_173' title='bbox 708 1407 741 1431; x_wconf 85' lang='lat' dir='ltr'><strong>ut</strong></span> <span class='ocrx_word' id='word_1_174' title='bbox 766 1411 804 1431; x_wconf 86' lang='lat' dir='ltr'><strong>se</strong></span> <span class='ocrx_word' id='word_1_175' title='bbox 827 1400 1043 1432; x_wconf 78' lang='lat' dir='ltr'><strong>defenderent</strong></span> <span class='ocrx_word' id='word_1_176' title='bbox 1071 1406 1190 1432; x_wconf 81' lang='lat' dir='ltr'><strong>contra</strong></span> 
     </span>
     <span class='ocr_line' id='line_1_30' title="bbox 207 1442 1188 1485; baseline -0.001 -10"><span class='ocrx_word' id='word_1_177' title='bbox 207 1446 331 1475; x_wconf 77' lang='lat' dir='ltr'><strong>bestias</strong></span> <span class='ocrx_word' id='word_1_178' title='bbox 355 1450 411 1475; x_wconf 83' lang='lat' dir='ltr'><strong>aut</strong></span> <span class='ocrx_word' id='word_1_179' title='bbox 435 1443 629 1481; x_wconf 88' lang='lat' dir='ltr'><strong>latrocinia,</strong></span> <span class='ocrx_word' id='word_1_180' title='bbox 659 1450 694 1475; x_wconf 86' lang='lat' dir='ltr'><strong>ut</strong></span> <span class='ocrx_word' id='word_1_181' title='bbox 720 1442 811 1474; x_wconf 86' lang='lat' dir='ltr'><strong>multi</strong></span> <span class='ocrx_word' id='word_1_182' title='bbox 841 1443 1004 1485; x_wconf 85' lang='lat' dir='ltr'><strong>prophani</strong></span> <span class='ocrx_word' id='word_1_183' title='bbox 1027 1444 1188 1475; x_wconf 83' lang='lat' dir='ltr'><strong>arbitran-</strong></span> 
     </span>
     <span class='ocr_line' id='line_1_31' title="bbox 204 1485 1188 1528; baseline 0 -11"><span class='ocrx_word' id='word_1_184' title='bbox 204 1493 275 1526; x_wconf 89' lang='lat' dir='ltr'><strong>tur,</strong></span> <span class='ocrx_word' id='word_1_185' title='bbox 298 1488 433 1528; x_wconf 84' lang='lat' dir='ltr'><strong>imperia</strong></span> <span class='ocrx_word' id='word_1_186' title='bbox 458 1498 541 1518; x_wconf 86' lang='lat' dir='ltr'><strong>casu</strong></span> <span class='ocrx_word' id='word_1_187' title='bbox 560 1488 663 1525; x_wconf 23' lang='lat' dir='ltr'><strong>,crit-i,</strong></span> <span class='ocrx_word' id='word_1_188' title='bbox 697 1497 813 1524; x_wconf 65' lang='lat' dir='ltr'><strong>ruere,</strong></span> <span class='ocrx_word' id='word_1_189' title='bbox 846 1485 1019 1518; x_wconf 71' lang='lat' dir='ltr'><strong>transferri</strong></span> <span class='ocrx_word' id='word_1_190' title='bbox 1048 1487 1088 1517; x_wconf 88' lang='lat' dir='ltr'><strong>ab</strong></span> <span class='ocrx_word' id='word_1_191' title='bbox 1114 1485 1188 1518; x_wconf 84' lang='lat' dir='ltr'><strong>aliis</strong></span> 
     </span>
     <span class='ocr_line' id='line_1_32' title="bbox 205 1529 541 1573; baseline -0.003 -12"><span class='ocrx_word' id='word_1_192' title='bbox 205 1530 359 1573; x_wconf 83' lang='lat' dir='ltr'><strong>gentibus</strong></span> <span class='ocrx_word' id='word_1_193' title='bbox 382 1531 425 1561; x_wconf 88' lang='lat' dir='ltr'><strong>ad</strong></span> <span class='ocrx_word' id='word_1_194' title='bbox 447 1529 541 1561; x_wconf 87' lang='lat' dir='ltr'><strong>alias.</strong></span> 
     </span>
    </p>
   </div>
   <div class='ocr_carea' id='block_1_6' title="bbox 205 1607 1191 1907">
    <p class='ocr_par' dir='ltr' id='par_1_6' title="bbox 205 1607 1191 1907">
     <span class='ocr_line' id='line_1_33' title="bbox 293 1607 1190 1644; baseline -0.001 -6"><span class='ocrx_word' id='word_1_195' title='bbox 293 1607 355 1638; x_wconf 90' lang='lat' dir='ltr'><strong>Hic</strong></span> <span class='ocrx_word' id='word_1_196' title='bbox 379 1608 531 1638; x_wconf 85' lang='lat' dir='ltr'><strong>docenda</strong></span> <span class='ocrx_word' id='word_1_197' title='bbox 560 1613 611 1638; x_wconf 82' lang='lat' dir='ltr'><strong>est</strong></span> <span class='ocrx_word' id='word_1_198' title='bbox 639 1608 810 1644; x_wconf 60' lang='lat' dir='ltr'><strong>iuventus,</strong></span> <span class='ocrx_word' id='word_1_199' title='bbox 840 1613 875 1638; x_wconf 85' lang='lat' dir='ltr'><strong>ut</strong></span> <span class='ocrx_word' id='word_1_200' title='bbox 906 1607 1073 1637; x_wconf 76' lang='lat' dir='ltr'><strong>discernat</strong></span> <span class='ocrx_word' id='word_1_201' title='bbox 1104 1607 1190 1637; x_wconf 86' lang='lat' dir='ltr'><strong>ordi-</strong></span> 
     </span>
     <span class='ocr_line' id='line_1_34' title="bbox 206 1648 1190 1691; baseline -0.001 -10"><span class='ocrx_word' id='word_1_202' title='bbox 206 1661 290 1688; x_wconf 67' lang='lat' dir='ltr'><strong>nem,</strong></span> <span class='ocrx_word' id='word_1_203' title='bbox 313 1649 420 1691; x_wconf 77' lang='lat' dir='ltr'><strong>leges,</strong></span> <span class='ocrx_word' id='word_1_204' title='bbox 446 1657 649 1687; x_wconf 81' lang='grc'><strong>6001136105,</strong></span> <span class='ocrx_word' id='word_1_205' title='bbox 673 1651 804 1687; x_wconf 86' lang='lat' dir='ltr'><strong>iudicia,</strong></span> <span class='ocrx_word' id='word_1_206' title='bbox 827 1660 846 1680; x_wconf 82' lang='lat' dir='ltr'><strong>a</strong></span> <span class='ocrx_word' id='word_1_207' title='bbox 870 1650 957 1681; x_wconf 75' lang='lat' dir='ltr'><strong>vitiis</strong></span> <span class='ocrx_word' id='word_1_208' title='bbox 982 1648 1190 1681; x_wconf 75' lang='lat' dir='ltr'><strong>deformanti·</strong></span> 
     </span>
     <span class='ocr_line' id='line_1_35' title="bbox 205 1691 1190 1731; baseline -0.002 -6"><span class='ocrx_word' id='word_1_209' title='bbox 205 1695 268 1725; x_wconf 81' lang='lat' dir='ltr'><strong>bus</strong></span> <span class='ocrx_word' id='word_1_210' title='bbox 298 1695 512 1731; x_wconf 68' lang='lat' dir='ltr'><strong>societatem,</strong></span> <span class='ocrx_word' id='word_1_211' title='bbox 542 1694 626 1724; x_wconf 77' lang='lat' dir='ltr'><strong>Nam</strong></span> <span class='ocrx_word' id='word_1_212' title='bbox 656 1695 734 1724; x_wconf 83' lang='lat' dir='ltr'><strong>vitia</strong></span> <span class='ocrx_word' id='word_1_213' title='bbox 765 1704 784 1724; x_wconf 89' lang='lat' dir='ltr'><strong>a</strong></span> <span class='ocrx_word' id='word_1_214' title='bbox 813 1691 955 1724; x_wconf 89' lang='lat' dir='ltr'><strong>Diabolo</strong></span> <span class='ocrx_word' id='word_1_215' title='bbox 987 1699 1018 1723; x_wconf 90' lang='lat' dir='ltr'><strong>et</strong></span> <span class='ocrx_word' id='word_1_216' title='bbox 1046 1692 1190 1723; x_wconf 84' lang='lat' dir='ltr'><strong>humana</strong></span> 
     </span>
     <span class='ocr_line' id='line_1_36' title="bbox 207 1735 1190 1774; baseline -0.001 -7"><span class='ocrx_word' id='word_1_217' title='bbox 207 1737 394 1768; x_wconf 74' lang='lat' dir='ltr'><strong>infirmitate</strong></span> <span class='ocrx_word' id='word_1_218' title='bbox 413 1738 573 1774; x_wconf 85' lang='lat' dir='ltr'><strong>oriuntur,</strong></span> <span class='ocrx_word' id='word_1_219' title='bbox 597 1744 631 1767; x_wconf 86' lang='lat' dir='ltr'><strong>ut</strong></span> <span class='ocrx_word' id='word_1_220' title='bbox 647 1737 730 1767; x_wconf 86' lang='grc'><strong>11366</strong></span> <span class='ocrx_word' id='word_1_221' title='bbox 750 1737 837 1767; x_wconf 85' lang='lat' dir='ltr'><strong>dicta</strong></span> <span class='ocrx_word' id='word_1_222' title='bbox 852 1743 1001 1766; x_wconf 80' lang='lat' dir='ltr'><strong>monent:</strong></span> <span class='ocrx_word' id='word_1_223' title='bbox 1025 1735 1190 1767; x_wconf 86' lang='lat' dir='ltr'><strong>Diabolus</strong></span> 
     </span>
     <span class='ocr_line' id='line_1_37' title="bbox 207 1778 1191 1816; baseline -0.001 -6"><span class='ocrx_word' id='word_1_224' title='bbox 207 1788 256 1810; x_wconf 90' lang='lat' dir='ltr'><strong>est</strong></span> <span class='ocrx_word' id='word_1_225' title='bbox 282 1781 421 1810; x_wconf 85' lang='lat' dir='ltr'><strong>mendax</strong></span> <span class='ocrx_word' id='word_1_226' title='bbox 445 1786 475 1810; x_wconf 87' lang='lat' dir='ltr'><strong>et</strong></span> <span class='ocrx_word' id='word_1_227' title='bbox 490 1780 663 1810; x_wconf 74' lang='lat' dir='ltr'><strong>homicida.</strong></span> <span class='ocrx_word' id='word_1_228' title='bbox 689 1779 787 1816; x_wconf 82' lang='lat' dir='ltr'><strong>Item,</strong></span> <span class='ocrx_word' id='word_1_229' title='bbox 811 1778 904 1810; x_wconf 78' lang='lat' dir='ltr'><strong>Deus</strong></span> <span class='ocrx_word' id='word_1_230' title='bbox 929 1785 1071 1810; x_wconf 79' lang='lat' dir='ltr'><strong>non-est</strong></span> <span class='ocrx_word' id='word_1_231' title='bbox 1093 1786 1191 1810; x_wconf 87' lang='lat' dir='ltr'><strong>autor</strong></span> 
     </span>
     <span class='ocr_line' id='line_1_38' title="bbox 206 1821 1190 1863; baseline 0.001 -11"><span class='ocrx_word' id='word_1_232' title='bbox 206 1822 437 1861; x_wconf 78' lang='grc' dir='ltr'><strong><em>ἀκαταστασίας,</em></strong></span> <span class='ocrx_word' id='word_1_233' title='bbox 462 1823 494 1853; x_wconf 88' lang='lat' dir='ltr'><strong>id</strong></span> <span class='ocrx_word' id='word_1_234' title='bbox 518 1830 580 1862; x_wconf 84' lang='lat' dir='ltr'><strong>est,</strong></span> <span class='ocrx_word' id='word_1_235' title='bbox 604 1823 830 1863; x_wconf 66' lang='lat' dir='ltr'><strong>dissipationis</strong></span> <span class='ocrx_word' id='word_1_236' title='bbox 853 1823 1062 1863; x_wconf 87' lang='lat' dir='ltr'><strong>imperiorum</strong></span> <span class='ocrx_word' id='word_1_237' title='bbox 1101 1821 1190 1859; x_wconf 77' lang='grc'><strong>116111,</strong></span> 
     </span>
     <span class='ocr_line' id='line_1_39' title="bbox 208 1864 891 1907; baseline -0.003 -10"><span class='ocrx_word' id='word_1_238' title='bbox 208 1864 269 1900; x_wconf 82' lang='lat' dir='ltr'><strong>Qui</strong></span> <span class='ocrx_word' id='word_1_239' title='bbox 290 1864 368 1896; x_wconf 86' lang='lat' dir='ltr'><strong>facit</strong></span> <span class='ocrx_word' id='word_1_240' title='bbox 390 1872 575 1907; x_wconf 76' lang='lat' dir='ltr'><strong>peccatum,</strong></span> <span class='ocrx_word' id='word_1_241' title='bbox 601 1865 640 1897; x_wconf 65' lang='lat' dir='ltr'><strong>ex</strong></span> <span class='ocrx_word' id='word_1_242' title='bbox 659 1865 806 1897; x_wconf 83' lang='lat' dir='ltr'><strong>Diabolo</strong></span> <span class='ocrx_word' id='word_1_243' title='bbox 831 1872 891 1897; x_wconf 85' lang='lat' dir='ltr'><strong>est.</strong></span> 
     </span>
    </p>
   </div>
   <div class='ocr_carea' id='block_1_7' title="bbox 206 1942 1210 2243">
    <p class='ocr_par' dir='ltr' id='par_1_7' title="bbox 206 1942 1210 2243">
     <span class='ocr_line' id='line_1_40' title="bbox 293 1942 1190 1985; baseline -0.001 -12"><span class='ocrx_word' id='word_1_244' title='bbox 293 1942 423 1975; x_wconf 82' lang='lat' dir='ltr'><strong>Primus</strong></span> <span class='ocrx_word' id='word_1_245' title='bbox 447 1944 547 1985; x_wconf 83' lang='lat' dir='ltr'><strong>igitur</strong></span> <span class='ocrx_word' id='word_1_246' title='bbox 570 1943 678 1974; x_wconf 83' lang='grc'><strong>110005</strong></span> <span class='ocrx_word' id='word_1_247' title='bbox 704 1949 773 1981; x_wconf 80' lang='lat' dir='ltr'><strong>est,</strong></span> <span class='ocrx_word' id='word_1_248' title='bbox 799 1944 838 1973; x_wconf 68' lang='lat' dir='ltr'><strong>dc</strong></span> <span class='ocrx_word' id='word_1_249' title='bbox 863 1953 928 1984; x_wconf 73' lang='lat' dir='ltr'><strong>quo</strong></span> <span class='ocrx_word' id='word_1_250' title='bbox 952 1943 1005 1974; x_wconf 81' lang='grc'><strong>1116</strong></span> <span class='ocrx_word' id='word_1_251' title='bbox 1032 1943 1190 1983; x_wconf 88' lang='lat' dir='ltr'><strong>praecipi-</strong></span> 
     </span>
     <span class='ocr_line' id='line_1_41' title="bbox 207 1984 1190 2027; baseline -0.001 -10"><span class='ocrx_word' id='word_1_252' title='bbox 207 1992 270 2023; x_wconf 86' lang='lat' dir='ltr'><strong>tur,</strong></span> <span class='ocrx_word' id='word_1_253' title='bbox 295 1997 480 2027; x_wconf 73' lang='lat' dir='ltr'><strong>agnoscere</strong></span> <span class='ocrx_word' id='word_1_254' title='bbox 505 1997 559 2017; x_wconf 65' lang='lat' dir='ltr'><strong>res</strong></span> <span class='ocrx_word' id='word_1_255' title='bbox 583 1988 687 2027; x_wconf 72' lang='lat' dir='ltr'><strong>ipsas,</strong></span> <span class='ocrx_word' id='word_1_256' title='bbox 711 1984 880 2023; x_wconf 62' lang='lat' dir='ltr'><strong>xittelicet,</strong></span> <span class='ocrx_word' id='word_1_257' title='bbox 907 1987 1112 2027; x_wconf 85' lang='lat' dir='ltr'><strong>coniugium,</strong></span> <span class='ocrx_word' id='word_1_258' title='bbox 1136 1998 1190 2016; x_wconf 82' lang='lat' dir='ltr'><strong>oe-</strong></span> 
     </span>
     <span class='ocr_line' id='line_1_42' title="bbox 209 2029 1191 2070; baseline -0.001 -11"><span class='ocrx_word' id='word_1_259' title='bbox 209 2030 378 2060; x_wconf 75' lang='lat' dir='ltr'><strong>conomias</strong></span> <span class='ocrx_word' id='word_1_260' title='bbox 403 2041 443 2060; x_wconf 78' lang='lat' dir='ltr'><strong>ac</strong></span> <span class='ocrx_word' id='word_1_261' title='bbox 462 2029 594 2070; x_wconf 83' lang='lat' dir='ltr'><strong>politias</strong></span> <span class='ocrx_word' id='word_1_262' title='bbox 617 2040 636 2060; x_wconf 90' lang='grc'><strong>3</strong></span> <span class='ocrx_word' id='word_1_263' title='bbox 660 2029 734 2059; x_wconf 92' lang='lat' dir='ltr'><strong>Deo</strong></span> <span class='ocrx_word' id='word_1_264' title='bbox 758 2030 924 2060; x_wconf 80' lang='lat' dir='ltr'><strong>institutas</strong></span> <span class='ocrx_word' id='word_1_265' title='bbox 948 2039 1041 2067; x_wconf 81' lang='lat' dir='ltr'><strong>esse,</strong></span> <span class='ocrx_word' id='word_1_266' title='bbox 1066 2035 1095 2059; x_wconf 91' lang='lat' dir='ltr'><strong>et</strong></span> <span class='ocrx_word' id='word_1_267' title='bbox 1120 2030 1191 2059; x_wconf 84' lang='lat' dir='ltr'><strong>eins</strong></span> 
     </span>
     <span class='ocr_line' id='line_1_43' title="bbox 206 2071 1192 2111; baseline 0.001 -9"><span class='ocrx_word' id='word_1_268' title='bbox 206 2071 327 2103; x_wconf 65' lang='lat' dir='ltr'><strong>auxilio</strong></span> <span class='ocrx_word' id='word_1_269' title='bbox 352 2074 564 2111; x_wconf 77' lang='lat' dir='ltr'><strong>conservari,</strong></span> <span class='ocrx_word' id='word_1_270' title='bbox 600 2083 640 2103; x_wconf 92' lang='grc'><strong>30</strong></span> <span class='ocrx_word' id='word_1_271' title='bbox 663 2071 775 2103; x_wconf 88' lang='grc'><strong>106616</strong></span> <span class='ocrx_word' id='word_1_272' title='bbox 800 2074 831 2103; x_wconf 86' lang='lat' dir='ltr'><strong>in</strong></span> <span class='ocrx_word' id='word_1_273' title='bbox 854 2071 906 2102; x_wconf 91' lang='lat' dir='ltr'><strong>his</strong></span> <span class='ocrx_word' id='word_1_274' title='bbox 929 2072 1192 2103; x_wconf 83' lang='lat' dir='ltr'><strong>ordinationibus</strong></span> 
     </span>
     <span class='ocr_line' id='line_1_44' title="bbox 207 2114 1192 2156; baseline -0.001 -10"><span class='ocrx_word' id='word_1_275' title='bbox 207 2114 270 2146; x_wconf 83' lang='lat' dir='ltr'><strong>Dei</strong></span> <span class='ocrx_word' id='word_1_276' title='bbox 294 2117 529 2156; x_wconf 78' lang='lat' dir='ltr'><strong>praesentiam,</strong></span> <span class='ocrx_word' id='word_1_277' title='bbox 560 2117 767 2156; x_wconf 74' lang='lat' dir='ltr'><strong>sapientiam,</strong></span> <span class='ocrx_word' id='word_1_278' title='bbox 791 2115 967 2146; x_wconf 84' lang='lat' dir='ltr'><strong>bonitatem</strong></span> <span class='ocrx_word' id='word_1_279' title='bbox 993 2122 1024 2145; x_wconf 84' lang='lat' dir='ltr'><strong>et</strong></span> <span class='ocrx_word' id='word_1_280' title='bbox 1046 2125 1192 2146; x_wconf 87' lang='lat' dir='ltr'><strong>amorem</strong></span> 
     </span>
     <span class='ocr_line' id='line_1_45' title="bbox 208 2158 1210 2200; baseline -0.001 -11"><span class='ocrx_word' id='word_1_281' title='bbox 208 2168 288 2200; x_wconf 87' lang='lat' dir='ltr'><strong>erga</strong></span> <span class='ocrx_word' id='word_1_282' title='bbox 319 2169 391 2189; x_wconf 81' lang='lat' dir='ltr'><strong>nos.</strong></span> <span class='ocrx_word' id='word_1_283' title='bbox 449 2158 489 2189; x_wconf 80' lang='lat' dir='ltr'><strong>Et</strong></span> <span class='ocrx_word' id='word_1_284' title='bbox 524 2166 748 2200; x_wconf 74' lang='lat' dir='ltr'><strong>agnoscentes</strong></span> <span class='ocrx_word' id='word_1_285' title='bbox 772 2158 855 2189; x_wconf 89' lang='grc'><strong>11366</strong></span> <span class='ocrx_word' id='word_1_286' title='bbox 881 2158 1043 2189; x_wconf 82' lang='lat' dir='ltr'><strong>beneficia</strong></span> <span class='ocrx_word' id='word_1_287' title='bbox 1067 2158 1210 2199; x_wconf 68' lang='lat' dir='ltr'><strong>gratias</strong></span> 
     </span>
     <span class='ocr_line' id='line_1_46' title="bbox 207 2201 1192 2243; baseline -0.001 -11"><span class='ocrx_word' id='word_1_288' title='bbox 207 2211 309 2243; x_wconf 85' lang='lat' dir='ltr'><strong>agere</strong></span> <span class='ocrx_word' id='word_1_289' title='bbox 331 2201 406 2232; x_wconf 90' lang='lat' dir='ltr'><strong>Deo</strong></span> <span class='ocrx_word' id='word_1_290' title='bbox 430 2203 536 2233; x_wconf 91' lang='lat' dir='ltr'><strong>autori</strong></span> <span class='ocrx_word' id='word_1_291' title='bbox 561 2203 738 2240; x_wconf 86' lang='lat' dir='ltr'><strong>debemus,</strong></span> <span class='ocrx_word' id='word_1_292' title='bbox 764 2211 902 2243; x_wconf 87' lang='lat' dir='ltr'><strong>eumque</strong></span> <span class='ocrx_word' id='word_1_293' title='bbox 924 2212 1032 2237; x_wconf 82' lang='lat' dir='ltr'><strong>orare,</strong></span> <span class='ocrx_word' id='word_1_294' title='bbox 1056 2207 1089 2232; x_wconf 90' lang='lat' dir='ltr'><strong>ut</strong></span> <span class='ocrx_word' id='word_1_295' title='bbox 1114 2211 1192 2231; x_wconf 87' lang='lat' dir='ltr'><strong>con-</strong></span> 
     </span>
    </p>
   </div>
   <div class='ocr_carea' id='block_1_8' title="bbox 210 2237 1221 2288">
    <p class='ocr_par' dir='ltr' id='par_1_8' title="bbox 210 2237 1221 2288">
     <span class='ocr_line' id='line_1_47' title="bbox 210 2237 1221 2288; baseline -0.001 -13"><span class='ocrx_word' id='word_1_296' title='bbox 210 2250 341 2282; x_wconf 82' lang='lat' dir='ltr'><strong>servet,</strong></span> <span class='ocrx_word' id='word_1_297' title='bbox 361 2251 391 2275; x_wconf 90' lang='lat' dir='ltr'><strong>et</strong></span> <span class='ocrx_word' id='word_1_298' title='bbox 424 2244 571 2286; x_wconf 87' lang='lat' dir='ltr'><strong>depellat</strong></span> <span class='ocrx_word' id='word_1_299' title='bbox 593 2244 789 2282; x_wconf 83' lang='lat' dir='ltr'><strong>Diabolum,</strong></span> <span class='ocrx_word' id='word_1_300' title='bbox 824 2246 877 2286; x_wconf 88' lang='lat' dir='ltr'><strong>qui</strong></span> <span class='ocrx_word' id='word_1_301' title='bbox 909 2245 1072 2285; x_wconf 78' lang='lat' dir='ltr'><strong>dissipare</strong></span> <span class='ocrx_word' id='word_1_302' title='bbox 1104 2244 1191 2275; x_wconf 87' lang='lat' dir='ltr'><strong>hanc</strong></span> <span class='ocrx_word' id='word_1_303' title='bbox 1217 2237 1221 2288; x_wconf 67' lang='grc' dir='ltr'>Ι</span> 
     </span>
    </p>
   </div>
   <div class='ocr_carea' id='block_1_9' title="bbox 207 2287 1193 2631">
    <p class='ocr_par' dir='ltr' id='par_1_9' title="bbox 207 2287 1193 2631">
     <span class='ocr_line' id='line_1_48' title="bbox 207 2287 1191 2329; baseline -0.001 -11"><span class='ocrx_word' id='word_1_304' title='bbox 207 2288 410 2318; x_wconf 87' lang='lat' dir='ltr'><strong>harmoniam</strong></span> <span class='ocrx_word' id='word_1_305' title='bbox 432 2295 580 2319; x_wconf 88' lang='lat' dir='ltr'><strong>conatur.</strong></span> <span class='ocrx_word' id='word_1_306' title='bbox 615 2288 668 2318; x_wconf 85' lang='lat' dir='ltr'><strong>Ad</strong></span> <span class='ocrx_word' id='word_1_307' title='bbox 693 2287 782 2319; x_wconf 86' lang='grc'><strong>110116</strong></span> <span class='ocrx_word' id='word_1_308' title='bbox 804 2289 942 2329; x_wconf 87' lang='lat' dir='ltr'><strong>gradum</strong></span> <span class='ocrx_word' id='word_1_309' title='bbox 963 2287 1100 2318; x_wconf 83' lang='lat' dir='ltr'><strong>honoris</strong></span> <span class='ocrx_word' id='word_1_310' title='bbox 1117 2298 1191 2328; x_wconf 90' lang='lat' dir='ltr'><strong>per-</strong></span> 
     </span>
     <span class='ocr_line' id='line_1_49' title="bbox 208 2330 1191 2371; baseline 0 -11"><span class='ocrx_word' id='word_1_311' title='bbox 208 2331 289 2361; x_wconf 87' lang='lat' dir='ltr'><strong>tinet</strong></span> <span class='ocrx_word' id='word_1_312' title='bbox 320 2338 353 2362; x_wconf 85' lang='lat' dir='ltr'><strong>et</strong></span> <span class='ocrx_word' id='word_1_313' title='bbox 383 2332 584 2371; x_wconf 86' lang='lat' dir='ltr'><strong>praedicatio</strong></span> <span class='ocrx_word' id='word_1_314' title='bbox 616 2342 676 2362; x_wconf 87' lang='lat' dir='ltr'><strong>seu</strong></span> <span class='ocrx_word' id='word_1_315' title='bbox 707 2331 887 2362; x_wconf 84' lang='lat' dir='ltr'><strong>celebratio</strong></span> <span class='ocrx_word' id='word_1_316' title='bbox 921 2330 1038 2361; x_wconf 85' lang='lat' dir='ltr'><strong>harum</strong></span> <span class='ocrx_word' id='word_1_317' title='bbox 1072 2340 1191 2367; x_wconf 86' lang='lat' dir='ltr'><strong>rerum,</strong></span> 
     </span>
     <span class='ocr_line' id='line_1_50' title="bbox 208 2374 1191 2412; baseline 0 -8"><span class='ocrx_word' id='word_1_318' title='bbox 208 2380 244 2404; x_wconf 86' lang='lat' dir='ltr'><strong>ut</strong></span> <span class='ocrx_word' id='word_1_319' title='bbox 266 2375 418 2405; x_wconf 79' lang='lat' dir='ltr'><strong>iuventus</strong></span> <span class='ocrx_word' id='word_1_320' title='bbox 443 2375 549 2405; x_wconf 82' lang='lat' dir='ltr'><strong>discat</strong></span> <span class='ocrx_word' id='word_1_321' title='bbox 574 2385 632 2405; x_wconf 86' lang='lat' dir='ltr'><strong>eas</strong></span> <span class='ocrx_word' id='word_1_322' title='bbox 655 2385 674 2405; x_wconf 88' lang='grc'><strong>3</strong></span> <span class='ocrx_word' id='word_1_323' title='bbox 697 2374 771 2405; x_wconf 88' lang='lat' dir='ltr'><strong>Deo</strong></span> <span class='ocrx_word' id='word_1_324' title='bbox 796 2380 886 2405; x_wconf 84' lang='lat' dir='ltr'><strong>ortas</strong></span> <span class='ocrx_word' id='word_1_325' title='bbox 911 2383 997 2412; x_wconf 84' lang='grc'><strong>6556,</strong></span> <span class='ocrx_word' id='word_1_326' title='bbox 1021 2380 1053 2404; x_wconf 87' lang='lat' dir='ltr'><strong>et</strong></span> <span class='ocrx_word' id='word_1_327' title='bbox 1076 2383 1191 2404; x_wconf 83' lang='grc'><strong>35506-</strong></span> 
     </span>
     <span class='ocr_line' id='line_1_51' title="bbox 209 2416 1191 2458; baseline -0.001 -11"><span class='ocrx_word' id='word_1_328' title='bbox 209 2416 281 2454; x_wconf 83' lang='lat' dir='ltr'><strong>fiat,</strong></span> <span class='ocrx_word' id='word_1_329' title='bbox 315 2425 349 2447; x_wconf 79' lang='lat' dir='ltr'><strong>ut</strong></span> <span class='ocrx_word' id='word_1_330' title='bbox 382 2418 444 2458; x_wconf 75' lang='lat' dir='ltr'><strong>piis</strong></span> <span class='ocrx_word' id='word_1_331' title='bbox 468 2418 625 2458; x_wconf 78' lang='lat' dir='ltr'><strong>precibus</strong></span> <span class='ocrx_word' id='word_1_332' title='bbox 659 2428 677 2448; x_wconf 89' lang='lat' dir='ltr'><strong>a</strong></span> <span class='ocrx_word' id='word_1_333' title='bbox 712 2417 787 2448; x_wconf 91' lang='lat' dir='ltr'><strong>Deo</strong></span> <span class='ocrx_word' id='word_1_334' title='bbox 821 2423 911 2458; x_wconf 79' lang='lat' dir='ltr'><strong>petat</strong></span> <span class='ocrx_word' id='word_1_335' title='bbox 941 2416 1057 2448; x_wconf 88' lang='lat' dir='ltr'><strong>horum</strong></span> <span class='ocrx_word' id='word_1_336' title='bbox 1082 2427 1191 2447; x_wconf 87' lang='grc'><strong>1111106-</strong></span> 
     </span>
     <span class='ocr_line' id='line_1_52' title="bbox 208 2462 609 2492; baseline 0.007 -3"><span class='ocrx_word' id='word_1_337' title='bbox 208 2470 280 2490; x_wconf 85' lang='grc'><strong>1001</strong></span> <span class='ocrx_word' id='word_1_338' title='bbox 311 2462 609 2492; x_wconf 71' lang='lat' dir='ltr'><strong>conservationem.</strong></span> 
     </span>
     <span class='ocr_line' id='line_1_53' title="bbox 210 2501 1191 2544; baseline -0.002 -10"><span class='ocrx_word' id='word_1_339' title='bbox 210 2503 344 2534; x_wconf 81' lang='lat' dir='ltr'><strong>obedire</strong></span> <span class='ocrx_word' id='word_1_340' title='bbox 372 2508 508 2544; x_wconf 72' lang='lat' dir='ltr'><strong>propter</strong></span> <span class='ocrx_word' id='word_1_341' title='bbox 542 2503 666 2542; x_wconf 89' lang='lat' dir='ltr'><strong>Deum,</strong></span> <span class='ocrx_word' id='word_1_342' title='bbox 697 2514 816 2534; x_wconf 82' lang='lat' dir='ltr'><strong>cavere</strong></span> <span class='ocrx_word' id='word_1_343' title='bbox 849 2503 936 2534; x_wconf 81' lang='lat' dir='ltr'><strong>mala</strong></span> <span class='ocrx_word' id='word_1_344' title='bbox 978 2501 1126 2544; x_wconf 82' lang='lat' dir='ltr'><strong>exempla</strong></span> <span class='ocrx_word' id='word_1_345' title='bbox 1161 2509 1191 2533; x_wconf 83' lang='lat' dir='ltr'><strong>et</strong></span> 
     </span>
     <span class='ocr_line' id='line_1_54' title="bbox 211 2545 1193 2586; baseline -0.001 -10"><span class='ocrx_word' id='word_1_346' title='bbox 211 2545 382 2583; x_wconf 85' lang='lat' dir='ltr'><strong>scandala,</strong></span> <span class='ocrx_word' id='word_1_347' title='bbox 407 2547 526 2586; x_wconf 68' lang='lat' dir='ltr'><strong>quit-us</strong></span> <span class='ocrx_word' id='word_1_348' title='bbox 550 2548 656 2577; x_wconf 88' lang='lat' dir='ltr'><strong>bonae</strong></span> <span class='ocrx_word' id='word_1_349' title='bbox 680 2547 906 2577; x_wconf 72' lang='lat' dir='ltr'><strong>ordinationes</strong></span> <span class='ocrx_word' id='word_1_350' title='bbox 923 2547 1137 2586; x_wconf 85' lang='lat' dir='ltr'><strong>dissipantur,</strong></span> <span class='ocrx_word' id='word_1_351' title='bbox 1162 2551 1193 2575; x_wconf 88' lang='lat' dir='ltr'><strong>et</strong></span> 
     </span>
     <span class='ocr_line' id='line_1_55' title="bbox 211 2587 1192 2631; baseline -0.001 -12"><span class='ocrx_word' id='word_1_352' title='bbox 211 2587 304 2630; x_wconf 86' lang='lat' dir='ltr'><strong>leges</strong></span> <span class='ocrx_word' id='word_1_353' title='bbox 339 2590 538 2628; x_wconf 89' lang='lat' dir='ltr'><strong>obruuntur,</strong></span> <span class='ocrx_word' id='word_1_354' title='bbox 573 2590 714 2631; x_wconf 88' lang='lat' dir='ltr'><strong>denique</strong></span> <span class='ocrx_word' id='word_1_355' title='bbox 749 2589 869 2621; x_wconf 85' lang='lat' dir='ltr'><strong>officiis</strong></span> <span class='ocrx_word' id='word_1_356' title='bbox 903 2600 958 2620; x_wconf 85' lang='lat' dir='ltr'><strong>res</strong></span> <span class='ocrx_word' id='word_1_357' title='bbox 998 2595 1063 2620; x_wconf 88' lang='lat' dir='ltr'><strong>tam</strong></span> <span class='ocrx_word' id='word_1_358' title='bbox 1093 2587 1192 2620; x_wconf 86' lang='lat' dir='ltr'><strong>utiles</strong></span> 
     </span>
    </p>
   </div>
   <div class='ocr_carea' id='block_1_10' title="bbox 840 127 1589 162">
    <p class='ocr_par' dir='ltr' id='par_1_10' title="bbox 840 127 1589 162">
     <span class='ocr_line' id='line_1_56' title="bbox 840 127 1589 162; baseline 0.001 -2"><span class='ocrx_word' id='word_1_359' title='bbox 840 129 953 161; x_wconf 84' lang='lat' dir='ltr'><strong>PHIL.</strong></span> <span class='ocrx_word' id='word_1_360' title='bbox 977 128 1080 160; x_wconf 79' lang='lat' dir='ltr'><strong>MEL.</strong></span> <span class='ocrx_word' id='word_1_361' title='bbox 1104 127 1293 161; x_wconf 82' lang='lat' dir='ltr'>SCRIPTA</span> <span class='ocrx_word' id='word_1_362' title='bbox 1311 129 1589 162; x_wconf 68' lang='lat' dir='ltr'><strong>DOGMATIGA.</strong></span> 
     </span>
    </p>
   </div>
   <div class='ocr_carea' id='block_1_11' title="bbox 1210 250 1217 426">
    <p class='ocr_par' dir='ltr' id='par_1_11' title="bbox 1210 250 1217 426">
     <span class='ocr_line' id='line_1_57' title="bbox 1210 250 1217 426; baseline 0 2564"><span class='ocrx_word' id='word_1_363' title='bbox 1210 250 1217 426; x_wconf 95' lang='lat' dir='ltr'><strong> </strong></span> 
     </span>
    </p>
   </div>
   <div class='ocr_carea' id='block_1_12' title="bbox 656 2459 1222 2502">
    <p class='ocr_par' dir='ltr' id='par_1_12' title="bbox 656 2459 1222 2502">
     <span class='ocr_line' id='line_1_58' title="bbox 656 2459 1222 2502; baseline 0 -11"><span class='ocrx_word' id='word_1_364' title='bbox 656 2460 716 2491; x_wconf 80' lang='lat' dir='ltr'><strong>Est</strong></span> <span class='ocrx_word' id='word_1_365' title='bbox 739 2466 770 2491; x_wconf 92' lang='lat' dir='ltr'><strong>et</strong></span> <span class='ocrx_word' id='word_1_366' title='bbox 794 2461 877 2502; x_wconf 86' lang='lat' dir='ltr'><strong>grati</strong></span> <span class='ocrx_word' id='word_1_367' title='bbox 908 2460 1017 2497; x_wconf 78' lang='lat' dir='ltr'><strong>animi,</strong></span> <span class='ocrx_word' id='word_1_368' title='bbox 1049 2459 1192 2490; x_wconf 84' lang='lat' dir='ltr'><strong>libenter</strong></span> <span class='ocrx_word' id='word_1_369' title='bbox 1218 2467 1222 2491; x_wconf 78' lang='lat'>5</span> 
     </span>
    </p>
   </div>
   <div class='ocr_carea' id='block_1_13' title="bbox 1210 135 2225 298">
    <p class='ocr_par' dir='ltr' id='par_1_13' title="bbox 1210 135 2225 298">
     <span class='ocr_line' id='line_1_59' title="bbox 2163 135 2225 166; baseline 0.016 -1"><span class='ocrx_word' id='word_1_370' title='bbox 2163 135 2225 166; x_wconf 76' lang='lat'><strong>144</strong></span> 
     </span>
     <span class='ocr_line' id='line_1_60' title="bbox 1210 223 2225 269; baseline 0.004 -14"><span class='ocrx_word' id='word_1_371' title='bbox 1210 230 1219 244; x_wconf 61' lang='lat'><strong>&#39;⁴</strong></span> <span class='ocrx_word' id='word_1_372' title='bbox 1236 225 1332 255; x_wconf 86' lang='lat' dir='ltr'><strong>tueri.</strong></span> <span class='ocrx_word' id='word_1_373' title='bbox 1379 223 1548 255; x_wconf 80' lang='lat' dir='ltr'><strong>Hactenus</strong></span> <span class='ocrx_word' id='word_1_374' title='bbox 1573 225 1718 255; x_wconf 87' lang='lat' dir='ltr'><strong>breviter</strong></span> <span class='ocrx_word' id='word_1_375' title='bbox 1741 225 1864 257; x_wconf 81' lang='lat' dir='ltr'><strong>dietum</strong></span> <span class='ocrx_word' id='word_1_376' title='bbox 1888 232 1940 257; x_wconf 85' lang='lat' dir='ltr'><strong>est</strong></span> <span class='ocrx_word' id='word_1_377' title='bbox 1963 227 2004 258; x_wconf 85' lang='lat' dir='ltr'><strong>de</strong></span> <span class='ocrx_word' id='word_1_378' title='bbox 2026 228 2136 269; x_wconf 83' lang='lat' dir='ltr'><strong>priore</strong></span> <span class='ocrx_word' id='word_1_379' title='bbox 2167 229 2225 259; x_wconf 83' lang='lat' dir='ltr'><strong>oh-</strong></span> 
     </span>
     <span class='ocr_line' id='line_1_61' title="bbox 1238 268 1335 298; baseline -0.01 0"><span class='ocrx_word' id='word_1_380' title='bbox 1238 268 1335 298; x_wconf 87' lang='grc'><strong>16610.</strong></span> 
     </span>
    </p>
   </div>
   <div class='ocr_carea' id='block_1_14' title="bbox 1213 351 2229 737">
    <p class='ocr_par' dir='ltr' id='par_1_14' title="bbox 1213 351 2229 737">
     <span class='ocr_line' id='line_1_62' title="bbox 1326 351 2224 397; baseline 0.003 -14"><span class='ocrx_word' id='word_1_381' title='bbox 1326 351 1478 384; x_wconf 82' lang='grc' dir='ltr'><strong>Α11610111</strong></span> <span class='ocrx_word' id='word_1_382' title='bbox 1497 353 1662 384; x_wconf 88' lang='lat' dir='ltr'><strong>obiectum</strong></span> <span class='ocrx_word' id='word_1_383' title='bbox 1685 353 1842 392; x_wconf 88' lang='lat' dir='ltr'><strong>honoris,</strong></span> <span class='ocrx_word' id='word_1_384' title='bbox 1864 364 2030 395; x_wconf 86' lang='lat' dir='ltr'><strong>personae</strong></span> <span class='ocrx_word' id='word_1_385' title='bbox 2053 362 2142 394; x_wconf 81' lang='lat' dir='ltr'><strong>sunt,</strong></span> <span class='ocrx_word' id='word_1_386' title='bbox 2166 367 2224 397; x_wconf 71' lang='lat' dir='ltr'><strong>pa-</strong></span> 
     </span>
     <span class='ocr_line' id='line_1_63' title="bbox 1240 396 2229 437; baseline 0.004 -11"><span class='ocrx_word' id='word_1_387' title='bbox 1240 402 1364 434; x_wconf 85' lang='lat' dir='ltr'><strong>rentes,</strong></span> <span class='ocrx_word' id='word_1_388' title='bbox 1388 396 1557 434; x_wconf 87' lang='lat' dir='ltr'><strong>doctores,</strong></span> <span class='ocrx_word' id='word_1_389' title='bbox 1576 403 1609 427; x_wconf 87' lang='lat' dir='ltr'><strong>et</strong></span> <span class='ocrx_word' id='word_1_390' title='bbox 1632 397 1687 437; x_wconf 91' lang='lat' dir='ltr'><strong>qui</strong></span> <span class='ocrx_word' id='word_1_391' title='bbox 1709 397 1754 427; x_wconf 89' lang='lat' dir='ltr'><strong>im</strong></span> <span class='ocrx_word' id='word_1_392' title='bbox 1770 397 1847 427; x_wconf 78' lang='grc'><strong>6113</strong></span> <span class='ocrx_word' id='word_1_393' title='bbox 1870 403 1993 428; x_wconf 86' lang='lat' dir='ltr'><strong>tenent.</strong></span> <span class='ocrx_word' id='word_1_394' title='bbox 2029 397 2155 429; x_wconf 89' lang='lat' dir='ltr'><strong>Horum</strong></span> <span class='ocrx_word' id='word_1_395' title='bbox 2174 404 2229 430; x_wconf 79' lang='lat' dir='ltr'><strong>est</strong></span> 
     </span>
     <span class='ocr_line' id='line_1_64' title="bbox 1213 435 2227 483; baseline 0.003 -14"><span class='ocrx_word' id='word_1_396' title='bbox 1213 435 1217 461; x_wconf 71' lang='lat'><em>⁵</em></span> <span class='ocrx_word' id='word_1_397' title='bbox 1240 438 1472 469; x_wconf 86' lang='lat' dir='ltr'><strong>dissimilitudo</strong></span> <span class='ocrx_word' id='word_1_398' title='bbox 1506 440 1637 481; x_wconf 84' lang='lat' dir='ltr'><strong>ingens.</strong></span> <span class='ocrx_word' id='word_1_399' title='bbox 1694 438 1763 470; x_wconf 90' lang='lat' dir='ltr'><strong>Sed</strong></span> <span class='ocrx_word' id='word_1_400' title='bbox 1809 439 1958 481; x_wconf 80' lang='lat' dir='ltr'><strong>regula-n</strong></span> <span class='ocrx_word' id='word_1_401' title='bbox 2002 439 2090 471; x_wconf 87' lang='lat' dir='ltr'><strong>hanc</strong></span> <span class='ocrx_word' id='word_1_402' title='bbox 2129 443 2227 483; x_wconf 87' lang='lat' dir='ltr'><strong>sequi</strong></span> 
     </span>
     <span class='ocr_line' id='line_1_65' title="bbox 1241 482 2225 525; baseline 0.004 -14"><span class='ocrx_word' id='word_1_403' title='bbox 1241 491 1355 512; x_wconf 88' lang='grc'><strong>0011165</strong></span> <span class='ocrx_word' id='word_1_404' title='bbox 1380 483 1558 512; x_wconf 83' lang='lat' dir='ltr'><strong>debebant:</strong></span> <span class='ocrx_word' id='word_1_405' title='bbox 1589 482 1751 513; x_wconf 89' lang='lat' dir='ltr'><strong>Parentes</strong></span> <span class='ocrx_word' id='word_1_406' title='bbox 1775 488 1807 513; x_wconf 90' lang='lat' dir='ltr'><strong>et</strong></span> <span class='ocrx_word' id='word_1_407' title='bbox 1831 484 1953 514; x_wconf 87' lang='lat' dir='ltr'><strong>caeteri</strong></span> <span class='ocrx_word' id='word_1_408' title='bbox 1982 485 2225 525; x_wconf 81' lang='lat' dir='ltr'><strong>gubernatores</strong></span> 
     </span>
     <span class='ocr_line' id='line_1_66' title="bbox 1213 523 2226 568; baseline 0.004 -14"><span class='ocrx_word' id='word_1_409' title='bbox 1213 527 1218 548; x_wconf 82' lang='grc' dir='ltr'>Ι</span> <span class='ocrx_word' id='word_1_410' title='bbox 1240 526 1305 554; x_wconf 86' lang='grc'><strong>5101</strong></span> <span class='ocrx_word' id='word_1_411' title='bbox 1329 525 1405 556; x_wconf 90' lang='lat' dir='ltr'><strong>viva</strong></span> <span class='ocrx_word' id='word_1_412' title='bbox 1423 523 1489 562; x_wconf 79' lang='lat' dir='ltr'><strong>lex,</strong></span> <span class='ocrx_word' id='word_1_413' title='bbox 1512 525 1544 556; x_wconf 92' lang='lat' dir='ltr'><strong>id</strong></span> <span class='ocrx_word' id='word_1_414' title='bbox 1564 530 1627 563; x_wconf 85' lang='lat' dir='ltr'><strong>est,</strong></span> <span class='ocrx_word' id='word_1_415' title='bbox 1653 526 1812 556; x_wconf 83' lang='lat' dir='ltr'><strong>custodes</strong></span> <span class='ocrx_word' id='word_1_416' title='bbox 1835 525 1938 568; x_wconf 75' lang='lat' dir='ltr'><strong>Legis</strong></span> <span class='ocrx_word' id='word_1_417' title='bbox 1961 527 2101 557; x_wconf 73' lang='lat' dir='ltr'><strong>divinae.</strong></span> <span class='ocrx_word' id='word_1_418' title='bbox 2143 527 2226 562; x_wconf 83' lang='lat' dir='ltr'><strong>Quis</strong></span> 
     </span>
     <span class='ocr_line' id='line_1_67' title="bbox 1240 566 2227 609; baseline 0.004 -12"><span class='ocrx_word' id='word_1_419' title='bbox 1240 574 1350 598; x_wconf 71' lang='lat' dir='ltr'><strong>autem</strong></span> <span class='ocrx_word' id='word_1_420' title='bbox 1373 578 1440 598; x_wconf 87' lang='lat' dir='ltr'><strong>non</strong></span> <span class='ocrx_word' id='word_1_421' title='bbox 1462 566 1612 609; x_wconf 84' lang='lat' dir='ltr'><strong>intelligit</strong></span> <span class='ocrx_word' id='word_1_422' title='bbox 1637 577 1695 598; x_wconf 90' lang='lat' dir='ltr'><strong>eas</strong></span> <span class='ocrx_word' id='word_1_423' title='bbox 1718 578 1882 608; x_wconf 83' lang='lat' dir='ltr'><strong>personas</strong></span> <span class='ocrx_word' id='word_1_424' title='bbox 1905 569 2064 600; x_wconf 84' lang='lat' dir='ltr'><strong>amandas</strong></span> <span class='ocrx_word' id='word_1_425' title='bbox 2089 576 2146 601; x_wconf 81' lang='grc'><strong>3111,</strong></span> <span class='ocrx_word' id='word_1_426' title='bbox 2167 569 2227 600; x_wconf 83' lang='lat' dir='ltr'><strong>ho-</strong></span> 
     </span>
     <span class='ocr_line' id='line_1_68' title="bbox 1213 598 2228 653; baseline 0.004 -13"><span class='ocrx_word' id='word_1_427' title='bbox 1213 598 1218 647; x_wconf 70' lang='grc'><strong>,1</strong></span> <span class='ocrx_word' id='word_1_428' title='bbox 1240 620 1322 641; x_wconf 89' lang='grc'><strong>11016</strong></span> <span class='ocrx_word' id='word_1_429' title='bbox 1345 609 1542 641; x_wconf 85' lang='lat' dir='ltr'><strong>afficiendas</strong></span> <span class='ocrx_word' id='word_1_430' title='bbox 1567 620 1655 647; x_wconf 80' lang='grc'><strong>6556,</strong></span> <span class='ocrx_word' id='word_1_431' title='bbox 1680 621 1739 651; x_wconf 85' lang='lat' dir='ltr'><strong>per</strong></span> <span class='ocrx_word' id='word_1_432' title='bbox 1762 622 1846 652; x_wconf 87' lang='lat' dir='ltr'><strong>quas</strong></span> <span class='ocrx_word' id='word_1_433' title='bbox 1865 611 1959 643; x_wconf 83' lang='lat' dir='ltr'><strong>Deus</strong></span> <span class='ocrx_word' id='word_1_434' title='bbox 1974 613 2117 653; x_wconf 85' lang='lat' dir='ltr'><strong>impertit</strong></span> <span class='ocrx_word' id='word_1_435' title='bbox 2134 618 2228 644; x_wconf 78' lang='lat' dir='ltr'><strong>tanta</strong></span> 
     </span>
     <span class='ocr_line' id='line_1_69' title="bbox 1213 650 2226 696; baseline 0.004 -13"><span class='ocrx_word' id='word_1_436' title='bbox 1213 650 1218 687; x_wconf 71' lang='grc' dir='ltr'>ἰ</span> <span class='ocrx_word' id='word_1_437' title='bbox 1242 653 1416 690; x_wconf 80' lang='grc'><strong>1160611613,</strong></span> <span class='ocrx_word' id='word_1_438' title='bbox 1436 653 1631 694; x_wconf 85' lang='lat' dir='ltr'><strong>religionem</strong></span> <span class='ocrx_word' id='word_1_439' title='bbox 1653 664 1778 691; x_wconf 86' lang='lat' dir='ltr'><strong>veram,</strong></span> <span class='ocrx_word' id='word_1_440' title='bbox 1812 653 1918 696; x_wconf 83' lang='lat' dir='ltr'><strong>leges,</strong></span> <span class='ocrx_word' id='word_1_441' title='bbox 1942 656 2074 693; x_wconf 84' lang='lat' dir='ltr'><strong>iudicia,</strong></span> <span class='ocrx_word' id='word_1_442' title='bbox 2098 665 2226 696; x_wconf 74' lang='lat' dir='ltr'><strong>pacem.</strong></span> 
     </span>
     <span class='ocr_line' id='line_1_70' title="bbox 1214 690 1537 737; baseline 0.006 -12"><span class='ocrx_word' id='word_1_443' title='bbox 1214 690 1217 700; x_wconf 76' lang='lat'>¹</span> <span class='ocrx_word' id='word_1_444' title='bbox 1240 697 1354 737; x_wconf 82' lang='lat' dir='ltr'><strong>generi</strong></span> <span class='ocrx_word' id='word_1_445' title='bbox 1372 695 1537 727; x_wconf 70' lang='lat' dir='ltr'><strong>humano?</strong></span> 
     </span>
    </p>
   </div>
   <div class='ocr_carea' id='block_1_15' title="bbox 1239 771 2228 1414">
    <p class='ocr_par' dir='ltr' id='par_1_15' title="bbox 1239 771 2228 1414">
     <span class='ocr_line' id='line_1_71' title="bbox 1326 771 2225 815; baseline 0.003 -12"><span class='ocrx_word' id='word_1_446' title='bbox 1326 771 1424 803; x_wconf 83' lang='lat' dir='ltr'><strong>Tales</strong></span> <span class='ocrx_word' id='word_1_447' title='bbox 1448 771 1580 804; x_wconf 85' lang='lat' dir='ltr'><strong>suerunt</strong></span> <span class='ocrx_word' id='word_1_448' title='bbox 1603 774 1857 815; x_wconf 71' lang='lat' dir='ltr'><strong>gubernatoreS,</strong></span> <span class='ocrx_word' id='word_1_449' title='bbox 1875 774 2014 813; x_wconf 74' lang='lat' dir='ltr'><strong>Moises,</strong></span> <span class='ocrx_word' id='word_1_450' title='bbox 2037 775 2147 814; x_wconf 86' lang='lat' dir='ltr'><strong>losue,</strong></span> <span class='ocrx_word' id='word_1_451' title='bbox 2166 775 2225 806; x_wconf 80' lang='lat' dir='ltr'><strong>Sa-</strong></span> 
     </span>
     <span class='ocr_line' id='line_1_72' title="bbox 1239 814 2225 858; baseline 0.003 -12"><span class='ocrx_word' id='word_1_452' title='bbox 1239 814 1339 853; x_wconf 83' lang='lat' dir='ltr'><strong>muel,</strong></span> <span class='ocrx_word' id='word_1_453' title='bbox 1364 815 1485 854; x_wconf 72' lang='lat' dir='ltr'><strong>David,</strong></span> <span class='ocrx_word' id='word_1_454' title='bbox 1511 814 1687 853; x_wconf 87' lang='lat' dir='ltr'><strong>Salomon,</strong></span> <span class='ocrx_word' id='word_1_455' title='bbox 1712 816 1879 858; x_wconf 85' lang='lat' dir='ltr'><strong>lesaphat,</strong></span> <span class='ocrx_word' id='word_1_456' title='bbox 1908 817 2083 856; x_wconf 80' lang='lat' dir='ltr'><strong>Ezechias,</strong></span> <span class='ocrx_word' id='word_1_457' title='bbox 2109 817 2225 857; x_wconf 86' lang='lat' dir='ltr'><strong>losias,</strong></span> 
     </span>
     <span class='ocr_line' id='line_1_73' title="bbox 1241 857 2226 902; baseline 0.002 -13"><span class='ocrx_word' id='word_1_458' title='bbox 1241 857 1362 900; x_wconf 75' lang='lat' dir='ltr'><strong>CyruS,</strong></span> <span class='ocrx_word' id='word_1_459' title='bbox 1388 857 1639 896; x_wconf 84' lang='lat' dir='ltr'><strong>Constantinus,</strong></span> <span class='ocrx_word' id='word_1_460' title='bbox 1662 858 1882 890; x_wconf 78' lang='lat' dir='ltr'><strong>Theodosius.</strong></span> <span class='ocrx_word' id='word_1_461' title='bbox 1927 859 1988 890; x_wconf 71' lang='lat' dir='ltr'><strong>Est</strong></span> <span class='ocrx_word' id='word_1_462' title='bbox 2020 861 2118 902; x_wconf 87' lang='lat' dir='ltr'><strong>igitur</strong></span> <span class='ocrx_word' id='word_1_463' title='bbox 2142 859 2226 892; x_wconf 85' lang='lat' dir='ltr'><strong>alter</strong></span> 
     </span>
     <span class='ocr_line' id='line_1_74' title="bbox 1240 901 2225 945; baseline 0.003 -14"><span class='ocrx_word' id='word_1_464' title='bbox 1240 901 1367 939; x_wconf 74' lang='lat' dir='ltr'><strong>honos,</strong></span> <span class='ocrx_word' id='word_1_465' title='bbox 1393 902 1447 942; x_wconf 91' lang='lat' dir='ltr'><strong>qui</strong></span> <span class='ocrx_word' id='word_1_466' title='bbox 1472 911 1635 942; x_wconf 77' lang='lat' dir='ltr'><strong>personas</strong></span> <span class='ocrx_word' id='word_1_467' title='bbox 1661 903 1815 940; x_wconf 75' lang='lat' dir='ltr'><strong>intuetur,</strong></span> <span class='ocrx_word' id='word_1_468' title='bbox 1839 913 2026 945; x_wconf 82' lang='lat' dir='ltr'><strong>agnoscere</strong></span> <span class='ocrx_word' id='word_1_469' title='bbox 2050 903 2115 934; x_wconf 88' lang='lat' dir='ltr'><strong>hoc</strong></span> <span class='ocrx_word' id='word_1_470' title='bbox 2146 913 2225 944; x_wconf 91' lang='lat' dir='ltr'><strong>quo-</strong></span> 
     </span>
     <span class='ocr_line' id='line_1_75' title="bbox 1241 944 2226 987; baseline 0.002 -12"><span class='ocrx_word' id='word_1_471' title='bbox 1241 955 1305 985; x_wconf 90' lang='lat' dir='ltr'><strong>que</strong></span> <span class='ocrx_word' id='word_1_472' title='bbox 1317 944 1381 975; x_wconf 86' lang='lat' dir='ltr'><strong>Dei</strong></span> <span class='ocrx_word' id='word_1_473' title='bbox 1404 955 1523 976; x_wconf 73' lang='lat' dir='ltr'><strong>munus</strong></span> <span class='ocrx_word' id='word_1_474' title='bbox 1548 955 1637 981; x_wconf 84' lang='lat' dir='ltr'><strong>esse,</strong></span> <span class='ocrx_word' id='word_1_475' title='bbox 1661 945 1784 976; x_wconf 71' lang='lat' dir='ltr'><strong>habere</strong></span> <span class='ocrx_word' id='word_1_476' title='bbox 1807 952 1975 986; x_wconf 65' lang='lat' dir='ltr'><strong>parentes,</strong></span> <span class='ocrx_word' id='word_1_477' title='bbox 2001 947 2056 987; x_wconf 88' lang='lat' dir='ltr'><strong>qui</strong></span> <span class='ocrx_word' id='word_1_478' title='bbox 2080 945 2226 977; x_wconf 82' lang='lat' dir='ltr'><strong>officium</strong></span> 
     </span>
     <span class='ocr_line' id='line_1_76' title="bbox 1240 987 2225 1030; baseline 0.002 -13"><span class='ocrx_word' id='word_1_479' title='bbox 1240 997 1336 1018; x_wconf 85' lang='lat' dir='ltr'><strong>suum</strong></span> <span class='ocrx_word' id='word_1_480' title='bbox 1360 987 1500 1024; x_wconf 79' lang='lat' dir='ltr'><strong>faciunt,</strong></span> <span class='ocrx_word' id='word_1_481' title='bbox 1527 990 1632 1018; x_wconf 83' lang='lat' dir='ltr'><strong>bonos</strong></span> <span class='ocrx_word' id='word_1_482' title='bbox 1658 988 1832 1026; x_wconf 83' lang='lat' dir='ltr'><strong>doctores,</strong></span> <span class='ocrx_word' id='word_1_483' title='bbox 1859 987 2024 1019; x_wconf 87' lang='lat' dir='ltr'><strong>salutares</strong></span> <span class='ocrx_word' id='word_1_484' title='bbox 2048 989 2225 1030; x_wconf 86' lang='lat' dir='ltr'><strong>principes.</strong></span> 
     </span>
     <span class='ocr_line' id='line_1_77' title="bbox 1240 1029 2226 1072; baseline 0.003 -12"><span class='ocrx_word' id='word_1_485' title='bbox 1240 1029 1323 1060; x_wconf 86' lang='lat' dir='ltr'><strong>Nam</strong></span> <span class='ocrx_word' id='word_1_486' title='bbox 1344 1031 1505 1061; x_wconf 72' lang='lat' dir='ltr'><strong>ordinatio</strong></span> <span class='ocrx_word' id='word_1_487' title='bbox 1529 1031 1601 1071; x_wconf 83' lang='lat' dir='ltr'><strong>ipsa</strong></span> <span class='ocrx_word' id='word_1_488' title='bbox 1625 1041 1687 1061; x_wconf 85' lang='grc'><strong>560</strong></span> <span class='ocrx_word' id='word_1_489' title='bbox 1703 1029 1797 1072; x_wconf 82' lang='lat' dir='ltr'><strong>leges</strong></span> <span class='ocrx_word' id='word_1_490' title='bbox 1822 1032 1894 1062; x_wconf 79' lang='lat' dir='ltr'><strong>sine</strong></span> <span class='ocrx_word' id='word_1_491' title='bbox 1914 1033 2055 1063; x_wconf 82' lang='lat' dir='ltr'><strong>custode</strong></span> <span class='ocrx_word' id='word_1_492' title='bbox 2074 1042 2134 1062; x_wconf 93' lang='lat' dir='ltr'><strong>seu</strong></span> <span class='ocrx_word' id='word_1_493' title='bbox 2151 1042 2226 1063; x_wconf 81' lang='lat' dir='ltr'><strong>exe—</strong></span> 
     </span>
     <span class='ocr_line' id='line_1_78' title="bbox 1241 1074 2225 1116; baseline 0.001 -12"><span class='ocrx_word' id='word_1_494' title='bbox 1241 1080 1367 1105; x_wconf 82' lang='lat' dir='ltr'><strong>cutore.</strong></span> <span class='ocrx_word' id='word_1_495' title='bbox 1393 1081 1468 1104; x_wconf 83' lang='lat' dir='ltr'><strong>sunt</strong></span> <span class='ocrx_word' id='word_1_496' title='bbox 1492 1074 1651 1111; x_wconf 79' lang='lat' dir='ltr'><strong>infirmae,</strong></span> <span class='ocrx_word' id='word_1_497' title='bbox 1675 1081 1709 1104; x_wconf 81' lang='lat' dir='ltr'><strong>ut</strong></span> <span class='ocrx_word' id='word_1_498' title='bbox 1729 1075 1806 1106; x_wconf 87' lang='lat' dir='ltr'><strong>dicit</strong></span> <span class='ocrx_word' id='word_1_499' title='bbox 1820 1085 1963 1116; x_wconf 44' lang='lat' dir='ltr'><strong>grierns</strong></span> <span class='ocrx_word' id='word_1_500' title='bbox 1977 1085 2114 1105; x_wconf 73' lang='lat' dir='ltr'><strong>versus:</strong></span> <span class='ocrx_word' id='word_1_501' title='bbox 2131 1074 2225 1115; x_wconf 77' lang='grc' dir='ltr'><em>Ἰσχο-</em></span> 
     </span>
     <span class='ocr_line' id='line_1_79' title="bbox 1241 1115 2227 1158; baseline 0.003 -13"><span class='ocrx_word' id='word_1_502' title='bbox 1241 1115 1293 1158; x_wconf 72' lang='grc' dir='ltr'><strong>ρό1’</strong></span> <span class='ocrx_word' id='word_1_503' title='bbox 1318 1115 1333 1146; x_wconf 80' lang='grc' dir='ltr'>ὁ</span> <span class='ocrx_word' id='word_1_504' title='bbox 1359 1117 1463 1155; x_wconf 70' lang='grc' dir='ltr'><strong>νόμος,</strong></span> <span class='ocrx_word' id='word_1_505' title='bbox 1495 1115 1528 1154; x_wconf 63' lang='grc' dir='ltr'><strong>ἢν</strong></span> <span class='ocrx_word' id='word_1_506' title='bbox 1558 1115 1686 1158; x_wconf 64' lang='grc' dir='ltr'><strong>ἄρχοντα</strong></span> <span class='ocrx_word' id='word_1_507' title='bbox 1716 1118 1778 1157; x_wconf 66' lang='grc' dir='ltr'><strong>ἔχῃ.</strong></span> <span class='ocrx_word' id='word_1_508' title='bbox 1826 1117 1947 1149; x_wconf 71' lang='lat' dir='ltr'><strong>valida</strong></span> <span class='ocrx_word' id='word_1_509' title='bbox 1981 1128 2036 1149; x_wconf 79' lang='lat' dir='ltr'><strong>res</strong></span> <span class='ocrx_word' id='word_1_510' title='bbox 2072 1116 2128 1148; x_wconf 77' lang='lat' dir='ltr'><strong>lex</strong></span> <span class='ocrx_word' id='word_1_511' title='bbox 2163 1122 2227 1156; x_wconf 77' lang='lat' dir='ltr'><strong>est,</strong></span> 
     </span>
     <span class='ocr_line' id='line_1_80' title="bbox 1241 1158 2226 1201; baseline 0.002 -12"><span class='ocrx_word' id='word_1_512' title='bbox 1241 1169 1316 1189; x_wconf 87' lang='lat' dir='ltr'><strong>cum</strong></span> <span class='ocrx_word' id='word_1_513' title='bbox 1344 1160 1526 1199; x_wconf 86' lang='lat' dir='ltr'><strong>principem</strong></span> <span class='ocrx_word' id='word_1_514' title='bbox 1558 1158 1670 1190; x_wconf 81' lang='lat' dir='ltr'><strong>habet.</strong></span> <span class='ocrx_word' id='word_1_515' title='bbox 1722 1160 1776 1190; x_wconf 81' lang='lat' dir='ltr'><strong>Ad</strong></span> <span class='ocrx_word' id='word_1_516' title='bbox 1801 1159 1892 1191; x_wconf 80' lang='lat' dir='ltr'><strong>hunc</strong></span> <span class='ocrx_word' id='word_1_517' title='bbox 1922 1162 2060 1201; x_wconf 83' lang='lat' dir='ltr'><strong>gradum</strong></span> <span class='ocrx_word' id='word_1_518' title='bbox 2088 1161 2226 1191; x_wconf 90' lang='lat' dir='ltr'><strong>honoris</strong></span> 
     </span>
     <span class='ocr_line' id='line_1_81' title="bbox 1241 1200 2226 1244; baseline 0.002 -12"><span class='ocrx_word' id='word_1_519' title='bbox 1241 1203 1406 1243; x_wconf 80' lang='lat' dir='ltr'><strong>pertinent</strong></span> <span class='ocrx_word' id='word_1_520' title='bbox 1426 1202 1511 1232; x_wconf 73' lang='lat' dir='ltr'><strong>haec</strong></span> <span class='ocrx_word' id='word_1_521' title='bbox 1535 1200 1664 1240; x_wconf 84' lang='lat' dir='ltr'><strong>officia,</strong></span> <span class='ocrx_word' id='word_1_522' title='bbox 1690 1203 1869 1244; x_wconf 84' lang='lat' dir='ltr'><strong>gratiarum</strong></span> <span class='ocrx_word' id='word_1_523' title='bbox 1898 1204 1985 1233; x_wconf 88' lang='lat' dir='ltr'><strong>actio</strong></span> <span class='ocrx_word' id='word_1_524' title='bbox 2015 1214 2075 1244; x_wconf 86' lang='lat' dir='ltr'><strong>pro</strong></span> <span class='ocrx_word' id='word_1_525' title='bbox 2105 1202 2226 1234; x_wconf 85' lang='lat' dir='ltr'><strong>talibus</strong></span> 
     </span>
     <span class='ocr_line' id='line_1_82' title="bbox 1242 1245 2228 1286; baseline 0.002 -11"><span class='ocrx_word' id='word_1_526' title='bbox 1242 1246 1411 1286; x_wconf 88' lang='lat' dir='ltr'><strong>personis,</strong></span> <span class='ocrx_word' id='word_1_527' title='bbox 1445 1245 1592 1286; x_wconf 66' lang='lat' dir='ltr'><strong>precatio</strong></span> <span class='ocrx_word' id='word_1_528' title='bbox 1621 1255 1682 1286; x_wconf 87' lang='lat' dir='ltr'><strong>pro</strong></span> <span class='ocrx_word' id='word_1_529' title='bbox 1707 1246 1771 1284; x_wconf 89' lang='lat' dir='ltr'><strong>eis,</strong></span> <span class='ocrx_word' id='word_1_530' title='bbox 1809 1246 2012 1283; x_wconf 86' lang='lat' dir='ltr'><strong>obedientia,</strong></span> <span class='ocrx_word' id='word_1_531' title='bbox 2043 1246 2228 1277; x_wconf 82' lang='lat' dir='ltr'><strong>reverentia</strong></span> 
     </span>
     <span class='ocr_line' id='line_1_83' title="bbox 1241 1289 2228 1330; baseline 0.002 -12"><span class='ocrx_word' id='word_1_532' title='bbox 1241 1298 1407 1328; x_wconf 76' lang='lat' dir='ltr'><strong>personae</strong></span> <span class='ocrx_word' id='word_1_533' title='bbox 1427 1289 1548 1326; x_wconf 78' lang='lat' dir='ltr'><strong>debita,</strong></span> <span class='ocrx_word' id='word_1_534' title='bbox 1575 1289 1709 1326; x_wconf 73' lang='lat' dir='ltr'><strong>veritas,</strong></span> <span class='ocrx_word' id='word_1_535' title='bbox 1733 1298 1792 1319; x_wconf 83' lang='lat' dir='ltr'><strong>seu</strong></span> <span class='ocrx_word' id='word_1_536' title='bbox 1818 1289 1945 1319; x_wconf 76' lang='lat' dir='ltr'><strong>candor</strong></span> <span class='ocrx_word' id='word_1_537' title='bbox 1968 1295 1999 1318; x_wconf 87' lang='lat' dir='ltr'><strong>et</strong></span> <span class='ocrx_word' id='word_1_538' title='bbox 2023 1289 2171 1330; x_wconf 87' lang='lat' dir='ltr'><strong>aequitas</strong></span> <span class='ocrx_word' id='word_1_539' title='bbox 2194 1289 2228 1320; x_wconf 88' lang='lat' dir='ltr'><strong>in</strong></span> 
     </span>
     <span class='ocr_line' id='line_1_84' title="bbox 1242 1331 2228 1372; baseline 0.002 -11"><span class='ocrx_word' id='word_1_540' title='bbox 1242 1331 1373 1372; x_wconf 87' lang='lat' dir='ltr'><strong>legibus</strong></span> <span class='ocrx_word' id='word_1_541' title='bbox 1397 1339 1428 1361; x_wconf 83' lang='lat' dir='ltr'><strong>et</strong></span> <span class='ocrx_word' id='word_1_542' title='bbox 1453 1332 1640 1362; x_wconf 73' lang='lat' dir='ltr'><strong>actionibus</strong></span> <span class='ocrx_word' id='word_1_543' title='bbox 1665 1342 1778 1362; x_wconf 87' lang='lat' dir='ltr'><strong>earum</strong></span> <span class='ocrx_word' id='word_1_544' title='bbox 1801 1332 2002 1368; x_wconf 84' lang='lat' dir='ltr'><strong>iudicandis,</strong></span> <span class='ocrx_word' id='word_1_545' title='bbox 2026 1332 2228 1363; x_wconf 85' lang='lat' dir='ltr'><strong>condonatio</strong></span> 
     </span>
     <span class='ocr_line' id='line_1_85' title="bbox 1242 1373 1720 1414; baseline 0 -10"><span class='ocrx_word' id='word_1_546' title='bbox 1242 1373 1425 1414; x_wconf 86' lang='lat' dir='ltr'><strong>aliquarum</strong></span> <span class='ocrx_word' id='word_1_547' title='bbox 1447 1373 1720 1406; x_wconf 77' lang='lat' dir='ltr'><strong>imbecillitatum.</strong></span> 
     </span>
    </p>
   </div>
   <div class='ocr_carea' id='block_1_16' title="bbox 1212 702 1218 880">
    <p class='ocr_par' dir='ltr' id='par_1_16' title="bbox 1212 702 1218 880">
     <span class='ocr_line' id='line_1_86' title="bbox 1212 702 1218 880; baseline 0 2110"><span class='ocrx_word' id='word_1_548' title='bbox 1212 702 1218 880; x_wconf 95' lang='lat' dir='ltr'><strong> </strong></span> 
     </span>
    </p>
   </div>
   <div class='ocr_carea' id='block_1_17' title="bbox 1213 884 1218 992">
    <p class='ocr_par' dir='ltr' id='par_1_17' title="bbox 1213 884 1218 992">
     <span class='ocr_line' id='line_1_87' title="bbox 1213 884 1218 992; baseline 0 0"><span class='ocrx_word' id='word_1_549' title='bbox 1213 884 1218 992; x_wconf 95' lang='lat' dir='ltr'><strong> </strong></span> 
     </span>
    </p>
   </div>
   <div class='ocr_carea' id='block_1_18' title="bbox 1213 1042 1218 1087">
    <p class='ocr_par' dir='ltr' id='par_1_18' title="bbox 1213 1042 1218 1087">
     <span class='ocr_line' id='line_1_88' title="bbox 1213 1042 1218 1087; baseline 0 0"><span class='ocrx_word' id='word_1_550' title='bbox 1213 1042 1218 1087; x_wconf 73' lang='lat'>1</span> 
     </span>
    </p>
   </div>
   <div class='ocr_carea' id='block_1_19' title="bbox 1216 1458 2230 2422">
    <p class='ocr_par' dir='ltr' id='par_1_19' title="bbox 1217 1458 2230 2319">
     <span class='ocr_line' id='line_1_89' title="bbox 1330 1458 2226 1500; baseline 0.002 -12"><span class='ocrx_word' id='word_1_551' title='bbox 1330 1459 1368 1489; x_wconf 88' lang='lat' dir='ltr'><strong>ll.</strong></span> <span class='ocrx_word' id='word_1_552' title='bbox 1413 1458 1466 1490; x_wconf 90' lang='lat' dir='ltr'><strong>De</strong></span> <span class='ocrx_word' id='word_1_553' title='bbox 1490 1460 1670 1500; x_wconf 84' lang='lat' dir='ltr'><strong>gratiarum</strong></span> <span class='ocrx_word' id='word_1_554' title='bbox 1693 1461 1825 1490; x_wconf 89' lang='lat' dir='ltr'><strong>actione</strong></span> <span class='ocrx_word' id='word_1_555' title='bbox 1856 1466 1889 1490; x_wconf 90' lang='lat' dir='ltr'><strong>et</strong></span> <span class='ocrx_word' id='word_1_556' title='bbox 1917 1460 2110 1500; x_wconf 82' lang='lat' dir='ltr'><strong>precatione</strong></span> <span class='ocrx_word' id='word_1_557' title='bbox 2135 1470 2226 1490; x_wconf 85' lang='grc'><strong>111311-</strong></span> 
     </span>
     <span class='ocr_line' id='line_1_90' title="bbox 1242 1502 2228 1542; baseline -0.001 -8"><span class='ocrx_word' id='word_1_558' title='bbox 1242 1504 1353 1534; x_wconf 85' lang='lat' dir='ltr'><strong>datum</strong></span> <span class='ocrx_word' id='word_1_559' title='bbox 1378 1508 1467 1532; x_wconf 78' lang='lat' dir='ltr'><strong>extat</strong></span> <span class='ocrx_word' id='word_1_560' title='bbox 1492 1502 1614 1533; x_wconf 73' lang='lat' dir='ltr'><strong>LTim.</strong></span> <span class='ocrx_word' id='word_1_561' title='bbox 1638 1503 1669 1533; x_wconf 68' lang='lat'><strong>2.</strong></span> <span class='ocrx_word' id='word_1_562' title='bbox 1695 1502 1829 1533; x_wconf 83' lang='lat' dir='ltr'><strong>Certum</strong></span> <span class='ocrx_word' id='word_1_563' title='bbox 1853 1508 1903 1533; x_wconf 86' lang='lat' dir='ltr'><strong>est</strong></span> <span class='ocrx_word' id='word_1_564' title='bbox 1927 1503 2024 1540; x_wconf 89' lang='lat' dir='ltr'><strong>enim,</strong></span> <span class='ocrx_word' id='word_1_565' title='bbox 2047 1503 2228 1542; x_wconf 86' lang='lat' dir='ltr'><strong>sapientes,</strong></span> 
     </span>
     <span class='ocr_line' id='line_1_91' title="bbox 1241 1544 2229 1587; baseline 0 -11"><span class='ocrx_word' id='word_1_566' title='bbox 1241 1547 1347 1576; x_wconf 86' lang='lat' dir='ltr'><strong>iustos</strong></span> <span class='ocrx_word' id='word_1_567' title='bbox 1372 1552 1404 1576; x_wconf 86' lang='lat' dir='ltr'><strong>et</strong></span> <span class='ocrx_word' id='word_1_568' title='bbox 1427 1544 1824 1587; x_wconf 76' lang='lat' dir='ltr'><strong>foelices‘gubernatores</strong></span> <span class='ocrx_word' id='word_1_569' title='bbox 1848 1545 2031 1586; x_wconf 81' lang='lat' dir='ltr'><strong>singularia</strong></span> <span class='ocrx_word' id='word_1_570' title='bbox 2052 1545 2116 1576; x_wconf 90' lang='lat' dir='ltr'><strong>Dei</strong></span> <span class='ocrx_word' id='word_1_571' title='bbox 2141 1546 2229 1577; x_wconf 77' lang='lat' dir='ltr'><strong>dona</strong></span> 
     </span>
     <span class='ocr_line' id='line_1_92' title="bbox 1243 1587 2228 1630; baseline 0.001 -11"><span class='ocrx_word' id='word_1_572' title='bbox 1243 1598 1336 1626; x_wconf 84' lang='lat' dir='ltr'><strong>esse,</strong></span> <span class='ocrx_word' id='word_1_573' title='bbox 1371 1594 1407 1619; x_wconf 86' lang='lat' dir='ltr'><strong>ut</strong></span> <span class='ocrx_word' id='word_1_574' title='bbox 1436 1587 1595 1619; x_wconf 83' lang='lat' dir='ltr'><strong>Salomon</strong></span> <span class='ocrx_word' id='word_1_575' title='bbox 1619 1589 1815 1630; x_wconf 71' lang='lat' dir='ltr'><strong>gravissime</strong></span> <span class='ocrx_word' id='word_1_576' title='bbox 1845 1589 1937 1626; x_wconf 84' lang='lat' dir='ltr'><strong>dicit,</strong></span> <span class='ocrx_word' id='word_1_577' title='bbox 1972 1587 2018 1619; x_wconf 79' lang='lat' dir='ltr'><strong>Ut</strong></span> <span class='ocrx_word' id='word_1_578' title='bbox 2041 1587 2159 1620; x_wconf 84' lang='lat' dir='ltr'><strong>oculus</strong></span> <span class='ocrx_word' id='word_1_579' title='bbox 2180 1589 2228 1620; x_wconf 87' lang='lat' dir='ltr'><strong>vi-</strong></span> 
     </span>
     <span class='ocr_line' id='line_1_93' title="bbox 1244 1630 2227 1673; baseline 0.001 -11"><span class='ocrx_word' id='word_1_580' title='bbox 1244 1633 1329 1669; x_wconf 81' lang='lat' dir='ltr'><strong>deat,</strong></span> <span class='ocrx_word' id='word_1_581' title='bbox 1354 1632 1496 1662; x_wconf 63' lang='grc'><strong>61311115</strong></span> <span class='ocrx_word' id='word_1_582' title='bbox 1520 1632 1642 1669; x_wconf 79' lang='lat' dir='ltr'><strong>audiat,</strong></span> <span class='ocrx_word' id='word_1_583' title='bbox 1656 1630 1748 1662; x_wconf 87' lang='lat' dir='ltr'><strong>Deus</strong></span> <span class='ocrx_word' id='word_1_584' title='bbox 1774 1630 1854 1662; x_wconf 83' lang='lat' dir='ltr'><strong>facit</strong></span> <span class='ocrx_word' id='word_1_585' title='bbox 1876 1638 2061 1673; x_wconf 86' lang='lat' dir='ltr'><strong>utrumque.</strong></span> <span class='ocrx_word' id='word_1_586' title='bbox 2098 1631 2227 1663; x_wconf 67' lang='lat' dir='ltr'><strong>oculus</strong></span> 
     </span>
     <span class='ocr_line' id='line_1_94' title="bbox 1244 1673 2226 1716; baseline 0 -11"><span class='ocrx_word' id='word_1_587' title='bbox 1244 1674 1407 1716; x_wconf 82' lang='lat' dir='ltr'><strong>significat</strong></span> <span class='ocrx_word' id='word_1_588' title='bbox 1432 1676 1707 1716; x_wconf 73' lang='lat' dir='ltr'><strong>gubernatorem,</strong></span> <span class='ocrx_word' id='word_1_589' title='bbox 1733 1676 1823 1705; x_wconf 65' lang='lat' dir='ltr'><strong>auris</strong></span> <span class='ocrx_word' id='word_1_590' title='bbox 1847 1673 2003 1716; x_wconf 75' lang='lat' dir='ltr'><strong>populum</strong></span> <span class='ocrx_word' id='word_1_591' title='bbox 2026 1675 2226 1711; x_wconf 86' lang='lat' dir='ltr'><strong>audientem,</strong></span> 
     </span>
     <span class='ocr_line' id='line_1_95' title="bbox 1243 1716 2226 1760; baseline 0.001 -13"><span class='ocrx_word' id='word_1_592' title='bbox 1243 1724 1277 1748; x_wconf 86' lang='lat' dir='ltr'><strong>ut</strong></span> <span class='ocrx_word' id='word_1_593' title='bbox 1302 1728 1382 1759; x_wconf 85' lang='lat' dir='ltr'><strong>ergo</strong></span> <span class='ocrx_word' id='word_1_594' title='bbox 1407 1717 1489 1748; x_wconf 72' lang='grc'><strong>11361·</strong></span> <span class='ocrx_word' id='word_1_595' title='bbox 1510 1719 1574 1748; x_wconf 81' lang='lat' dir='ltr'><strong>sint</strong></span> <span class='ocrx_word' id='word_1_596' title='bbox 1595 1719 1624 1748; x_wconf 92' lang='lat' dir='ltr'><strong>in</strong></span> <span class='ocrx_word' id='word_1_597' title='bbox 1650 1716 1773 1755; x_wconf 79' lang='lat' dir='ltr'><strong>officio,</strong></span> <span class='ocrx_word' id='word_1_598' title='bbox 1799 1718 1830 1748; x_wconf 91' lang='lat' dir='ltr'><strong>id</strong></span> <span class='ocrx_word' id='word_1_599' title='bbox 1855 1724 1919 1756; x_wconf 86' lang='lat' dir='ltr'><strong>est,</strong></span> <span class='ocrx_word' id='word_1_600' title='bbox 1955 1724 1987 1748; x_wconf 82' lang='lat' dir='ltr'><strong>ut</strong></span> <span class='ocrx_word' id='word_1_601' title='bbox 2013 1719 2226 1760; x_wconf 80' lang='lat' dir='ltr'><strong>magistratus</strong></span> 
     </span>
     <span class='ocr_line' id='line_1_96' title="bbox 1244 1759 2227 1802; baseline 0 -11"><span class='ocrx_word' id='word_1_602' title='bbox 1244 1762 1285 1791; x_wconf 89' lang='lat' dir='ltr'><strong>sit.</strong></span> <span class='ocrx_word' id='word_1_603' title='bbox 1310 1759 1450 1802; x_wconf 57' lang='lat' dir='ltr'><strong>x‘igilans</strong></span> <span class='ocrx_word' id='word_1_604' title='bbox 1481 1767 1511 1791; x_wconf 81' lang='lat' dir='ltr'><strong>et</strong></span> <span class='ocrx_word' id='word_1_605' title='bbox 1541 1762 1706 1799; x_wconf 71' lang='lat' dir='ltr'><strong>intentus,</strong></span> <span class='ocrx_word' id='word_1_606' title='bbox 1741 1766 1771 1792; x_wconf 88' lang='lat' dir='ltr'><strong>et</strong></span> <span class='ocrx_word' id='word_1_607' title='bbox 1795 1766 1827 1791; x_wconf 89' lang='lat' dir='ltr'><strong>ut</strong></span> <span class='ocrx_word' id='word_1_608' title='bbox 1853 1761 2033 1802; x_wconf 82' lang='lat' dir='ltr'><strong>prospiciat</strong></span> <span class='ocrx_word' id='word_1_609' title='bbox 2063 1760 2227 1792; x_wconf 87' lang='lat' dir='ltr'><strong>communi</strong></span> 
     </span>
     <span class='ocr_line' id='line_1_97' title="bbox 1245 1802 2229 1846; baseline -0.002 -12"><span class='ocrx_word' id='word_1_610' title='bbox 1245 1802 1384 1841; x_wconf 67' lang='lat' dir='ltr'><strong>utilitati,</strong></span> <span class='ocrx_word' id='word_1_611' title='bbox 1409 1810 1437 1834; x_wconf 79' lang='lat' dir='ltr'><strong>et</strong></span> <span class='ocrx_word' id='word_1_612' title='bbox 1462 1810 1498 1834; x_wconf 85' lang='lat' dir='ltr'><strong>ut</strong></span> <span class='ocrx_word' id='word_1_613' title='bbox 1515 1804 1600 1835; x_wconf 74' lang='lat' dir='ltr'><strong>adsit</strong></span> <span class='ocrx_word' id='word_1_614' title='bbox 1620 1805 1791 1842; x_wconf 78' lang='lat' dir='ltr'><strong>autoritas,</strong></span> <span class='ocrx_word' id='word_1_615' title='bbox 1816 1815 1901 1846; x_wconf 84' lang='lat' dir='ltr'><strong>quae</strong></span> <span class='ocrx_word' id='word_1_616' title='bbox 1918 1810 2051 1835; x_wconf 67' lang='lat' dir='ltr'><strong>moveat</strong></span> <span class='ocrx_word' id='word_1_617' title='bbox 2063 1811 2229 1842; x_wconf 67' lang='lat' dir='ltr'><strong>caeteros,</strong></span> 
     </span>
     <span class='ocr_line' id='line_1_98' title="bbox 1243 1847 2228 1888; baseline 0 -11"><span class='ocrx_word' id='word_1_618' title='bbox 1243 1854 1274 1877; x_wconf 80' lang='grc'><strong>01</strong></span> <span class='ocrx_word' id='word_1_619' title='bbox 1300 1847 1531 1878; x_wconf 68' lang='lat' dir='ltr'><strong>adsentiantur</strong></span> <span class='ocrx_word' id='word_1_620' title='bbox 1559 1848 1642 1878; x_wconf 91' lang='lat' dir='ltr'><strong>bene</strong></span> <span class='ocrx_word' id='word_1_621' title='bbox 1672 1848 1835 1885; x_wconf 85' lang='lat' dir='ltr'><strong>monenti,</strong></span> <span class='ocrx_word' id='word_1_622' title='bbox 1863 1853 1895 1878; x_wconf 85' lang='lat' dir='ltr'><strong>et</strong></span> <span class='ocrx_word' id='word_1_623' title='bbox 1920 1848 2147 1888; x_wconf 84' lang='lat' dir='ltr'><strong>obtemperent</strong></span> <span class='ocrx_word' id='word_1_624' title='bbox 2171 1857 2228 1878; x_wconf 87' lang='lat' dir='ltr'><strong>vo-</strong></span> 
     </span>
     <span class='ocr_line' id='line_1_99' title="bbox 1244 1889 2230 1931; baseline 0 -11"><span class='ocrx_word' id='word_1_625' title='bbox 1244 1889 1363 1928; x_wconf 82' lang='lat' dir='ltr'><strong>lentes,</strong></span> <span class='ocrx_word' id='word_1_626' title='bbox 1386 1889 1470 1921; x_wconf 74' lang='lat' dir='ltr'><strong>haec</strong></span> <span class='ocrx_word' id='word_1_627' title='bbox 1493 1891 1582 1921; x_wconf 86' lang='lat' dir='ltr'><strong>haud</strong></span> <span class='ocrx_word' id='word_1_628' title='bbox 1606 1890 1704 1921; x_wconf 89' lang='lat' dir='ltr'><strong>dubie</strong></span> <span class='ocrx_word' id='word_1_629' title='bbox 1727 1890 1790 1922; x_wconf 64' lang='lat' dir='ltr'><strong>Dei</strong></span> <span class='ocrx_word' id='word_1_630' title='bbox 1815 1900 1916 1931; x_wconf 87' lang='lat' dir='ltr'><strong>opera</strong></span> <span class='ocrx_word' id='word_1_631' title='bbox 1944 1895 2030 1921; x_wconf 88' lang='lat' dir='ltr'><strong>sunt.</strong></span> <span class='ocrx_word' id='word_1_632' title='bbox 2064 1889 2177 1924; x_wconf 83' lang='lat' dir='ltr'><strong>Quare</strong></span> <span class='ocrx_word' id='word_1_633' title='bbox 2200 1889 2230 1920; x_wconf 83' lang='lat' dir='ltr'><strong>si</strong></span> 
     </span>
     <span class='ocr_line' id='line_1_100' title="bbox 1218 1932 2228 1975; baseline -0.001 -12"><span class='ocrx_word' id='word_1_634' title='bbox 1218 1945 1219 1951; x_wconf 57' lang='lat'>¹</span> <span class='ocrx_word' id='word_1_635' title='bbox 1245 1944 1306 1975; x_wconf 81' lang='lat' dir='ltr'><strong>qua</strong></span> <span class='ocrx_word' id='word_1_636' title='bbox 1333 1934 1423 1974; x_wconf 83' lang='lat' dir='ltr'><strong>regio</strong></span> <span class='ocrx_word' id='word_1_637' title='bbox 1444 1933 1560 1964; x_wconf 79' lang='lat' dir='ltr'><strong>civitas</strong></span> <span class='ocrx_word' id='word_1_638' title='bbox 1584 1940 1638 1964; x_wconf 84' lang='lat' dir='ltr'><strong>aut</strong></span> <span class='ocrx_word' id='word_1_639' title='bbox 1663 1932 1817 1964; x_wconf 79' lang='lat' dir='ltr'><strong>Ecclesia</strong></span> <span class='ocrx_word' id='word_1_640' title='bbox 1840 1933 1936 1963; x_wconf 86' lang='lat' dir='ltr'><strong>habet</strong></span> <span class='ocrx_word' id='word_1_641' title='bbox 1960 1933 2146 1963; x_wconf 80' lang='lat' dir='ltr'><strong>mediocres</strong></span> <span class='ocrx_word' id='word_1_642' title='bbox 2170 1942 2228 1974; x_wconf 86' lang='lat' dir='ltr'><strong>gu—</strong></span> 
     </span>
     <span class='ocr_line' id='line_1_101' title="bbox 1247 1975 2229 2018; baseline -0.001 -11"><span class='ocrx_word' id='word_1_643' title='bbox 1247 1978 1452 2013; x_wconf 56' lang='lat' dir='ltr'><strong>bernatores,</strong></span> <span class='ocrx_word' id='word_1_644' title='bbox 1471 1984 1549 2018; x_wconf 84' lang='lat' dir='ltr'><strong>agat</strong></span> <span class='ocrx_word' id='word_1_645' title='bbox 1573 1975 1648 2006; x_wconf 90' lang='lat' dir='ltr'><strong>Deo</strong></span> <span class='ocrx_word' id='word_1_646' title='bbox 1672 1977 1809 2018; x_wconf 80' lang='lat' dir='ltr'><strong>gratias,</strong></span> <span class='ocrx_word' id='word_1_647' title='bbox 1828 1986 1887 2016; x_wconf 74' lang='lat' dir='ltr'><strong>pro</strong></span> <span class='ocrx_word' id='word_1_648' title='bbox 1912 1981 2003 2006; x_wconf 87' lang='lat' dir='ltr'><strong>tanto</strong></span> <span class='ocrx_word' id='word_1_649' title='bbox 2028 1985 2174 2013; x_wconf 83' lang='lat' dir='ltr'><strong>munere,</strong></span> <span class='ocrx_word' id='word_1_650' title='bbox 2197 1980 2229 2006; x_wconf 79' lang='lat' dir='ltr'><strong>et</strong></span> 
     </span>
     <span class='ocr_line' id='line_1_102' title="bbox 1245 2018 2230 2060; baseline 0.001 -11"><span class='ocrx_word' id='word_1_651' title='bbox 1245 2018 1362 2050; x_wconf 84' lang='lat' dir='ltr'><strong>sedulo</strong></span> <span class='ocrx_word' id='word_1_652' title='bbox 1387 2026 1475 2057; x_wconf 88' lang='lat' dir='ltr'><strong>oret,</strong></span> <span class='ocrx_word' id='word_1_653' title='bbox 1513 2026 1548 2050; x_wconf 87' lang='lat' dir='ltr'><strong>ut</strong></span> <span class='ocrx_word' id='word_1_654' title='bbox 1569 2018 1664 2050; x_wconf 82' lang='lat' dir='ltr'><strong>Deus</strong></span> <span class='ocrx_word' id='word_1_655' title='bbox 1687 2025 1781 2060; x_wconf 73' lang='lat' dir='ltr'><strong>regat</strong></span> <span class='ocrx_word' id='word_1_656' title='bbox 1809 2029 1849 2049; x_wconf 89' lang='lat' dir='ltr'><strong>ac</strong></span> <span class='ocrx_word' id='word_1_657' title='bbox 1880 2019 2012 2049; x_wconf 83' lang='lat' dir='ltr'><strong>adiuvet</strong></span> <span class='ocrx_word' id='word_1_658' title='bbox 2037 2029 2117 2056; x_wconf 90' lang='lat' dir='ltr'><strong>eos,</strong></span> <span class='ocrx_word' id='word_1_659' title='bbox 2153 2018 2230 2059; x_wconf 82' lang='lat' dir='ltr'><strong>quia</strong></span> 
     </span>
     <span class='ocr_line' id='line_1_103' title="bbox 1244 2061 2230 2104; baseline -0.001 -11"><span class='ocrx_word' id='word_1_660' title='bbox 1244 2062 1394 2104; x_wconf 77' lang='lat' dir='ltr'><strong>proiecto</strong></span> <span class='ocrx_word' id='word_1_661' title='bbox 1425 2072 1505 2093; x_wconf 79' lang='lat' dir='ltr'><strong>vera</strong></span> <span class='ocrx_word' id='word_1_662' title='bbox 1535 2068 1587 2092; x_wconf 87' lang='lat' dir='ltr'><strong>est</strong></span> <span class='ocrx_word' id='word_1_663' title='bbox 1617 2062 1781 2093; x_wconf 86' lang='lat' dir='ltr'><strong>sententia</strong></span> <span class='ocrx_word' id='word_1_664' title='bbox 1809 2062 1978 2093; x_wconf 87' lang='lat' dir='ltr'><strong>Iohannis:</strong></span> <span class='ocrx_word' id='word_1_665' title='bbox 2013 2061 2088 2092; x_wconf 87' lang='lat' dir='ltr'><strong>Non</strong></span> <span class='ocrx_word' id='word_1_666' title='bbox 2117 2066 2230 2102; x_wconf 71' lang='lat' dir='ltr'><strong>potest</strong></span> 
     </span>
     <span class='ocr_line' id='line_1_104' title="bbox 1217 2104 2230 2150; baseline -0.001 -14"><span class='ocrx_word' id='word_1_667' title='bbox 1217 2106 1223 2150; x_wconf 66' lang='lat' dir='ltr'><strong>f</strong></span> <span class='ocrx_word' id='word_1_668' title='bbox 1245 2107 1308 2136; x_wconf 82' lang='grc' dir='ltr'><strong>511ιί</strong></span> <span class='ocrx_word' id='word_1_669' title='bbox 1331 2106 1429 2137; x_wconf 80' lang='lat' dir='ltr'><strong>homo</strong></span> <span class='ocrx_word' id='word_1_670' title='bbox 1454 2105 1629 2147; x_wconf 85' lang='lat' dir='ltr'><strong>quicquam</strong></span> <span class='ocrx_word' id='word_1_671' title='bbox 1653 2115 1801 2143; x_wconf 81' lang='lat' dir='ltr'><strong>sumere,</strong></span> <span class='ocrx_word' id='word_1_672' title='bbox 1834 2105 1895 2135; x_wconf 85' lang='lat' dir='ltr'><strong>nisi</strong></span> <span class='ocrx_word' id='word_1_673' title='bbox 1926 2105 2037 2136; x_wconf 84' lang='lat' dir='ltr'><strong>datum</strong></span> <span class='ocrx_word' id='word_1_674' title='bbox 2055 2105 2090 2136; x_wconf 52' lang='lat' dir='ltr'><strong>‘ei</strong></span> <span class='ocrx_word' id='word_1_675' title='bbox 2114 2104 2156 2135; x_wconf 86' lang='lat' dir='ltr'><strong>sit</strong></span> <span class='ocrx_word' id='word_1_676' title='bbox 2188 2104 2230 2135; x_wconf 86' lang='lat' dir='ltr'><strong>de</strong></span> 
     </span>
     <span class='ocr_line' id='line_1_105' title="bbox 1217 2146 2228 2189; baseline -0.002 -9"><span class='ocrx_word' id='word_1_677' title='bbox 1217 2154 1221 2186; x_wconf 70' lang='lat' dir='ltr'>fi</span> <span class='ocrx_word' id='word_1_678' title='bbox 1247 2148 1357 2180; x_wconf 86' lang='lat' dir='ltr'><strong>coelo.</strong></span> <span class='ocrx_word' id='word_1_679' title='bbox 1403 2146 1504 2179; x_wconf 84' lang='lat' dir='ltr'><strong>Nulla</strong></span> <span class='ocrx_word' id='word_1_680' title='bbox 1532 2149 1727 2189; x_wconf 78' lang='lat' dir='ltr'><strong>gubernatio</strong></span> <span class='ocrx_word' id='word_1_681' title='bbox 1757 2146 1859 2179; x_wconf 78' lang='lat' dir='ltr'><strong>foelix</strong></span> <span class='ocrx_word' id='word_1_682' title='bbox 1883 2155 1953 2185; x_wconf 87' lang='lat' dir='ltr'><strong>est,</strong></span> <span class='ocrx_word' id='word_1_683' title='bbox 1986 2148 2048 2179; x_wconf 89' lang='lat' dir='ltr'><strong>nisi</strong></span> <span class='ocrx_word' id='word_1_684' title='bbox 2077 2146 2152 2183; x_wconf 90' lang='lat' dir='ltr'><strong>Deo</strong></span> <span class='ocrx_word' id='word_1_685' title='bbox 2181 2148 2228 2178; x_wconf 90' lang='lat' dir='ltr'><strong>iu-</strong></span> 
     </span>
     <span class='ocr_line' id='line_1_106' title="bbox 1217 2189 2228 2232; baseline -0.001 -10"><span class='ocrx_word' id='word_1_686' title='bbox 1217 2194 1221 2229; x_wconf 68' lang='lat'>5</span> <span class='ocrx_word' id='word_1_687' title='bbox 1245 2198 1362 2230; x_wconf 80' lang='lat' dir='ltr'><strong>vante,</strong></span> <span class='ocrx_word' id='word_1_688' title='bbox 1392 2191 1504 2226; x_wconf 82' lang='lat' dir='ltr'><strong>Quare</strong></span> <span class='ocrx_word' id='word_1_689' title='bbox 1526 2191 1635 2222; x_wconf 79' lang='lat' dir='ltr'><strong>David</strong></span> <span class='ocrx_word' id='word_1_690' title='bbox 1658 2192 1776 2232; x_wconf 78' lang='lat' dir='ltr'><strong>inquit:</strong></span> <span class='ocrx_word' id='word_1_691' title='bbox 1808 2191 2009 2222; x_wconf 84' lang='lat' dir='ltr'><strong>Benedictus</strong></span> <span class='ocrx_word' id='word_1_692' title='bbox 2032 2189 2143 2221; x_wconf 90' lang='lat' dir='ltr'><strong>Deus:</strong></span> <span class='ocrx_word' id='word_1_693' title='bbox 2173 2190 2228 2232; x_wconf 84' lang='lat' dir='ltr'><strong>qui</strong></span> 
     </span>
     <span class='ocr_line' id='line_1_107' title="bbox 1246 2233 2228 2274; baseline -0.001 -8"><span class='ocrx_word' id='word_1_694' title='bbox 1246 2236 1344 2266; x_wconf 80' lang='lat' dir='ltr'><strong>docet</strong></span> <span class='ocrx_word' id='word_1_695' title='bbox 1366 2244 1482 2266; x_wconf 86' lang='lat' dir='ltr'><strong>manus</strong></span> <span class='ocrx_word' id='word_1_696' title='bbox 1505 2244 1596 2265; x_wconf 75' lang='lat' dir='ltr'><strong>meas</strong></span> <span class='ocrx_word' id='word_1_697' title='bbox 1620 2235 1661 2265; x_wconf 74' lang='lat' dir='ltr'><strong>ad</strong></span> <span class='ocrx_word' id='word_1_698' title='bbox 1686 2233 1856 2274; x_wconf 85' lang='lat' dir='ltr'><strong>praelium.</strong></span> <span class='ocrx_word' id='word_1_699' title='bbox 1880 2236 1973 2265; x_wconf 87' lang='lat' dir='ltr'><strong>Item:</strong></span> <span class='ocrx_word' id='word_1_700' title='bbox 2008 2233 2071 2269; x_wconf 80' lang='lat' dir='ltr'><strong>Qui</strong></span> <span class='ocrx_word' id='word_1_701' title='bbox 2095 2233 2152 2264; x_wconf 82' lang='lat' dir='ltr'><strong>dat</strong></span> <span class='ocrx_word' id='word_1_702' title='bbox 2175 2244 2228 2266; x_wconf 84' lang='grc'><strong>53-</strong></span> 
     </span>
     <span class='ocr_line' id='line_1_108' title="bbox 1217 2276 2228 2319; baseline -0.001 -11"><span class='ocrx_word' id='word_1_703' title='bbox 1217 2292 1222 2318; x_wconf 64' lang='lat'>1</span> <span class='ocrx_word' id='word_1_704' title='bbox 1244 2277 1346 2309; x_wconf 86' lang='lat' dir='ltr'><strong>lutem</strong></span> <span class='ocrx_word' id='word_1_705' title='bbox 1369 2277 1529 2319; x_wconf 82' lang='lat' dir='ltr'><strong>Regibus.</strong></span> <span class='ocrx_word' id='word_1_706' title='bbox 1568 2276 1610 2308; x_wconf 77' lang='lat' dir='ltr'><strong>Et</strong></span> <span class='ocrx_word' id='word_1_707' title='bbox 1632 2277 1790 2309; x_wconf 65' lang='lat' dir='ltr'><strong>Salomon</strong></span> <span class='ocrx_word' id='word_1_708' title='bbox 1815 2278 1933 2318; x_wconf 83' lang='lat' dir='ltr'><strong>inquit:</strong></span> <span class='ocrx_word' id='word_1_709' title='bbox 1958 2276 2022 2312; x_wconf 82' lang='lat' dir='ltr'><strong>Qui</strong></span> <span class='ocrx_word' id='word_1_710' title='bbox 2043 2282 2155 2317; x_wconf 87' lang='lat' dir='ltr'><strong>potest</strong></span> <span class='ocrx_word' id='word_1_711' title='bbox 2177 2285 2228 2307; x_wconf 84' lang='lat' dir='ltr'><strong>re-</strong></span> 
     </span>
    </p>

    <p class='ocr_par' dir='ltr' id='par_1_20' title="bbox 1216 2318 2228 2422">
     <span class='ocr_line' id='line_1_109' title="bbox 1245 2318 2228 2362; baseline -0.002 -10"><span class='ocrx_word' id='word_1_712' title='bbox 1245 2332 1326 2362; x_wconf 84' lang='lat' dir='ltr'><strong>gere</strong></span> <span class='ocrx_word' id='word_1_713' title='bbox 1355 2328 1478 2351; x_wconf 86' lang='lat' dir='ltr'><strong>tantam</strong></span> <span class='ocrx_word' id='word_1_714' title='bbox 1507 2319 1745 2352; x_wconf 84' lang='lat' dir='ltr'><strong>multitudinem</strong></span> <span class='ocrx_word' id='word_1_715' title='bbox 1776 2319 1910 2361; x_wconf 65' lang='grc'><strong>11090112</strong></span> <span class='ocrx_word' id='word_1_716' title='bbox 1955 2320 2008 2351; x_wconf 87' lang='lat' dir='ltr'><strong>Da</strong></span> <span class='ocrx_word' id='word_1_717' title='bbox 2036 2329 2116 2361; x_wconf 82' lang='lat' dir='ltr'><strong>ergo</strong></span> <span class='ocrx_word' id='word_1_718' title='bbox 2151 2318 2228 2351; x_wconf 85' lang='lat' dir='ltr'><strong>mihi</strong></span> 
     </span>
     <span class='ocr_line' id='line_1_110' title="bbox 1216 2365 1470 2422; baseline -0.004 -27"><span class='ocrx_word' id='word_1_719' title='bbox 1216 2374 1220 2422; x_wconf 55' lang='grc' dir='ltr'>Ι</span> <span class='ocrx_word' id='word_1_720' title='bbox 1245 2375 1304 2396; x_wconf 83' lang='lat' dir='ltr'><strong>cor</strong></span> <span class='ocrx_word' id='word_1_721' title='bbox 1327 2365 1470 2405; x_wconf 74' lang='lat' dir='ltr'><strong>sapiens.</strong></span> 
     </span>
    </p>
   </div>
   <div class='ocr_carea' id='block_1_20' title="bbox 1217 2034 1221 2101">
    <p class='ocr_par' dir='ltr' id='par_1_21' title="bbox 1217 2034 1221 2101">
     <span class='ocr_line' id='line_1_111' title="bbox 1217 2034 1221 2101; baseline 0 0"><span class='ocrx_word' id='word_1_722' title='bbox 1217 2034 1221 2101; x_wconf 95' lang='lat' dir='ltr'><strong> </strong></span> 
     </span>
    </p>
   </div>
   <div class='ocr_carea' id='block_1_21' title="bbox 1217 2456 2226 2630">
    <p class='ocr_par' dir='ltr' id='par_1_22' title="bbox 1217 2456 2226 2630">
     <span class='ocr_line' id='line_1_112' title="bbox 1332 2456 2225 2498; baseline 0 -10"><span class='ocrx_word' id='word_1_723' title='bbox 1332 2458 1383 2490; x_wconf 86' lang='lat' dir='ltr'><strong>lli.</strong></span> <span class='ocrx_word' id='word_1_724' title='bbox 1429 2457 1481 2489; x_wconf 90' lang='lat' dir='ltr'><strong>De</strong></span> <span class='ocrx_word' id='word_1_725' title='bbox 1505 2459 1692 2489; x_wconf 78' lang='lat' dir='ltr'><strong>obedientia</strong></span> <span class='ocrx_word' id='word_1_726' title='bbox 1716 2463 1928 2498; x_wconf 80' lang='lat' dir='ltr'><strong>praeceptum</strong></span> <span class='ocrx_word' id='word_1_727' title='bbox 1948 2463 2036 2488; x_wconf 83' lang='lat' dir='ltr'><strong>extat</strong></span> <span class='ocrx_word' id='word_1_728' title='bbox 2061 2456 2154 2488; x_wconf 84' lang='lat' dir='ltr'><strong>Rom.</strong></span> <span class='ocrx_word' id='word_1_729' title='bbox 2177 2456 2225 2488; x_wconf 82' lang='lat'><strong>13.</strong></span> 
     </span>
     <span class='ocr_line' id='line_1_113' title="bbox 1217 2494 2226 2542; baseline -0.002 -10"><span class='ocrx_word' id='word_1_730' title='bbox 1217 2494 1221 2538; x_wconf 70' lang='grc'><strong>1</strong></span> <span class='ocrx_word' id='word_1_731' title='bbox 1245 2502 1396 2533; x_wconf 82' lang='lat' dir='ltr'><strong>Necesse</strong></span> <span class='ocrx_word' id='word_1_732' title='bbox 1419 2509 1467 2532; x_wconf 77' lang='lat' dir='ltr'><strong>est</strong></span> <span class='ocrx_word' id='word_1_733' title='bbox 1492 2502 1627 2532; x_wconf 88' lang='lat' dir='ltr'><strong>obedire</strong></span> <span class='ocrx_word' id='word_1_734' title='bbox 1652 2501 1907 2542; x_wconf 65' lang='lat' dir='ltr'><strong>magistratibus,</strong></span> <span class='ocrx_word' id='word_1_735' title='bbox 1931 2510 1997 2530; x_wconf 86' lang='lat' dir='ltr'><strong>non</strong></span> <span class='ocrx_word' id='word_1_736' title='bbox 2021 2499 2129 2531; x_wconf 78' lang='lat' dir='ltr'><strong>solnm</strong></span> <span class='ocrx_word' id='word_1_737' title='bbox 2152 2510 2226 2540; x_wconf 85' lang='lat' dir='ltr'><strong>pro·</strong></span> 
     </span>
     <span class='ocr_line' id='line_1_114' title="bbox 1218 2541 2226 2586; baseline -0.001 -11"><span class='ocrx_word' id='word_1_738' title='bbox 1218 2541 1221 2566; x_wconf 58' lang='grc' dir='ltr'><strong>ἶ</strong></span> <span class='ocrx_word' id='word_1_739' title='bbox 1245 2552 1319 2586; x_wconf 86' lang='lat' dir='ltr'><strong>pter</strong></span> <span class='ocrx_word' id='word_1_740' title='bbox 1341 2545 1438 2582; x_wconf 87' lang='lat' dir='ltr'><strong>iram,</strong></span> <span class='ocrx_word' id='word_1_741' title='bbox 1471 2545 1596 2582; x_wconf 79' lang='lat' dir='ltr'><strong>idest,</strong></span> <span class='ocrx_word' id='word_1_742' title='bbox 1626 2554 1692 2575; x_wconf 89' lang='lat' dir='ltr'><strong>non</strong></span> <span class='ocrx_word' id='word_1_743' title='bbox 1722 2542 1830 2574; x_wconf 85' lang='grc'><strong>5010111</strong></span> <span class='ocrx_word' id='word_1_744' title='bbox 1858 2548 1992 2584; x_wconf 68' lang='lat' dir='ltr'><strong>propter</strong></span> <span class='ocrx_word' id='word_1_745' title='bbox 2014 2541 2124 2584; x_wconf 86' lang='lat' dir='ltr'><strong>legum</strong></span> <span class='ocrx_word' id='word_1_746' title='bbox 2149 2552 2226 2583; x_wconf 88' lang='lat' dir='ltr'><strong>poe·</strong></span> 
     </span>
     <span class='ocr_line' id='line_1_115' title="bbox 1218 2567 2225 2630; baseline -0.003 -11"><span class='ocrx_word' id='word_1_747' title='bbox 1218 2567 1326 2628; x_wconf 66' lang='lat' dir='ltr'><strong>inas,</strong></span> <span class='ocrx_word' id='word_1_748' title='bbox 1357 2588 1415 2618; x_wconf 87' lang='lat' dir='ltr'><strong>sed</strong></span> <span class='ocrx_word' id='word_1_749' title='bbox 1446 2588 1543 2618; x_wconf 85' lang='lat' dir='ltr'><strong>etiam</strong></span> <span class='ocrx_word' id='word_1_750' title='bbox 1573 2593 1710 2630; x_wconf 83' lang='lat' dir='ltr'><strong>propter</strong></span> <span class='ocrx_word' id='word_1_751' title='bbox 1740 2586 1986 2618; x_wconf 82' lang='lat' dir='ltr'><strong>conscientiam.</strong></span> <span class='ocrx_word' id='word_1_752' title='bbox 2033 2586 2128 2617; x_wconf 78' lang='lat' dir='ltr'><strong>Hanc</strong></span> <span class='ocrx_word' id='word_1_753' title='bbox 2150 2595 2225 2616; x_wconf 83' lang='lat' dir='ltr'><strong>sen·</strong></span> 
     </span>
    </p>
   </div>
  </div>
 </body>
</html>
