2383 2990
141 143 204 175 701
651 140 706 171 tx.
752 138 1004 171 REFUTATlo
1028 136 1248 169 ABUSUUM
1272 136 1456 168 COENAE
1482 135 1652 167 DOMINL
2108 136 2172 172 702

142 241 186 272 ab
211 240 332 271 astutis
356 239 388 270 in
411 236 500 270 hanc
524 237 722 269 sententiam
746 234 859 278 colligi
882 240 1036 278 possunt.
1083 235 1138 266 Ad
1161 241 1165 278 t
1190 230 1378 275 Apostolos
1403 233 1431 264 si
1455 242 1532 264 esse
1555 231 1699 273 locutos,
1735 234 1814 276 quid
1836 232 1902 265 hoc
1925 233 1967 264 ad
1992 237 2182 278 probibitio-

140 284 228 316 haec
247 283 357 315 omnia
376 282 621 323 respondemus
646 281 801 312 breviter.
1162 279 1163 306 l
1190 276 1287 308 nem?
1320 277 1405 308 Num
1420 277 1576 319 Apostoli
1599 278 1737 311 alteram
1760 278 1901 312 formam
1919 279 2183 323 prohibuerunt?

1162 357 1164 360 Ι
1192 320 1351 364 Magnum
1381 320 1559 356 discrimen
1594 332 1645 357 est
1668 324 1910 367 Apostolorum
1944 331 1977 356 et
2000 325 2183 366 Episcopo-

231 366 453 411 Evangelium
488 378 555 399 non
590 367 746 398 concedit
778 366 965 398 libertatem
995 366 1138 398 docendi
1162 367 1165 377 '
1190 375 1281 403 rum,
1315 364 1403 397 sicut
1426 363 1668 410 Prophetarum
1693 377 1723 401 et
1748 370 1980 400 sacerdotum.
2027 367 2184 400 Elisaeus

144 420 263 447 contra
285 413 442 445 mandata
465 410 547 449 Dei,
577 418 634 442 aut
658 409 832 447 abolendi,
856 421 915 442 seu
940 410 1139 452 prohibendi
1191 409 1354 451 singulari
1378 413 1573 452 vocatione,
1609 420 1641 444 et
1671 413 1848 445 excellenti
1882 413 2005 454 impetu
2039 411 2183 454 Spiritus

143 457 246 491 ullam
280 462 409 498 partem
441 456 587 486 mandati
617 455 735 493 divini,
771 456 860 496 quod
885 455 927 486 ad
952 453 1138 486 Ecclesiam
1191 457 1300 486 sancti
1323 457 1417 488 unxit
1440 468 1548 489 novos
1573 457 1697 500 Reges,
1722 457 1865 489 caeteris
1888 457 1954 488 hoc
1990 466 2056 487 non
2081 454 2184 487 licuit.

143 501 296 545 pertinet.
342 500 411 531 Sed
440 498 660 541 Evangelium
691 499 833 530 maxime
868 499 1030 540 praecipit
1060 508 1139 529 0011-
1162 521 1165 542 ς
1191 500 1239 532 lta
1251 500 1409 542 Apostoli
1427 502 1605 533 vocatione
1628 508 1661 533 et
1684 502 1780 532 donis
1804 501 2020 532 antecedunt:
2045 500 2113 531 Sed
2138 505 2184 530 ta-

144 545 274 578 servari
304 544 539 580 ministerium,
577 543 667 584 quod
702 541 855 573 consistit
878 543 910 573 in
935 542 1087 573 doctrina
1107 546 1137 571 et
1162 555 1165 584 ς
1191 555 1266 576 men
1290 555 1353 576 nec
1372 544 1549 586 Apostolis
1572 544 1663 576 licuit
1686 545 1866 586 prohibere
1888 545 2028 576 formam
2052 556 2072 576 a
2091 542 2185 574 Chri-

142 587 430 621 administratione
465 586 770 617 Sacramentorum.
817 584 854 616 Si
889 586 964 627 quis
1000 591 1139 627 propter
1162 591 1165 618 .'
1191 594 1244 619 sto
1268 586 1434 620 traditam.
1469 588 1581 624 Quare
1605 589 1734 619 etiamsi
1759 595 1873 619 essent
1896 588 1948 619 usi
1974 587 2047 619 aliis
2075 588 2184 623 verbis

143 631 332 664 libertatem
367 631 491 662 docere
525 627 619 668 velit,
654 629 758 660 omitti
789 639 892 670 posse
920 629 1139 670 Baptismum,
1163 632 1165 669 ξ
1190 633 1223 662 in
1248 642 1331 663 casu
1354 631 1479 673 aliquo,
1502 641 1614 663 tamen
1637 632 1669 663 id
1694 631 1881 673 exemplum
1904 630 1985 662 nihil
1996 632 2185 673 patrocina-

144 675 356 708 execrandus
391 679 493 705 esset.
539 672 589 704 lta
623 679 655 704 et
688 673 720 703 in
755 673 822 705 hoc
854 684 937 704 casu
961 671 1138 714 prohibitio
1163 691 1165 700 ·
1191 682 1282 707 retur
1304 684 1486 718 perpetuae
1505 675 1731 717 prohibitioni,
1767 686 1854 717 quae
1878 682 1929 707 est
1948 674 2034 718 legis
2054 675 2186 708 divinae

145 728 279 760 semper
313 725 367 749 est
400 717 518 759 impia,
563 717 641 758 quia
683 722 811 757 partem
852 717 1024 748 ministerii
1058 716 1139 747 divi·
1162 708 1166 771 J
1191 720 1379 761 abrogatio.

144 763 234 794 nitus
257 761 401 793 ordinati
436 759 560 792 abolet.
607 760 675 791 Sed
700 758 837 791 libertas
862 759 1069 802 Evangelica
1103 757 1139 790 li·
1163 775 1165 803 3

144 807 242 838 berat
264 806 339 847 pios
362 816 382 836 a
411 804 569 836 Leviticis
595 805 810 842 ceremoniis,
846 810 879 835 et
912 805 954 835 ab
984 804 1138 835 humanis
1162 824 1165 854 ⁴
1280 805 1437 838 Resutata
1459 806 1602 844 maiore,
1636 806 1734 838 venio
1768 807 1811 837 ad
1834 805 1999 848 pericula,
2034 816 2121 848 quae
2144 806 2186 837 de

144 849 389 881 traditionibus.
435 848 567 879 Addam
601 854 634 879 et
663 845 761 879 illud:
798 846 964 879 Concedit
993 848 1026 878 in
1057 857 1139 878 casu
1164 869 1165 875 κ
1192 849 1299 882 calice
1321 856 1550 881 recensentur.
1596 848 1719 881 Paulus
1742 850 1866 891 inquit,
1899 849 2063 881 humanas
2087 850 2186 881 tradi-

143 891 424 934 impossibilitatis
447 892 732 932 dispensationem
757 891 925 929 credenti,
961 897 997 922 ut
1031 891 1060 922 si
1084 889 1139 931 qui
1164 908 1165 925 1
1192 896 1300 925 tiones
1324 893 1450 925 habere
1468 894 1615 934 speciem
1639 894 1834 934 sapientiae.
1880 891 1980 925 Nulla
2011 900 2076 924 tam
2101 892 2186 925 levis

144 935 316 979 Martyres
348 936 580 967 catechumeni
605 934 770 967 interfecti
793 942 873 966 sunt
899 941 978 966 ante
1005 934 1139 975 Raptis·
1164 936 1165 975 1
1192 938 1326 969 traditio
1345 944 1409 975 est,
1433 948 1520 979 quae
1541 938 1584 969 ab
1609 935 1843 979 eloquentibus
1867 947 1934 968 non
1958 937 2066 978 possit
2090 947 2186 979 egre-

143 990 246 1019 mum,
269 979 300 1011 id
324 989 393 1010 non
417 986 470 1010 est
492 977 631 1012 abolere
654 979 883 1016 ministerium,
906 978 966 1009 sed
980 978 1140 1010 adhibere
1164 985 1165 989 ’
1194 982 1258 1023 giis
1277 980 1363 1012 fucis
1386 982 1487 1023 pingi.
1523 980 1725 1012 Reverentia
1748 991 1886 1012 summa.
1901 987 1965 1019 est,
1990 991 2055 1011 non
2080 981 2186 1012 disce-

143 1022 427 1065 dispensationem
462 1025 495 1056 in
524 1023 687 1064 peculiari
713 1033 806 1054 casu.
854 1022 915 1053 Ui.
942 1021 1140 1053 Machabaei
1164 1022 1166 1051 Ϊ
1193 1022 1273 1057 dere
1305 1036 1325 1056 a
1350 1026 1454 1056 verbo
1478 1024 1559 1063 Dei,
1585 1025 1709 1056 docere
1734 1022 1933 1063 Ecclesiam,
1968 1034 2010 1055 ne
2045 1034 2111 1055 non
2146 1024 2188 1055 de

143 1076 211 1099 non
235 1067 420 1099 abolebant
440 1066 550 1108 legem
575 1067 627 1098 die
652 1067 802 1098 sabbato
825 1064 1048 1107 praeliantes,
1078 1065 1139 1096 sed
1164 1095 1166 1105 J
1193 1067 1366 1100 voluntate
1390 1068 1454 1100 Dei
1477 1067 1611 1100 aliunde
1641 1068 1775 1107 iudicet,
1800 1079 1899 1110 quam
1922 1078 1964 1099 ex
1984 1069 2088 1100 verbo
2111 1067 2186 1101 Dei.

142 1111 176 1142 in
199 1120 278 1142 casu
304 1103 518 1144 necessitaiis
542 1109 824 1153 dispensationem
847 1109 1062 1141 adhibebant.
1095 1108 1142 1140 At
1164 1133 1165 1136 η
1194 1112 1286 1144 Haec
1310 1119 1361 1144 est
1387 1111 1566 1154 peculiaris
1592 1113 1756 1154 sapientia
1779 1111 1967 1143 Ecclesiae.
2015 1111 2112 1144 Hane
2135 1122 2187 1143 re-

143 1157 186 1189 de
209 1154 429 1188 sacramento
450 1161 539 1188 extat
564 1154 742 1196 prohibitio
766 1161 946 1195 perpetua,
971 1158 1001 1184 et
1026 1151 1140 1184 defen·
1164 1149 1167 1182 Ῑ
1194 1157 1377 1187 vel-entiam
1412 1157 1533 1198 probat
1565 1155 1672 1194 Deus,
1718 1154 1781 1188 Illa
1814 1155 1996 1198 diligentia,
2030 1166 2074 1187 ne
2107 1156 2186 1198 quid

143 1199 233 1231 ditur
261 1209 384 1241 magna
407 1201 586 1231 atrocitate
609 1195 860 1239 suppliciorum.
895 1196 969 1228 Hoc
991 1207 1059 1228 non
1089 1202 1141 1227 est
1193 1199 1349 1238 destillet,
1373 1206 1425 1231 est
1443 1200 1666 1242 paedagogia,
1689 1210 1776 1242 quae
1798 1210 1865 1231 non
1890 1198 2027 1231 multum
2051 1199 2093 1230 ad
2117 1210 2188 1231 rem

143 1241 332 1274 libertatem
346 1241 586 1286 Evangelicam
598 1243 695 1279 tueri,
721 1241 782 1272 sed
805 1242 994 1283 opprimere
1017 1240 1140 1283 potius,
1193 1242 1411 1285 principalem
1446 1244 1598 1285 pertinet.
1644 1244 1899 1275 Sacramentum
1923 1249 1995 1282 est,
2030 1243 2063 1274 id
2097 1244 2187 1286 quod

144 1292 178 1318 et
201 1285 300 1318 simul
324 1286 438 1319 delere
456 1287 630 1319 ministerii
653 1290 792 1327 partem.
1163 1283 1167 1334 i
1193 1288 1317 1319 homini
1341 1288 1374 1318 in
1397 1286 1550 1318 Ecclesia
1574 1287 1776 1331 porrigitur,
1805 1297 1872 1318 non
1894 1287 1926 1318 id
1951 1287 2042 1329 quod
2066 1288 2188 1319 rodunt

1193 1341 1324 1369 mures,
1359 1337 1418 1362 aut
1441 1331 1531 1373 quod
1556 1329 1718 1362 destillat:
1753 1330 1838 1362 Nam
1863 1331 2084 1362 Sacramenta
2108 1336 2188 1362 sunt

1193 1375 1346 1406 actiones
1369 1375 1475 1416 ipsae,
1495 1375 1644 1406 directae
1666 1375 1709 1406 ad
1733 1385 1808 1406 811111
1828 1374 1939 1413 finem,
1962 1375 2004 1406 ad
2025 1385 2122 1416 quem
2140 1374 2187 1406 in-

1193 1419 1328 1450 stitutae
1351 1424 1440 1449 sunt.
1485 1418 1521 1450 Si
1544 1424 1705 1457 metuunt,
1728 1428 1771 1450 ne
1794 1418 1907 1450 vinum
1931 1424 2089 1457 acescat,
2126 1429 2187 1451 cur

1192 1472 1258 1493 non
1283 1467 1444 1500 metuunt,
1468 1472 1510 1493 ne
1532 1462 1629 1504 panis
1659 1462 1717 1494 fiat
1739 1461 1935 1494 muscidus?
1978 1460 2101 1494 Melius
2135 1467 2187 1494 est

1191 1506 1305 1537 subito
1329 1516 1405 1536 cum
1428 1515 1513 1547 opus
1537 1511 1589 1537 est
1612 1516 1826 1538 consecrare.
1880 1505 1971 1548 Ergo
1996 1505 2080 1537 haec
2103 1505 2186 1537 ficti·

1191 1549 1243 1580 cia
1266 1547 1416 1590 pericula
1438 1560 1506 1580 non
1531 1556 1694 1581 excusant
1716 1549 1991 1592 prohibitionem:
2016 1549 2089 1581 Nec
2102 1548 2186 1581 illud

141 1598 213 1624 tare
236 1597 349 1634 potest
372 1590 499 1633 aliquid
522 1592 555 1623 in
580 1591 645 1622 ritu
665 1590 971 1626 sacramentorum.
993 1595 1029 1622 ut
1046 1590 1137 1631 Apo·
1190 1599 1344 1631 excusat,
1367 1593 1456 1634 quod
1476 1599 1600 1635 negant
1622 1594 1746 1636 ubique
1767 1594 1880 1625 vinum
1904 1604 1994 1626 esse.
2029 1592 2099 1625 Cur
2111 1603 2186 1635 pro-

141 1634 221 1667 stoli
250 1641 418 1667 mutarunt
448 1635 592 1666 {ormam
615 1634 790 1675 Baptismi,
814 1644 888 1665 cum
913 1634 946 1666 in
971 1634 1066 1677 Acti-
1091 1633 1137 1664 di·
1190 1636 1303 1668 hibent
1328 1637 1361 1668 in
1395 1637 1435 1668 iis
1458 1635 1560 1676 locis,
1594 1638 1650 1669 ubi
1675 1638 1787 1669 vinum
1811 1637 1929 1668 haberi
1965 1637 2099 1679 potest?
2143 1636 2186 1669 Et

140 1685 248 1717 catur,
271 1679 467 1720 Baptizetur
490 1679 722 1720 unusquisque
746 1678 778 1708 in
802 1678 936 1709 nomine
953 1677 1029 1709 lesu
1042 1677 1138 1708 Chri-
1190 1679 1346 1712 Clu-istus
1371 1680 1413 1711 de
1435 1679 1577 1722 poculo,
1602 1692 1671 1712 11011
1694 1682 1736 1713 de
1759 1682 1838 1713 vino
1861 1681 2054 1713 nominatim
2079 1680 2186 1723 loqui-

139 1723 193 1755 sti.
240 1721 369 1754 Multae
391 1729 502 1754 autem
528 1732 652 1753 causae
673 1720 865 1762 probabiles
883 1721 1038 1767 videntur
1058 1731 1138 1752 8011-
1190 1730 1260 1762 tur,
1295 1724 1407 1766 itaque
1442 1725 1599 1756 dicuntur
1628 1731 1748 1768 gentes
1782 1725 1948 1767 quaedam
1978 1724 2187 1757 Ruthenicae

140 1776 292 1804 currere,
317 1776 422 1808 quare
444 1767 552 1807 prosit
575 1766 725 1796 adimere
747 1776 848 1796 unam
871 1771 1001 1806 partem
1024 1764 1135 1802 laicis,
1189 1777 1393 1800 consecrare
1416 1767 1570 1800 mulsum.

141 1816 176 1841 ut
199 1810 305 1841 maior
334 1809 377 1840 sit
400 1808 591 1840 reverentia
614 1809 841 1846 Sacramenti,
875 1807 989 1840 Facile
1012 1807 1056 1840 ali
1070 1808 1138 1849 ,uid
1160 1813 1163 1844 J

141 1851 328 1885 destillaret
351 1863 392 1884 ex
417 1852 525 1884 calice
548 1853 578 1883 in
603 1858 744 1889 terram,
780 1852 861 1884 Item
885 1852 997 1884 vinum
1021 1861 1138 1884 acces-

141 1898 202 1936 sit,
232 1907 336 1939 quare
366 1907 446 1938 pars
469 1895 577 1927 altera
600 1897 678 1927 vino
705 1902 905 1927 consecrata
940 1896 1136 1928 conservari
1159 1915 1163 1942 ὲ

472 1454 568 1496 Alia
601 1452 803 1495 Obiectio.

229 1546 385 1580 Ecclesia
407 1553 546 1589 propter
569 1545 715 1588 aliquam
739 1556 877 1591 gravem
900 1556 1038 1579 causam
1068 1556 1137 1578 mu-

137 1951 206 1973 11011
230 1945 360 1982 posset.
405 1939 485 1971 ltem
510 1940 647 1980 prodest
672 1938 859 1981 exemplum
883 1940 927 1971 ad
950 1940 1136 1971 docendam
1159 1943 1163 1979 ζ
1519 1936 1615 1978 Alia
1649 1936 1850 1978 ObieetiQ

137 1983 339 2022 libertatem,
363 1983 441 2015 Ideo
466 1983 515 2014 sic
540 1983 671 2014 ordinet
683 1982 848 2022 Ecclesia,
872 1989 908 2015 ut
931 1989 1024 2015 extet
1046 1983 1136 2015 testi·
2094 2020 2095 2025 ¹

138 2029 296 2066 monium,
331 2028 421 2070 quod
444 2025 582 2058 libertas
596 2026 802 2069 Evangelica
826 2027 989 2059 concedat
1008 2033 1136 2059 tantum
1277 2029 1449 2065 Quaerunt
1479 2030 1665 2062 adversarii
1699 2031 1799 2061 etiam
1832 2029 1985 2071 exempla
2019 2029 2183 2063 libertatis

137 2082 206 2103 una
228 2077 324 2112 parte
347 2071 405 2102 uti.
451 2070 606 2112 Denique
630 2071 755 2102 multae
784 2071 840 2102 hic
871 2072 1017 2102 rationes·
1043 2070 1136 2103 colli·
1159 2081 1162 2124 g
1188 2079 1370 2115 usurpatae
1393 2074 1425 2105 in
1451 2073 1517 2105 boc
1541 2074 1773 2106 Sacramenw.
1821 2074 1855 2105 ln
1880 2073 1975 2106 Luca
1998 2075 2118 2106 dicitur
2142 2076 2183 2107 de

139 2122 273 2157 guntur.
320 2113 432 2150 Quare
457 2115 587 2146 videtur
610 2113 798 2147 Ecclesiam
823 2115 976 2157 potuisse
999 2121 1136 2156 propter
1159 2128 1162 2158 3
1186 2117 1353 2148 fractione
1376 2118 1483 2159 panis.
1530 2117 1610 2149 ltem
1644 2118 1676 2149 in
1700 2118 1795 2149 Actis
1826 2118 1946 2149 dicitur
1970 2119 2012 2150 de
2034 2119 2183 2160 Aposto-

137 2159 201 2191 has
225 2168 348 2190 causas
371 2156 496 2200 aliquid
519 2165 660 2190 mutare.
1158 2159 1246 2194 llis:
1283 2161 1493 2203 frangentes
1528 2172 1648 2202 panem
1684 2161 1811 2203 passim
1843 2162 2090 2195 circumeuntes
2123 2174 2183 2205 per

1157 2196 1161 2223 ¹
1187 2205 1318 2235 domos
1354 2205 1446 2236 Haec
1468 2203 1545 2236 loca
1569 2206 1724 2237 videntur
1743 2204 1834 2248 loqui
1859 2207 1901 2237 de
1914 2217 2021 2238 coena
2035 2206 2182 2246 Domini,

1186 2259 1272 2290 quae
1308 2259 1383 2280 cum
1418 2254 1545 2281 tantum
1567 2248 1693 2281 faciant
1723 2249 1924 2282 mentionem
1947 2251 2061 2291 panis,
2097 2252 2181 2283 satis

225 2245 395 2288 Negamus
428 2246 606 2284 maiorem,
647 2244 805 2277 Ecclesia
838 2253 976 2287 propter
1010 2245 1134 2278 nullam
1196 2287 1199 2289 Β

1187 2298 1239 2323 est
1262 2292 1307 2324 uti
1333 2302 1398 2323 una
1421 2300 1527 2334 parte.

138 2300 275 2322 causam
309 2295 423 2331 potest
457 2295 586 2320 mutare
609 2290 764 2320 mandata
789 2288 873 2328 Dei,
908 2290 1008 2321 iuxta.
1034 2289 1134 2322 illud:

137 2333 173 2365 Si
205 2334 279 2375 quis
310 2332 400 2364 aliud
434 2331 656 2376 Evangelium
682 2334 834 2372 docebit,
870 2333 1048 2365 anathema
1080 2335 1134 2365 sit.

135 2376 189 2409 De
213 2375 457 2418 Apostolorum
481 2376 634 2419 exemplo
658 2377 869 2418 respondeo,
898 2376 1024 2409 Textus
1055 2388 1134 2409 nus·
1274 2379 1530 2420 Respondemus
1554 2380 1718 2418 breviter,
1749 2379 1785 2411 ln
1808 2380 1861 2412 his
1885 2380 1972 2412 locis
1995 2391 2063 2413 non
2087 2382 2179 2413 insti·

136 2431 235 2462 quam
270 2421 347 2452 dicit
374 2419 561 2462 Apostolos
590 2421 656 2452 hac
680 2419 789 2452 ferma
816 2431 899 2452 usos
930 2431 1024 2453 esse:
1060 2421 1132 2464 Ego
1184 2423 1286 2454 tuitur
1310 2422 1575 2462 Sacramentum,
1609 2433 1672 2454 nec
1695 2424 1778 2455 satis
1803 2431 1954 2464 constat,
1988 2426 2096 2457 an-de
2119 2425 2179 2458 Sa-

135 2465 270 2505 baptizo
295 2471 327 2495 te
351 2465 383 2495 in
407 2465 540 2495 nomine
557 2463 694 2502 Christi,
718 2466 779 2496 sed
798 2475 901 2507 saepe
922 2465 1058 2506 repetita
1079 2471 1132 2497 est
1184 2473 1355 2498 eramento
1390 2465 1583 2508 loquantur.
1629 2466 1714 2498 Nam
1748 2467 1872 2499 fractio
1906 2469 2004 2510 panis
2032 2467 2178 2501 Ebraica

135 2508 221 2539 haec
246 2508 354 2550 figura
377 2506 554 2550 loquendi:
589 2508 752 2550 baptizari
785 2510 816 2540 in
840 2519 963 2540 nomeu
987 2507 1131 2541 Christi:
1184 2511 1425 2542 consuetudine
1448 2510 1615 2552 siguificat
1639 2509 1841 2553 generaliter
1865 2512 2067 2552 convivium,
2091 2514 2178 2545 sicut

136 2552 224 2593 quod
249 2552 292 2584 de
316 2551 435 2583 effectu
459 2550 672 2594 intelligitur,
706 2563 767 2593 pro
792 2563 833 2584 eo
858 2553 948 2594 quod
983 2559 1036 2584 est
1060 2552 1131 2585 ficri
1182 2556 1344 2596 scriptum
1367 2561 1419 2585 est
1441 2555 1529 2596 apud
1545 2555 1691 2586 Esaiam:
1715 2554 1848 2598 Frange
1872 2557 2031 2588 esurienti
2054 2567 2176 2598 panem

135 2594 262 2627 Christi
284 2597 481 2627 membrum.
528 2595 572 2627 Ut
596 2595 722 2627 Paulus
746 2596 850 2638 inquit
884 2597 925 2627 ad
950 2596 1048 2628 Rom.
1095 2597 1131 2628 ln
1182 2604 1285 2637 tuum,
1305 2598 1336 2629 id
1360 2604 1424 2637 est,
1447 2599 1615 2640 impertias
1640 2599 1669 2629 ei
1693 2598 1734 2629 de
1755 2600 1912 2641 panibus,
1948 2600 2016 2632 Sed
2040 2611 2106 2632 non
2125 2612 2175 2632 re—

136 2638 305 2673 Christum
328 2639 437 2672 lesum
461 2640 620 2682 baptizati
643 2640 736 2672 estiS.
772 2640 840 2672 Sed
862 2639 1029 2683 fingamus
1048 2650 1131 2673 sane
1154 2635 1159 2684 Ι
1181 2642 1418 2685 prehendimus
1442 2652 1650 2674 communem
1667 2643 1921 2684 persuasionem
1934 2650 2097 2684 veterum,
2120 2645 2175 2687 qui
