2383 2990
201 142 266 174 615

202 237 291 279 iugia
315 234 391 267 illos
415 236 520 278 ipsos,
545 236 598 277 qui
622 242 700 266 vota
724 233 890 272 fecerant,
914 235 942 265 si
965 243 1032 264 non
1055 239 1189 264 servent

200 280 412 322 promissum.
460 279 493 309 ln
518 277 630 309 libello
655 279 695 309 de
719 277 933 319 eleemosyna
956 276 1080 318 inquit:
1111 287 1188 317 pec-

202 329 275 354 cata
316 329 395 353 ante
434 322 633 363 baptismum
677 322 854 352 commissa
894 321 1014 352 remitti
1052 325 1189 361 propter

200 364 324 397 Christi
347 366 551 407 passionem,
575 365 634 395 sed
659 370 734 406 post
755 365 950 405 baptismum
965 364 1186 405 quaerendam

201 419 278 440 esse
302 409 532 440 remissionem
564 418 624 449 per
659 407 906 449 eleemosynas.
952 407 1041 438 Idem
1065 407 1187 448 repetit

200 453 241 483 de
264 451 388 492 lapsis,
424 459 654 491 consumptum
680 461 756 481 esse
780 450 977 481 beneficium
1002 449 1124 481 Christi
1153 450 1185 480 in

199 496 377 535 baptismo,
396 502 513 535 postea
537 505 597 535 per
621 493 853 535 eleemosynas
874 494 1095 534 quaerendam
1110 503 1186 524 esse

198 539 440 569 remissionem.
486 537 578 569 Haec
603 544 677 568 sunt
701 536 801 578 plena
830 537 1063 574 absurditatis,
1099 546 1185 578 quae

199 582 385 612 admonitus
416 580 503 611 haud
539 582 637 612 dubie
672 581 887 618 correxisset,
911 580 985 611 Non
1016 580 1115 621 igitur
1139 580 1185 610 di-

199 631 252 656 cta
276 624 382 665 ipsius
405 624 514 656 omnia
537 634 598 665 pro
622 624 832 666 dogmatibus
855 623 1008 655 habenda
1032 628 1118 654 sunt.

285 709 339 741 De
370 720 475 741 coena
498 709 630 741 Domini
659 708 747 741 solet
779 710 825 740 uti
860 710 972 740 verbis
1007 708 1185 740 oblationis

198 759 229 784 et
259 753 431 789 sacrificii,
469 754 554 784 sicut
586 753 727 790 caeteri,
761 754 816 794 qui
846 753 957 784 dicunt
979 753 1186 794 promiscue:

199 796 378 827 Offerimus
414 797 604 834 orationes,
627 796 803 827 offerimus
827 806 956 836 panem,
981 796 1103 833 vinum,
1127 793 1185 825 Of-

198 838 337 870 ferimus
362 850 485 881 corpus
511 846 542 870 et
566 840 760 880 sanguinein
786 838 921 876 Christi,
944 838 1027 869 Nam
1050 839 1082 868 id
1107 848 1186 879 quo-

199 893 263 924 que
299 884 463 924 reperitur
497 884 584 923 apud
617 883 830 924 Cyprianum.
884 882 967 912 Hinc
1002 881 1185 912 adversarii

198 927 304 957 nostri
328 932 463 957 sumunt
487 926 686 964 testimonia,
711 926 752 956 ad
777 924 1019 956 defendendam
1042 923 1186 966 propha-

197 970 365 1000 nationem
391 968 525 1000 Coenae
549 968 682 1000 Domini
706 969 739 999 in
763 968 868 1000 Missa
891 969 1020 1009 privata
1039 974 1103 1000 etc.

289 1054 414 1097 Magna
438 1056 489 1086 vis
520 1060 571 1085 est
595 1055 857 1092 consuetudinis,
881 1061 912 1085 et
937 1054 1024 1085 hanc
1048 1063 1188 1095 sequen-

198 1106 249 1130 tes
274 1109 376 1140 saepe
406 1098 583 1139 improprie
612 1096 794 1139 loquuntur
822 1097 991 1135 homines,
1026 1096 1068 1127 Ut
1098 1107 1187 1128 nunc

197 1141 338 1173 Missam
364 1142 519 1178 dicimus,
555 1151 630 1172 cum
660 1140 742 1172 nulli
773 1147 852 1172 nota
875 1141 917 1171 sit
946 1141 1087 1171 nominis
1119 1146 1188 1182 ety—

197 1184 354 1226 mologia.
401 1185 449 1215 lta
473 1190 606 1215 veteres
630 1185 832 1215 retinuerunt
857 1183 1023 1215 vocabula
1047 1182 1187 1215 oblatio-

196 1229 248 1259 nis
272 1235 303 1260 et
328 1227 503 1265 sacrificii,
539 1238 604 1258 non
635 1228 811 1258 admodum
842 1234 998 1259 curantes
1027 1225 1187 1269 etymolo-

197 1273 303 1313 giam,
326 1278 381 1302 aut
404 1271 573 1312 propriam
603 1270 890 1312 significationem.
936 1270 977 1302 Et
1006 1271 1083 1312 quia
1106 1271 1188 1301 vidit

196 1316 408 1356 Augustinus
432 1313 555 1354 aliquid
585 1314 617 1344 in
653 1314 704 1345 his
729 1313 1009 1356 appellationibus
1039 1324 1116 1344 esse
1139 1314 1186 1344 in-

198 1358 376 1396 commodi,
400 1358 472 1398 ipse
495 1356 597 1395 leniit,
621 1357 847 1396 Sacrificium,
878 1358 1001 1399 inquit,
1027 1357 1089 1388 dici
1123 1367 1185 1397 pro

196 1402 355 1432 memoria
381 1400 546 1439 sacrificii,
570 1407 601 1432 et
619 1400 821 1432 oblationem
839 1412 898 1442 pro
917 1401 1075 1431 memoria
1094 1399 1185 1431 obla-

196 1446 309 1476 tionis.
357 1444 428 1475 Hae
452 1452 527 1475 sunt
551 1445 788 1486 metonymiae,
811 1450 844 1476 ut
869 1445 1018 1481 dicimus,
1052 1443 1184 1475 Pascha

196 1498 258 1529 pro
278 1489 448 1526 memoria,
473 1498 533 1519 seu
556 1488 653 1529 signo
677 1489 850 1519 transitus.
880 1488 947 1519 Sed
966 1486 1045 1519 nolo
1070 1494 1186 1529 argute

196 1530 251 1562 vel
275 1531 485 1572 interpretari
520 1530 574 1562 rel
605 1542 768 1562 excusare
802 1530 1002 1562 locutionem
1031 1531 1186 1562 usitatam

196 1573 286 1606 illius
311 1575 482 1615 temporis-
530 1575 587 1605 Sic
612 1575 696 1605 enim
720 1573 865 1616 populus
889 1573 1106 1616 loquebatur,
1131 1574 1186 1615 qui

196 1618 361 1649 interdum
386 1618 501 1658 recipit
525 1618 736 1659 impropriam
759 1628 888 1649 vocem.

285 1703 442 1735 lrenaeus
468 1702 559 1735 clare
583 1704 659 1735 dicit
684 1703 771 1735 hanc
794 1702 997 1735 oblationem
1017 1713 1094 1735 esse
1113 1713 1187 1745 gra-

196 1748 315 1779 tiarum
340 1748 517 1779 actionem.
549 1747 637 1778 ldem
661 1748 848 1778 sentiebant
873 1747 1006 1785 caeteri,
1029 1753 1063 1779 ut
1088 1752 1188 1778 testa-

198 1797 252 1822 tur
275 1801 396 1822 nomen
422 1789 673 1828 Eucharistiae,
699 1791 811 1825 Quare
835 1796 1011 1821 senserunt
1035 1800 1111 1822 esse
1135 1800 1187 1821 ce-

198 1835 394 1872 remoniam,
421 1844 486 1875 qua
506 1840 651 1874 aguntur
671 1834 807 1876 gratiae.
854 1834 889 1864 ld
912 1832 994 1864 nihil
1017 1834 1117 1865 habet
1140 1834 1187 1864 in-

199 1877 377 1909 commodi.
425 1877 617 1918 Accipimus
642 1878 745 1915 enim,
773 1883 808 1908 ut
832 1878 1068 1908 admoneamur
1090 1878 1186 1908 bene·

197 1920 264 1951 ficii
286 1921 385 1951 nobis
407 1921 518 1952 donati
549 1931 568 1952 a
593 1920 744 1958 Christo,
781 1927 810 1951 et
835 1921 931 1951 iidem
952 1921 1187 1958 exuscitemus,

199 1964 318 1995 deinde
342 1974 483 2006 agamus
515 1964 639 2005 gratias
664 1974 724 2005 pro
749 1974 788 1994 eo
814 1963 995 2002 beneficio,
1026 1974 1089 1995 nec
1111 1964 1186 1994 inde

199 2008 362 2048 sequitur,
386 2008 417 2038 id
443 2018 527 2048 opus
551 2018 612 2048 pro
631 2006 704 2038 aliis
729 2005 916 2038 faciendum
930 2017 1018 2045 csse,
1041 2006 1114 2038 aliis
1132 2017 1187 2047 ap-

197 2048 390 2091 plicandum
415 2061 493 2081 esse
518 2057 582 2081 etc.
629 2050 720 2081 Haec
744 2057 893 2081 monstra
917 2060 958 2081 ne
977 2050 1109 2092 quidem
1133 2060 1188 2080 co-

198 2094 345 2134 gitarunt
369 2093 498 2124 Patres.
546 2093 636 2135 Ergo
671 2104 745 2125 cum
776 2092 916 2135 legimus
943 2104 1062 2125 nomen
1086 2093 1188 2125 sacri-

198 2136 264 2167 ficii
289 2142 320 2167 et
345 2135 537 2175 oblationis,
561 2136 782 2179 intelligamus
805 2142 861 2168 aut
885 2137 1016 2178 signum
1035 2136 1188 2167 sacrificii

198 2185 231 2211 et
255 2178 449 2218 oblationis,
473 2186 528 2211 aut
553 2181 735 2221 gratiarum
758 2181 935 2219 actionem,
959 2190 1026 2211 non
1049 2178 1188 2222 affinga-

199 2233 274 2254 mus
295 2222 553 2264 applicationem
576 2234 637 2264 pro
662 2222 747 2254 aliis.

287 2308 455 2340 Interdum
478 2320 544 2340 uno
568 2310 700 2341 nomine
718 2316 841 2341 vocant
855 2308 1068 2347 oblationem,
1086 2314 1189 2340 totum

198 2351 281 2384 illud
304 2354 488 2394 negotium,
512 2354 601 2394 quod
626 2354 667 2384 ibi
682 2359 813 2395 agatur,
836 2351 1002 2390 videlicet,
1021 2352 1189 2383 orationes

199 2401 233 2427 et
257 2406 395 2427 coenam
420 2395 566 2434 Domini,
612 2396 685 2428 Hoc
709 2407 782 2428 cum
806 2396 853 2434 fit,
878 2397 1048 2427 orationes
1071 2394 1190 2426 intelli-

201 2445 321 2481 gantur
344 2449 422 2471 esse
447 2439 646 2471 oblationes.

288 2524 463 2567 Leguntur
494 2527 592 2557 etiam
623 2526 711 2567 apud
746 2525 946 2567 Cyprianum
978 2525 1019 2556 de
1052 2527 1191 2556 mortuis

200 2569 366 2610 quaedam
391 2570 508 2607 verba,
532 2579 617 2611 quae
641 2570 848 2600 recentiores
871 2568 958 2600 male
981 2569 1192 2609 detorquent,

200 2611 376 2643 Sacrificia
396 2623 456 2653 pro
481 2613 529 2643 eis
554 2612 736 2650 offerimus,
761 2613 821 2643 sed
843 2612 927 2643 haec
951 2611 1029 2643 dicit
1051 2612 1092 2643 de
1104 2611 1191 2642 Mar-

829 138 943 170 PHIL.
967 137 1070 170 MEL.
1094 137 1282 170 SCRIPTA
1304 137 1585 171 DOGMATICA.

1213 237 1218 291 i

2160 138 2224 171 616

1240 234 1384 275 tyribuS.
1429 233 1555 265 Horum
1590 236 1676 267 enim
1710 236 1810 269 fiebat
1837 239 1960 269 mentio
1993 237 2026 269 in
2061 238 2225 278 precatio-

1240 277 1348 315 nibus,
1373 287 1447 308 cum
1470 286 1651 319 agerentur
1674 281 1802 322 gratiae
1819 280 1904 320 Deo,
1929 282 2018 324 quod
2040 279 2118 311 illos
2137 281 2225 312 adiu-

1239 320 1355 351 visset.
1403 320 1497 352 Sicut
1521 321 1672 354 Graecus
1698 324 1815 356 Canon
1838 325 1935 356 dicit:
1961 324 2138 356 Offerimus
2163 334 2224 365 pro

1239 362 1461 402 Patriarchis,
1495 363 1683 406 Prophetis,
1708 367 1899 409 Apostolis,
1935 369 1966 399 id
1991 374 2062 405 est,
2096 367 2225 409 agimus

1239 407 1383 448 gratiaS,
1416 408 1506 449 quod
1530 408 1717 441 Ecclesiam
1746 412 1822 442 inde
1851 421 1957 453 usque
1980 412 2022 442 ab
2046 411 2138 442 initio
2167 409 2226 441 tibi

1239 449 1379 491 elegisti,
1403 451 1582 491 redemisti,
1608 455 1825 486 sanctificasti
1850 462 1915 486 etc.
1951 454 2043 485 Haec
2061 453 2121 485 suit
2132 454 2224 484 initio

1237 493 1403 524 sententia
1425 493 1542 526 horum
1565 498 1756 536 verborum,
1782 509 1849 529 non
1872 499 2059 540 petebatur,
2082 504 2116 528 ut
2139 506 2226 528 mor-

1238 537 1302 567 tuis
1327 535 1420 567 Deus
1444 537 1571 569 relaxet
1590 550 1728 581 poenas
1766 542 1888 572 Postea
1910 546 2129 572 accesserunt
2145 546 2226 571 tem-

1237 590 1320 620 pore
1343 578 1449 610 malae
1477 582 1661 622 opiniones,
1691 591 1723 615 et
1748 585 1866 625 partim
1891 585 1996 616 verba
2019 582 2132 625 priora
2155 593 2224 614 mu-

1238 628 1306 653 tata
1330 628 1418 661 sunt,
1441 625 1560 663 partim
1583 634 1711 659 retenta
1739 629 1845 660 forma
1874 635 2024 659 veterum
2046 627 2227 657 verborum

1239 664 1525 740 aliudtintellexit
1558 671 1757 710 posteritas,
1800 682 1899 712 quam
1935 671 2066 713 priores
2098 667 2227 701 intelle·

1237 718 1340 740 xeran
1358 732 1366 740 .

1325 794 1416 838 Ergo
1440 798 1627 830 testimonia
1651 801 1854 842 antiquitatis
1885 810 1953 831 non
1976 800 2228 841 patrocinantur

1238 839 1482 870 recentioribus
1507 842 1687 882 abusibus,
1720 854 1805 886 quae
1828 844 1946 885 partim
1970 842 2078 874 aliena
2101 850 2178 874 sunt
2206 852 2227 873 a

1238 882 1472 921 praesentibus
1496 885 1664 924 moribus,
1689 887 1810 928 partim
1841 887 1868 917 si
1893 887 1971 928 quid
1991 887 2115 918 habent
2143 885 2225 923 vitii,

1239 934 1306 954 non
1343 925 1465 956 debent
1499 929 1622 968 opponi
1657 928 1759 960 firmis
1794 930 1994 961 testimoniis
2029 929 2228 970 scripturae,

1241 967 1318 1008 quia
1341 968 1437 999 etiam
1469 968 1616 1011 reliquae
1640 979 1768 1003 aetates
1799 973 1987 1004 habuerunt
2020 982 2082 1004 sua
2103 972 2227 1003 incom-

1241 1011 1349 1042 moda.
1395 1011 1489 1043 Haec
1512 1013 1758 1055 simplicissime
1782 1017 1854 1047 sine
1879 1015 2066 1056 sophistica
2087 1024 2229 1056 respon·

1242 1054 1305 1084 deo
1329 1054 1370 1085 ad
1395 1056 1500 1087 verba
1519 1055 1708 1090 oblationes
1732 1064 1764 1090 et
1788 1059 1955 1091 sacrificii.

1603 1268 1667 1308 De
1699 1268 1858 1309 Basilio.

1327 1399 1362 1431 ln
1375 1400 1500 1432 Basilio
1525 1410 1638 1434 extant
1661 1402 1754 1434 utilia
1772 1403 1970 1441 testimonia,
1993 1401 2046 1433 De
2058 1400 2229 1439 Trinitate,

1239 1449 1271 1474 et
1300 1444 1342 1474 de
1378 1445 1598 1485 poenitentia,
1632 1453 1747 1477 contra
1772 1446 1950 1477 Novatum.
1997 1445 2034 1476 ln
2066 1445 2229 1475 concione

1240 1488 1281 1518 de
1305 1486 1489 1519 humilitate
1512 1490 1610 1520 tradit
1635 1491 1802 1531 egregiam
1821 1489 2022 1520 sententiam
2046 1488 2087 1519 de
2105 1487 2228 1518 iustitia

1240 1530 1327 1568 fidei,
1364 1541 1450 1572 quae
1484 1533 1580 1563 nobis
1616 1540 1730 1574 aperte
1766 1533 2004 1573 patrocinatur.
2051 1531 2128 1563 Sine
2160 1529 2230 1562 ulla

1241 1573 1431 1614 Sophistica
1462 1574 1602 1607 detrahit
1631 1575 1895 1607 iustificationem
1926 1575 2025 1606 bonis
2059 1573 2229 1616 operibus,

1240 1628 1302 1649 nec
1326 1615 1472 1659 loquitur
1507 1619 1547 1650 de
1572 1619 1870 1657 ceremonialibus,
1906 1619 1967 1649 sed
2002 1619 2042 1649 de
2077 1617 2229 1649 omnibus

1240 1661 1438 1696 virtutibus,
1474 1673 1536 1693 nec
1569 1669 1692 1693 tantuin
1722 1661 1868 1704 loquitur
1897 1662 1938 1693 de
1972 1660 2130 1702 operibus
2154 1665 2231 1690 ante

1241 1705 1504 1743 renovationem,
1529 1707 1588 1737 sed
1614 1706 1655 1736 de
1668 1706 1845 1736 virtutibus
1869 1705 1901 1735 in
1925 1704 2106 1741 renovatis,
2130 1703 2230 1734 aciu-

1241 1748 1296 1779 bet
1321 1748 1456 1785 sentire,
1480 1750 1570 1790 quod
1591 1748 1663 1780 sola
1687 1748 1807 1780 fiducia
1831 1747 2080 1779 misericordiae
2092 1752 2228 1788 propter

1241 1789 1411 1823 Christum
1434 1793 1619 1833 promissae
1641 1792 1717 1823 iusti
1740 1793 1852 1823 simus.

1515 1878 1629 1910 Verba
1652 1880 1723 1910 eius
1746 1877 1831 1910 haec
1854 1883 1948 1910 sunt:

1328 1963 1417 1996 Dicit
1441 1971 1551 1996 autem
1576 1964 1780 2007 Apostolus:
1817 1964 1880 1999 Qui
1904 1962 2082 2005 gloriatur,
2103 1962 2137 1993 in
2159 1961 2229 1993 Do-

1240 2007 1328 2039 mino
1353 2006 1526 2049 glorietur,
1550 2009 1677 2045 dicens,
1702 2008 1791 2049 quod
1816 2007 1971 2039 Christus
1996 2006 2093 2037 nobis
2116 2004 2227 2036 factus

1240 2052 1282 2082 sit
1323 2051 1486 2092 sapientia
1531 2062 1550 2081 a
1584 2051 1677 2090 Deo,
1713 2051 1853 2088 iustitia,
1898 2049 2144 2086 sanctificatio,
2196 2053 2230 2079 et

1239 2094 1434 2135 redemptio,
1446 2100 1481 2125 ut
1505 2095 1590 2125 sicut
1613 2096 1772 2136 scriptum
1793 2099 1853 2128 est,
1876 2092 2081 2135 gloriaturus
2103 2093 2136 2124 in
2160 2089 2229 2122 Do-

1238 2138 1326 2168 mino
1349 2136 1522 2179 glorietur.
1568 2137 1659 2169 Haec
1684 2144 1736 2168 est
1759 2138 1844 2168 enirn
1868 2135 2019 2178 perfecta
2043 2141 2076 2166 et
2097 2135 2229 2177 integra

1212 2212 1214 2216 ,
1240 2180 1394 2222 gloriatio
1417 2181 1448 2211 in
1473 2180 1566 2218 Deo,
1602 2182 1734 2222 quando
1757 2190 1799 2211 ne
1823 2180 1955 2221 quidem
1977 2183 2116 2220 propter
2137 2178 2229 2209 iusti·

1239 2224 1315 2254 tiam
1340 2233 1434 2254 suam
1458 2223 1577 2265 aliquis
1602 2224 1747 2261 effertur,
1772 2223 1832 2254 sed
1856 2222 2010 2264 agnoscit
2027 2222 2090 2252 sibi
2110 2221 2229 2252 deesse

1240 2276 1353 2297 veram
1376 2267 1544 2304 iustitiam,
1572 2266 1637 2297 fide
1661 2274 1769 2298 autem
1794 2264 1868 2296 sola
1890 2267 1923 2297 in
1946 2264 2115 2296 Christum
2138 2264 2228 2296 iusti-

1241 2309 1345 2348 ficari,
1369 2316 1401 2341 et
1425 2308 1587 2351 gloriatur
1610 2309 1734 2341 Paulus
1759 2320 1796 2340 se
1821 2309 1994 2350 despicere
2017 2318 2111 2339 suam
2137 2307 2228 2339 iusti-

1241 2354 1337 2391 tiam,
1373 2364 1536 2394 quaerere
1561 2361 1670 2385 autem
1694 2353 1759 2384 fide
1782 2362 1841 2395 per
1865 2351 2034 2384 Christum
2058 2351 2226 2388 iustitiam,

1242 2406 1328 2438 quae
1346 2406 1387 2427 ex
1410 2395 1484 2427 Deo
1510 2403 1572 2428 est.

1306 2452 1316 2467 1

1329 2482 1421 2514 Haec
1444 2483 1546 2514 verba
1583 2483 1666 2513 satis
1690 2482 1888 2520 ostendunt,
1918 2479 2078 2512 Basilium
2102 2480 2152 2511 sic
2179 2479 2226 2510 in-

1243 2524 1413 2557 tellexisse
1436 2526 1591 2557 iustitiam
1616 2525 1709 2563 fidei,
1745 2525 1834 2566 quod
1857 2525 2064 2556 sentiendum
2093 2525 2136 2554 sit
2164 2533 2227 2554 nos

1241 2574 1379 2611 propter
1402 2568 1569 2601 Christum
1592 2579 1652 2610 per
1674 2568 1934 2599 misericordiam
1957 2568 2082 2604 iustos,
2105 2567 2139 2598 id
2162 2571 2226 2604 est,

1243 2619 1402 2654 acceptos
1427 2623 1516 2651 esse,
1541 2623 1607 2643 non
1631 2618 1768 2654 propter
1789 2612 1945 2653 proprias
1968 2611 2117 2641 virtutes.
