2383 2990
168 125 230 157 561
802 125 844 156 V.
889 124 1159 157 EXPLICATIO
1183 125 1386 157 SYMBOLI
1409 125 1570 158 NICENI.
2144 129 2211 161 562

167 220 302 262 proprie
325 218 497 262 significat
526 219 674 251 credere.
742 219 778 251 In
802 218 935 257 Psalmo
960 221 1001 252 de
1024 219 1161 262 profun-

167 264 236 295 dis:
261 263 426 295 Sustinuit
448 263 558 294 anima
581 274 655 295 mea
677 264 710 294 in
735 265 840 295 verbo
870 265 953 296 eius.
1011 264 1162 305 Speraw't

167 307 276 338 anima
299 317 373 338 mea
395 308 427 337 in
451 305 649 345 Dominum,
684 313 861 349 utrumque
894 306 1095 339 vocabulum
1119 307 1161 338 si—

167 349 304 392 gnificat
327 350 606 391 expectationem,
630 356 786 382 ettamen
800 351 1038 392 comprehendi
1062 350 1161 382 fidem
1302 349 1428 382 Postea
1462 350 1619 382 Ezechiel
1638 352 1747 394 capite
1772 352 1822 384 18.
1852 353 1944 384 addit
1962 363 2004 384 ex
2029 352 2210 386 collatione

167 399 200 425 et
223 403 317 435 spem
340 398 484 435 oportet,
509 395 585 435 quia
608 393 692 425 fides
710 394 856 426 intuetur
878 395 1028 426 verbum.
1213 392 1389 435 Evangelii
1424 395 1679 436 mitigationem,
1714 397 1792 437 quia
1815 395 2036 439 Evangelium
2060 403 2111 428 est
2133 408 2210 439 1110-

1213 437 1328 467 missio
1364 439 1501 479 gratiae,
1537 449 1623 480 quae
1656 439 1765 471 aufert
1793 450 1937 480 poenam
1961 446 2149 479 aeternam,
2179 447 2211 472 et

252 479 353 511 Primi
366 480 537 521 praecepti
556 479 672 511 Virtus
698 486 749 511 est
760 480 858 511 etiam
882 480 1051 521 patientia,
1076 490 1162 522 quae
1185 477 1189 532 ἶ
1213 480 1341 522 mitigat
1365 481 1564 522 corporales
1588 493 1726 523 poenas.
1772 483 1809 513 In
1831 482 1919 514 hane
1942 485 2143 516 sententiam
2165 485 2211 516 ibi

164 529 222 556 est
246 524 277 554 in
302 523 367 554 fide
391 530 423 555 et
446 523 624 555 dilectione
634 522 699 555 Dei
723 522 870 555 tolerare
894 524 1050 562 adversa,
1076 534 1161 565 quae
1214 523 1352 555 dicitur:
1373 524 1475 555 Filius
1502 536 1567 556 non
1592 527 1740 567 portabit
1762 527 1968 568 iniquitatem
1991 528 2108 568 1101115,
2144 528 2210 559 sci-

165 565 261 598 Deus
286 566 357 598 vult
381 577 444 598 nos
469 567 646 605 sustinere,
671 572 703 598 et
724 565 812 598 velle
825 565 913 597 hanc
937 567 1160 598 obedientiam
1213 565 1291 597 licet
1316 568 1347 598 111
1372 579 1481 608 poena
1504 574 1655 607 aeterna,
1679 570 1707 601 si
1733 580 1920 602 conversus
1940 570 2050 602 fuerit.
2097 570 2210 613 Oppo—

165 616 304 652 propter
327 609 448 649 Deum,
471 621 513 642 ac
536 611 702 643 intuentes
728 608 933 641 voluntatem
951 610 1027 648 Dei,
1052 611 1159 641 minus
1186 620 1190 874 l
1214 611 1261 641 nit
1283 611 1384 651 igitur
1406 610 1628 653 Evangelium
1651 612 1746 654 Legi,
1769 614 1938 655 inquiens:
1962 614 2049 646 Vivo
2063 624 2140 657 (3⁰50,
2164 615 2211 646 di-

1213 221 1314 252 iudex
1347 220 1516 262 politicus,
1550 222 1627 264 quia
1661 222 1759 254 huius
1789 223 1919 265 peccati
1947 224 2208 267 magnitudinem

1213 264 1288 305 ipse
1310 263 1475 307 intelligit.

165 654 291 685 habere
315 652 482 691 dolorum,
500 664 564 685 1100
583 651 725 684 fremere
748 654 915 684 adversus
940 653 1065 691 Deum,
1100 654 1159 684 sed
1216 654 1260 684 cit
1284 653 1460 694 Dominus,
1485 655 1572 686 Nolo
1597 662 1738 687 mortem
1761 658 1965 697 peccatoris,
1990 658 2050 689 sed
2074 664 2110 689 ut
2131 668 2210 689 con-

165 707 186 728 a
207 696 282 728 Deo
309 702 486 738 expectare
507 703 565 728 aut
587 695 818 727 liberationem
838 703 895 728 aut
910 697 1160 738 mitigationem,
1215 703 1364 728 vertatur
1389 704 1417 729 et
1444 700 1544 731 vivat.
1591 699 1633 730 Et
1655 699 1781 731 Ezech.
1804 700 1857 731 33.
1926 701 2135 743 Quocunque
2158 702 2211 733 die

166 746 203 772 ut
225 739 312 771 latro
336 740 369 771 111
404 751 506 772 cruce
535 745 677 781 accepta
708 740 920 779 remissione,
949 741 1014 771 iam
1038 741 1071 771 111
1095 740 1160 771 fide
1215 751 1401 772 conversus
1426 740 1525 773 suerit
1540 743 1712 783 1011110501)
1726 744 1893 784 impietate
1911 755 1984 782 sua,
2010 750 2075 776 etc.
2100 746 2211 777 omnia

167 789 199 815 et
222 782 402 815 dilectione
420 783 486 815 Dei
506 782 628 815 tolerat
651 793 806 824 poenam,
830 794 929 825 quam
954 784 1017 814 scit
1042 794 1060 814 a
1084 783 1160 814 Deo
1214 790 1352 824 peccata
1388 786 1458 816 eins
1495 797 1563 817 non
1598 787 1847 827 imputabuntur
1866 788 1907 826 ei,
1942 788 1975 818 id
2000 794 2063 826 est,
2099 799 2211 829 poena

166 828 355 868 impositam
380 837 475 865 esse,
512 827 568 869 qui
591 825 660 857 vult
685 827 871 858 homicidas
895 827 1014 869 puniri.
1081 826 1160 858 Ideo
1214 833 1351 859 aeterna
1366 827 1548 867 auferetur,
1562 837 1593 861 et
1608 831 1846 872 mitigabuntur
1859 830 2066 873 corporales,
2083 832 2211 864 etiamsi

167 876 200 902 et
230 869 316 902 hanc
338 871 558 902 obedientiam
583 867 654 901 vult
677 869 782 901 Latro
805 877 943 912 propter
972 870 1094 908 Deum,
1129 877 1160 901 et
1214 881 1282 902 uon
1306 882 1449 913 prorsus
1473 873 1680 905 auferuntur.

165 915 297 946 intuens
321 912 526 946 voluntatem
548 914 656 944 minus
680 912 781 945 habet
806 912 975 952 dolorum,
1011 925 1072 945 nec
1097 912 1161 946 sre-

166 958 224 989 mit
243 958 410 989 adversus
434 957 557 995 Deum,
592 957 652 988 sed
677 963 831 999 expectat
856 957 954 989 finem
979 968 1109 1000 poenae
1129 964 1162 989 et

166 1001 266 1032 vitam
290 1007 470 1032 aeternam.
495 1000 603 1032 Sentit
627 1001 724 1032 etiam
749 1001 779 1031 in
794 1002 896 1032 corde
909 1002 1160 1043 mitigationem.
1401 1036 1464 1068 DE
1500 1001 1714 1069 SECUN'DO
1750 1038 2018 1070 PRAECEPTO

253 1087 416 1119 Omnibus
449 1093 558 1119 autem
587 1086 736 1129 Legibus
759 1088 892 1119 additae
916 1095 991 1119 sunt
1022 1089 1162 1129 promis-

165 1131 279 1163 siones
315 1137 347 1162 et
383 1131 678 1169 comminationes,
710 1131 787 1173 quia
814 1132 897 1162 ordo
923 1132 1105 1172 sapientiae
1129 1139 1161 1162 et
1302 1130 1419 1163 Dulcis
1444 1139 1476 1163 et
1500 1131 1589 1164 utilis
1617 1138 1669 1164 est
1693 1134 1920 1166 consideratio
1946 1135 2072 1166 ordinis
2096 1136 2129 1166 in
2142 1135 2210 1167 De-

165 1175 309 1206 iustitiac
333 1175 366 1205 in
389 1174 464 1206 Deo
487 1174 542 1205 hic
566 1180 631 1211 est,
655 1180 690 1205 ut
715 1175 811 1206 iustis
836 1176 922 1206 bene
946 1176 1000 1213 sit,
1025 1182 1057 1206 et
1080 1176 1161 1206 111111-
1215 1173 1347 1217 calogo.
1394 1175 1540 1207 Primum
1563 1183 1777 1218 praeceptum
1800 1176 1949 1220 loquitur
1979 1179 2020 1210 de
2043 1186 2154 1210 mente
2177 1185 2211 1211 et

165 1219 257 1250 stitia
287 1217 491 1249 destruatur,
536 1217 579 1248 Et
615 1218 664 1248 sic
696 1217 851 1249 conditae
875 1224 951 1249 sunt
977 1217 1160 1249 rationales
1214 1220 1328 1257 corde,
1353 1219 1430 1261 quia
1455 1220 1527 1251 Lex
1552 1221 1650 1252 docet
1674 1221 1715 1252 de
1739 1221 1841 1253 totius
1866 1222 2006 1253 hominis
2033 1221 2210 1254 conformi-

166 1267 355 1299 creaturae,
378 1268 414 1293 ut
438 1266 553 1293 essent
576 1259 769 1293 conformes
798 1261 875 1292 Deo
900 1263 932 1292 in
957 1263 1159 1304 sempiterna
1214 1268 1281 1293 tate
1307 1274 1382 1294 cum
1406 1262 1494 1301 Deo,
1530 1270 1562 1295 01
1586 1265 1715 1296 orditur
1737 1275 1759 1297 a
1782 1266 1919 1297 summis
1943 1267 2114 1307 potentiis,
2150 1277 2210 1308 per

164 1304 290 1336 iustitia
325 1310 357 1336 et
391 1306 594 1346 sempiterna
627 1303 765 1336 laetitia.
834 1305 1020 1347 Postquam
1049 1312 1160 1337 autem
1213 1317 1296 1347 quas
1322 1306 1358 1337 fit
1383 1306 1551 1347 copulatio
1578 1318 1651 1340 cum
1675 1308 1762 1347 Deo,
1799 1308 1955 1341 videlicet
1977 1308 2111 1341 lucente
2134 1309 2210 1341 Deo

165 1346 299 1379 Diaboli
324 1354 355 1379 et
375 1355 494 1380 natura
511 1348 657 1379 humana
681 1346 874 1379 defecerant
899 1360 916 1379 a
942 1348 1028 1388 Deo,
1063 1360 1159 1381 secu·
1213 1350 1286 1390 ipso
1322 1350 1355 1381 in
1389 1349 1581 1382 hominibus
1616 1362 1677 1393 per
1699 1352 1854 1391 notitias,
1892 1359 1924 1384 et
1948 1352 2211 1385 transformante

165 1396 233 1425 100,
253 1396 331 1422 sunt
354 1402 500 1431 poenae,
536 1391 623 1423 sicut
647 1391 689 1422 de
711 1402 837 1433 genere
860 1390 1005 1423 humano
1026 1393 1158 1424 concio·
1212 1399 1330 1425 nostra
1365 1404 1511 1435 corpora
1533 1395 1576 1426 ad
1600 1405 1683 1427 suos
1702 1401 1813 1427 motus
1837 1396 1879 1427 ad
1910 1397 2098 1429 ordinatum
2121 1408 2210 1429 amo-

164 1440 263 1466 natur
286 1433 427 1467 Paulus:
450 1434 515 1466 Per
538 1440 713 1476 peccatum
738 1445 840 1466 111015.
887 1435 984 1467 111100
1009 1437 1159 1468 ordinem
1211 1447 1292 1476 rem,
1328 1438 1514 1470 ordinatam
1548 1437 1720 1477 laetitiam,
1756 1444 1788 1471 et
1810 1440 1854 1471 ad
1877 1439 1965 1472 alios
1988 1440 2131 1473 affectus
2155 1452 2208 1473 or-

163 1477 236 1509 Lex
271 1477 369 1509 etiam
402 1479 436 1510 111
472 1476 705 1520 corporalibus
729 1479 847 1520 poenis
879 1480 1036 1518 ostendit,
1071 1482 1157 1512 etin
1211 1480 1355 1512 dinatos.

164 1521 335 1553 atrocibus
373 1521 502 1553 delictis
538 1532 579 1553 ac
603 1520 807 1561 manifestis,
841 1523 914 1555 sive
931 1523 1156 1566 Magistratus

163 1563 244 1596 facit
268 1563 427 1605 officium,
455 1566 528 1597 sive
561 1576 630 1597 non
654 1564 745 1604 facit,
780 1572 890 1598 tamen
915 1567 1012 1598 etiam
1036 1568 1068 1599 in
1091 1567 1157 1599 hac

164 1609 232 1640 vita
256 1608 350 1641 Deus
380 1609 454 1650 ipse
477 1607 711 1651 corporalibus
742 1611 860 1651 poenis
885 1612 1011 1642 atrocia
1036 1611 1157 1643 delicta

163 1652 268 1693 punit,
293 1653 384 1684 iuxta
406 1653 492 1684 haec
515 1653 616 1691 dicta,
636 1659 669 1684 ut
695 1653 736 1684 de
761 1652 967 1695 blasphemis
992 1661 1023 1685 et
1048 1656 1157 1697 periu-

163 1696 226 1727 ris:
261 1695 338 1727 Non
369 1695 507 1728 habebit
540 1696 636 1728 Deus
673 1697 857 1736 insontem,
888 1698 1040 1739 quisquis
1071 1710 1156 1730 vane

164 1740 339 1781 usurpabit
370 1750 492 1772 nomen
516 1740 598 1771 eius.
666 1739 708 1771 Et
733 1741 774 1772 (10
797 1740 989 1772 homicidis:
1025 1742 1155 1780 Omnis,

164 1782 222 1855 gui
245 1781 393 1824 gladium
415 1784 599 1826 acceperit,
623 1782 736 1825 gladio
749 1785 879 1825 peribit.
926 1784 978 1817 De
1003 1786 1156 1817 incestis:

195 1826 280 1857 mnis
303 1826 425 1866 anima,
450 1837 537 1868 (11100
560 1825 676 1859 fecerit
699 1826 761 1859 has
781 1829 1061 1867 abominationes,
1085 1840 1156 1861 cra-

163 1869 328 1901 dicabitur
352 1871 393 1902 de
418 1876 518 1902 terra.
586 1870 640 1902 De
670 1869 783 1903 furtis:
822 1871 893 1903 Vae
929 1873 984 1914 qui
1013 1871 1156 1914 spolias,

164 1913 241 1955 quia
259 1912 459 1955 spoliaberis
483 1921 547 1946 etc.

1300 1567 1387 1604 Quia
1423 1578 1505 1599 vero
1541 1567 1641 1601 homo
1677 1570 1836 1602 conditus
1864 1577 1915 1603 est
1937 1571 1980 1603 ad
2003 1571 2211 1611 societatem,

1210 1617 1243 1642 et
1266 1621 1378 1643 sermo
1404 1618 1456 1644 est
1480 1613 1616 1644 nuntius
1640 1614 1761 1645 mentis
1787 1620 1820 1645 et
1846 1615 1957 1647 cordis
1982 1615 2016 1646 in
2035 1616 2210 1655 societate,

1210 1666 1288 1686 mox
1311 1657 1497 1687 secundum
1522 1663 1739 1699 praeceptum
1761 1656 1910 1700 loquitur
1929 1659 1971 1690 de
1983 1669 2152 1698 sermone,
2176 1664 2210 1691 et

1211 1700 1373 1740 praecipit
1399 1701 1666 1732 convenientiam
1690 1703 1856 1734 sermonis
1881 1713 1956 1734 cum
1981 1703 2095 1742 corde,
2119 1703 2209 1745 quod

1212 1748 1264 1774 est
1288 1741 1463 1775 conforme
1487 1754 1560 1775 cum
1584 1743 1671 1776 Deo.

1298 1830 1343 1861 Ut
1375 1836 1487 1862 autem
1510 1831 1603 1872 prius
1626 1829 1864 1864 affirmativam
1886 1834 2085 1865 sententiam
2105 1834 2208 1865 tradi-

1211 1873 1274 1905 dit:
1300 1873 1374 1916 Ego
1399 1885 1473 1906 sum
1497 1874 1662 1907 Dominus
1683 1875 1778 1908 Deus
1803 1882 1891 1915 tuus,
1911 1882 1944 1908 et
1966 1877 2058 1909 addit
2080 1877 2208 1920 negati-

1211 1928 1302 1949 vam:
1326 1918 1401 1949 Non
1425 1917 1567 1950 habebis
1579 1917 1673 1950 Deos
1692 1918 1836 1951 alienos:
1860 1920 1909 1952 lta
1932 1921 2092 1962 deinceps
2117 1922 2207 1953 scias

1209 1961 1243 1992 in
1266 1963 1431 2003 negativis
1456 1972 1589 2004 semper
1612 1962 1761 1995 inclusas
1785 1974 1863 1995 esse
1875 1963 2107 2004 affirmatian
2131 1976 2207 1997 cum

1209 2005 1275 2036 ait:
1317 2005 1394 2037 Non
1417 2007 1596 2048 usurpabis
1621 2017 1742 2038 nomen
1766 2006 1830 2039 Dei
1853 2018 1952 2047 vane,
1987 2008 2207 2050 prohibentur

1209 2059 1326 2081 omnes
1345 2050 1474 2081 abusus
1498 2050 1641 2082 nominis
1666 2051 1775 2083 divini.

250 1999 336 2032 Sunt
358 2001 458 2043 igitur
481 2007 513 2032 et
536 2002 642 2043 primo
666 2007 848 2043 praecepto
866 2002 998 2034 additae
1016 2004 1156 2044 promis-

164 2044 278 2075 siones
301 2050 334 2075 et
357 2045 645 2077 comminationes.
691 2044 763 2076 Etsi
793 2051 905 2077 autem
928 2057 1058 2088 poenae
1082 2058 1155 2078 cor-

162 2087 298 2129 porales
317 2088 349 2119 in
371 2087 465 2130 Lege
488 2094 566 2120 sunt
588 2090 726 2120 umbrae
741 2089 972 2131 significantes
997 2091 1079 2122 iram
1093 2091 1156 2123 Dei

162 2137 196 2162 et
220 2132 482 2163 destructionem
516 2137 697 2171 aeternam,
732 2140 842 2165 tamen
873 2145 948 2166 cum
972 2133 1042 2165 Lex
1067 2135 1155 2174 dicit,
1299 2135 1480 2168 Sciendum
1515 2143 1566 2168 est
1598 2138 1717 2179 igitur,
1751 2138 1806 2180 qui
1839 2139 1908 2170 sint
1930 2140 1999 2170 veri
2023 2149 2115 2171 usus
2163 2138 2206 2172 Hi

162 2175 281 2217 vagari
316 2185 375 2207 eas
410 2185 470 2216 per
504 2176 634 2207 tertiam
665 2182 698 2207 et
721 2183 872 2218 quartam
895 2178 1156 2219 generationem,
1209 2180 1538 2221 comprehenduntur
1560 2181 1612 2212 his
1636 2181 1808 2223 gradibuS,
1832 2181 1921 2214 Vera
1940 2183 2109 2215 invocatio
2127 2182 2204 2223 Dei,

161 2216 308 2260 loquitur
330 2219 466 2260 proprie
490 2219 531 2250 de
556 2218 790 2261 corporalibus
814 2222 945 2262 poenis,
965 2232 1048 2264 quas
1062 2221 1156 2254 Deus
1209 2222 1400 2255 Gratiarum
1425 2225 1524 2264 00110,
1550 2225 1703 2257 doctrina
1726 2231 1759 2257 et
1783 2224 1966 2258 confessio.

163 2262 351 2304 exequitur,
387 2268 424 2293 ut
457 2268 594 2304 propter
628 2262 796 2295 Idolorum
828 2264 937 2296 cultus
967 2276 1028 2306 per
1052 2272 1157 2298 totum
1228 2302 1231 2303 ⁷

161 2315 270 2348 genus
289 2305 467 2338 humanum
481 2307 634 2338 omnibus
658 2308 864 2348 temporibus
876 2308 1053 2340 horribiles
1076 2321 1156 2352 poe·
1297 2310 1391 2346 Quae
1415 2312 1459 2342 sit
1481 2322 1562 2343 vera
1586 2312 1774 2350 invocatio,
1809 2313 1949 2345 discitur
1978 2314 2011 2345 in
2037 2314 2204 2345 communi

162 2359 226 2381 nae
251 2347 446 2390 corporales
472 2356 650 2392 vagantur.
1209 2354 1360 2386 doctrina
1385 2355 1425 2386 de
1447 2355 1653 2396 precatione,
1678 2355 1845 2396 videlicet,
1868 2358 1901 2388 in
1926 2368 1991 2399 qua
2003 2368 2119 2389 verum
2134 2357 2203 2388 De-

1207 2409 1262 2430 um
1287 2397 1495 2441 alloquimur,
1531 2404 1563 2430 et
1587 2400 1775 2441 cogitamus
1799 2407 1978 2443 praecepta
2003 2401 2044 2432 de
2066 2402 2203 2442 invoca7

250 2434 349 2471 Quod
382 2441 492 2467 autem
528 2437 681 2468 obiicitur
712 2438 834 2469 dictum
857 2438 957 2471 Dent.
981 2439 1034 2471 24.
1079 2440 1156 2472 Non
1207 2442 1297 2473 tione
1322 2448 1354 2473 et
1374 2443 1414 2473 de
1437 2443 1672 2484 promissione,
1697 2449 1729 2475 et
1752 2443 1818 2476 fide
1831 2445 1974 2486 petimus
1989 2445 2089 2484 bona,
2115 2455 2202 2487 quae

162 2479 360 2510 occidentur
390 2486 506 2520 patres
530 2490 590 2522 pro
615 2479 704 2519 filiis,
737 2492 801 2512 nec
825 2481 881 2513 filii
905 2495 966 2525 pro
991 2484 1155 2524 patribus,
1176 2490 1180 2535 j
1206 2487 1359 2526 promisit
1382 2491 1446 2518 etc.

161 2522 383 2564 Praeceptum
418 2524 560 2555 traditur
577 2522 714 2566 politico
738 2524 837 2557 iudici
863 2527 903 2557 de
928 2528 1074 2558 externis
1099 2528 1154 2560 (10-

159 2564 261 2605 lictis,
284 2567 345 2598 sed
369 2566 464 2599 Deus
487 2578 630 2609 poenam
652 2568 685 2599 in
708 2567 773 2599 hoc
795 2577 977 2612 praecepto
996 2572 1155 2604 maiorem

1294 2573 1443 2605 Pertinet
1466 2573 1508 2605 ad
1531 2573 1777 2605 invocationem
1800 2580 1833 2606 et
1852 2575 2086 2617 iuramentum,
2145 2575 2201 2607 uia

160 2610 269 2641 sancit
292 2609 515 2653 corporalem,
537 2622 637 2654 quam
659 2612 732 2653 ipse
745 2617 854 2645 tamen
878 2616 1062 2657 exequitur,
1085 2626 1154 2647 non

1206 2627 1244 2648 re
1266 2617 1340 2659 ipsa
1362 2617 1584 2649 iuramentum
1607 2622 1659 2650 est
1683 2618 1851 2651 invocatio
1864 2617 1942 2658 Dei,
1964 2619 1997 2650 in
2022 2630 2088 2662 qua
2110 2630 2132 2651 a
2147 2620 2200 2650 fir-

320 2729 468 2750 idi—:LANTIL
484 2732 565 2753 OPER,
580 2732 644 2752 VOL.
660 2732 744 2752 xxm.
1992 2733 2025 2757 216
