2383 2990
152 129 214 160 391

760 124 874 157 PHLL.
898 123 1000 156 MEL.
1025 122 1214 155 SCR1PTA
1236 121 1518 154 DOGMATIGA.

240 223 447 265 Contingens
472 228 580 254 autem
605 222 733 259 dicitur,
759 221 849 262 quod
874 231 949 251 cum
969 219 1015 258 fit,
1038 207 1139 251 habet
1161 226 1166 252 Ι

153 277 288 299 03353111
314 278 399 308 quae
421 272 537 308 posset
557 277 598 297 ex
622 271 740 296 natura
764 275 825 295 sua
849 262 945 295 aliter
969 273 1082 306 agere,
1107 269 1140 295 et

151 310 228 342 sons
254 312 496 352 contingentiae
521 309 643 350 primus
669 314 730 346 051,
753 306 889 340 libertas
903 306 1083 339 voluntatis
1107 308 1139 338 in

150 354 237 386 Deo.
284 354 377 385 Deus
400 353 567 384 liberrima
591 351 762 383 voluntate
788 356 879 382 creat
902 361 1008 392 genus
1027 349 1139 381 huma-

150 409 240 435 num,
277 397 440 428 ordinavit
465 406 601 427 cursum
625 395 720 433 solis,
750 395 841 426 iubet
864 393 970 425 solem
994 394 1138 436 regredi,

150 442 241 473 iubet
275 450 379 482 aquas
409 440 440 470 in
465 439 546 470 mari
569 440 672 470 rubro
697 438 898 475 consistere,
918 444 982 469 etc.
1049 437 1139 468 Haec

149 485 312 526 potuisset
337 495 403 515 11011
427 481 552 521 facere,
576 489 608 514 et
631 482 727 513 aliter
750 480 879 513 facere:
903 482 947 512 ita
960 482 1140 512 discrimen

149 529 235 560 inter
258 537 364 570 agens
387 525 528 558 liberum
552 535 584 557 et
607 537 674 557 non
697 524 837 557 liberum
865 525 1106 557 consideretur.

237 605 294 637 Sic
323 611 434 636 autem
469 605 615 636 condidit
638 604 733 635 Deus
757 601 897 645 angelos
922 609 953 634 et
976 603 1140 641 1101111305,

149 655 184 681 ut
210 655 322 680 essent
346 649 410 690 ipsi
434 658 566 690 quoque
590 647 722 689 agentia
745 646 862 685 libera,
899 652 1009 677 manet
1027 646 1140 687 aliqua

148 691 288 723 libertas
313 693 410 723 etiam
434 693 466 723 in
489 692 677 723 hominibus
707 696 783 731 post
807 689 959 731 lapsum,
994 688 1079 720 haec
1102 687 1140 720 li-

148 737 262 767 bertas
284 736 379 767 etiam
405 745 508 767 causa
528 741 580 766 est
612 734 858 775 contingentiae
889 734 1057 764 actionum
1082 732 1141 763 hu-

147 790 331 817 manarum,
368 778 478 810 Patris
501 777 635 810 frenare
659 777 893 808 locomotivam
918 782 1065 817 poterat,
1098 786 1140 808 ne

148 828 280 864 raperet
303 821 476 853 Helenam.

236 935 333 966 Nunc
364 933 585 965 consideratis
619 931 899 974 appellationibus
933 936 1086 974 teneatur
1109 931 1141 962 in

147 977 303 1011 Ecclesia
333 978 522 1009 firmissime
551 977 636 1008 11300
660 986 741 1008 vera
765 976 924 1006 doctrina.
995 974 1142 1005 Primum

149 1023 240 1064 quod
263 1022 357 1053 Deus
380 1032 446 1053 non
471 1022 514 1051 sit
537 1031 642 1052 causa
667 1020 810 1061 peccati,
830 1028 893 1051 nec
917 1017 998 1049 velit
1021 1028 1142 1059 pecca-

149 1072 230 1104 tum,
255 1076 318 1096 nec
340 1063 488 1106 impellat
506 1062 658 1094 homines
682 1063 724 1094 ad
748 1062 974 1103 peccandum,
997 1072 1061 1092 nec
1084 1072 1142 1102 ap—

148 1110 268 1151 probet
291 1115 477 1151 peccatum.
525 1107 648 1138 Postea
668 1117 709 1137 ex
732 1105 796 1136 hac
809 1106 984 1137 verissima
1009 1110 1142 1136 senten-

148 1154 194 1185 tia
217 1153 367 1193 sequitur
389 1152 578 1193 perspicue,
613 1150 702 1192 quod
736 1148 895 1180 voluntas
930 1149 960 1180 in
988 1146 1141 1179 Diabolis

147 1202 179 1228 et
203 1195 392 1227 hominibus
417 1205 478 1226 sua
502 1193 656 1225 libertate
679 1194 840 1224 averterit
863 1203 901 1223 50
925 1202 944 1223 3
966 1191 1059 1230 Deo,
1090 1202 1142 1222 se-

147 1240 257 1282 quitur
282 1244 314 1270 et
337 1239 509 1280 deinceps,
534 1247 601 1268 non
626 1237 735 1268 omnia
754 1247 840 1278 quae
860 1236 959 1274 fiunt,
983 1245 1142 1267 necessa·

145 1284 195 1316 rio
219 1282 309 1314 fieri:
334 1281 417 1313 Cain
440 1292 508 1313 non
528 1281 724 1313 necessario
748 1279 905 1311 interficit
930 1278 1076 1312 fratrem.

235 1361 333 1397 Quod
356 1365 466 1391 autem
490 1359 585 1390 Deus
608 1369 671 1390 nec
695 1359 738 1389 sit
768 1368 873 1389 causa
897 1357 1045 1400 peccati,
1078 1367 1143 1388 nec

146 1403 229 1437 velit
251 1409 440 1447 peccatum,
463 1413 526 1434 nec
550 1400 698 1444 impellat
721 1400 912 1433 voluntates
931 1402 975 1432 ad
999 1410 1143 1442 peccan-

147 1449 242 1486 dum,
276 1458 340 1479 nec
363 1447 527 1488 approbet
550 1451 744 1487 peccatum,
777 1446 991 1487 perspicuum
1026 1450 1078 1475 est
1101 1454 1143 1475 ex

146 1490 259 1524 multis
290 1491 393 1522 firmis
428 1490 648 1528 testimoniis,
683 1499 822 1531 quorum
847 1488 958 1530 aliqua
981 1488 1141 1519 recitabo.

148 1536 253 1567 Gene.
280 1535 309 1565 l.
356 1534 447 1565 Vidit
470 1533 565 1565 Deus
589 1533 697 1564 omnia
722 1542 809 1574 quae
828 1530 968 1570 fecerat,
991 1537 1024 1563 et
1048 1536 1143 1562 erant

147 1578 246 1611 valde
271 1579 370 1616 110113,
390 1578 421 1609 111
446 1583 509 1616 051,
534 1575 609 1608 Deo
633 1575 800 1617 placentia
813 1576 977 1613 ordinata,
1001 1585 1143 1616 congru-

147 1624 235 1654 entia
270 1623 313 1653 ad
348 1622 497 1652 ordinem
532 1621 563 1651 in
599 1626 710 1651 mente
744 1620 874 1657 divina,
907 1625 938 1650 et
962 1619 1005 1649 ad
1029 1624 1142 1650 certos

147 1676 230 1698 usus
262 1664 456 1708 profuturos
484 1662 609 1695 homini
640 1664 785 1695 condita.
852 1661 944 1693 Psal.
968 1662 998 1693 5.
1066 1661 1143 1692 Non

146 1709 242 1741 Deus
266 1708 385 1741 volens
405 1709 610 1750 iniquitatem
633 1713 668 1738 tu
692 1717 748 1746 es,
782 1707 815 1738 id
839 1712 908 1745 est,
943 1705 1039 1738 Deus
1064 1714 1143 1736 vere

150 1760 184 1785 et
207 1764 274 1785 3011
298 1751 453 1784 simulate
477 1751 546 1782 odit
565 1757 715 1793 peccata.

237 1831 352 1862 lohan.
375 1830 406 1862 8.
453 1829 595 1865 Quando
619 1829 828 1860 mendacium
848 1826 995 1870 loquitur
1017 1826 1145 1858 Diabo-

150 1873 215 1911 lus,
241 1886 282 1906 ex
308 1875 452 1916 propriis
475 1872 633 1915 loquitur,
658 1873 733 1915 quia
747 1872 888 1903 mendax
912 1878 975 1909 est,
1000 1877 1032 1902 et
1052 1877 1146 1912 pater

150 1919 325 1950 mendacii.
394 1917 503 1956 Pater,
537 1917 569 1947 id
606 1922 669 1954 est,
705 1916 829 1956 primus
865 1915 942 1946 sons
977 1920 1010 1945 et
1041 1924 1144 1946 031153

150 1963 323 1994 mendacii.
368 1961 539 1992 Discernit
563 1967 673 1992 autem
701 1960 866 1991 Dominus
895 1958 1105 1990 mendacium
1124 1968 1144 1988 a

151 2006 356 2044 substantia,
392 2005 488 2046 quasi
520 2004 609 2035 dicat
640 2003 860 2034 substantiam
886 2003 1019 2044 quidem
1041 2001 1143 2032 habet

150 2048 316 2080 Diabolus
352 2048 485 2080 aliunde
522 2054 713 2089 acceptam,
749 2046 833 2078 Nam
868 2056 986 2078 onmes
1022 2043 1143 2087 Angeli

151 2099 227 2124 sunt
252 2094 419 2123 essentiae
443 2104 463 2123 a
485 2091 560 2123 Deo
586 2097 732 2128 creatae,
751 2100 891 2131 quorum
911 2089 1011 2131 aliqui
1025 2096 1144 2129 postea

150 2135 237 2177 lapsi
262 2142 350 2175 sunt,
386 2136 486 2167 liabet
510 2142 620 2167 autem
644 2134 813 2176 proprium
839 2134 993 2175 quiddam
1022 2132 1144 2163 Diabo-

150 2179 205 2211 lus
230 2190 295 2211 non
321 2190 340 2210 3
363 2179 438 2210 Deo
462 2185 647 2220 acceptum,
674 2177 827 2209 videlicet
851 2177 1075 2214 mendacium,
1111 2176 1143 2207 id

151 2229 216 2261 est,
251 2230 439 2264 peccatum,
475 2223 563 2264 quod
599 2228 648 2253 051
685 2222 865 2253 destructio
897 2228 971 2252 orta
993 2231 1013 2251 a
1036 2217 1144 2251 libera

150 2265 324 2298 voluntate
348 2265 482 2298 Diaboli
506 2267 687 2297 avertentis
713 2276 749 2296 50
769 2276 787 2296 3
807 2265 893 2296 Deo.
918 2264 1034 2305 Neque
1059 2262 1143 2295 haec

151 2311 236 2341 inter
259 2321 296 2341 50
318 2316 480 2353 pugnant,
505 2316 538 2341 ut
561 2316 679 2351 postea
698 2319 817 2340 rursus
836 2309 955 2343 dicam,
981 2308 1143 2339 Substan-

151 2354 228 2385 tiam
252 2365 270 2384 a
295 2353 369 2385 Deo
394 2355 562 2385 conditam
588 2364 683 2391 esse,
714 2360 744 2384 et
770 2352 953 2384 sustentari
978 2357 1009 2382 01
1034 2357 1142 2381 1311103

152 2396 356 2428 voluntatem
376 2396 509 2428 Diaboli
536 2404 566 2429 et
590 2397 733 2428 hominis
758 2407 894 2427 causam
908 2405 985 2426 0550
1002 2394 1144 2436 peccati,

154 2441 231 2481 quia
256 2440 411 2472 voluntas
436 2441 528 2472 abuti
553 2441 706 2472 libertate
730 2450 791 2471 sua
815 2440 932 2481 potuit,
967 2445 999 2470 et
1023 2448 1100 2469 sese
1124 2448 1143 2468 3

153 2483 227 2514 1)οο
252 2493 412 2522 31011010,
448 2485 631 2516 Zachariae
653 2485 685 2516 8.
753 2482 877 2515 Malum
911 2493 953 2514 ne
988 2482 1143 2523 cogitetis

153 2528 184 2558 in
210 2528 366 2558 cordibus
392 2530 523 2565 vestris,
548 2536 579 2560 et
604 2529 820 2559 iuramentum
846 2528 986 2558 mendax
1013 2536 1054 2557 ne
1074 2524 1144 2556 (lili-

153 2571 252 2612 gatis,
277 2572 385 2602 omnia
410 2572 495 2602 enim
519 2572 604 2604 11300
627 2579 704 2603 sunt
728 2581 813 2614 quae
832 2571 898 2609 odi,
929 2570 1007 2601 dicit
1029 2569 1144 2600 Domi-

153 2624 228 2645 nus.

2117 121 2181 153 392

1279 217 1362 250 Cum
1385 218 1484 259 igitur
1507 227 1574 248 non
1606 217 1649 247 sit
1684 214 1874 248 simulatum
1908 218 2020 249 odium
2054 219 2183 259 peccati

1190 263 1223 293 in
1257 260 1428 293 voluntate
1463 261 1595 299 divina,
1628 270 1839 301 nequaquam
1877 262 2085 292 sentiendum
2119 267 2183 301 est,

1191 305 1300 336 Deum
1335 303 1421 336 velle
1463 310 1650 345 peccatum.
1707 303 1839 335 Primae
1873 303 1988 336 lohan.
2019 306 2182 336 secundo.

1192 349 1472 389 Concupiscentia
1503 348 1612 379 carnis
1643 357 1711 378 non
1747 353 1799 378 051
1833 358 1873 378 ex
1896 347 2013 387 Patre,
2049 350 2108 380 sed
2142 359 2183 380 ex

1191 392 1325 423 mundo.
1371 392 1503 423 Primae
1528 390 1641 422 1011311.
1666 390 1696 422 3.
1745 390 1807 426 Qui
1838 389 1918 422 facit
1941 399 2116 432 peccatum
2141 402 2183 424 ex

1191 435 1336 467 Diabolo
1361 441 1424 474 est,
1449 435 1526 477 quia
1549 435 1590 465 ab
1616 434 1707 465 initio
1721 433 1886 466 Diabolus
1909 441 2040 476 peccat,
2063 436 2096 470 id
2119 441 2183 474 est,

1190 480 1317 520 primus
1340 485 1437 510 autor
1466 479 1596 519 peccati
1620 476 1787 509 Diabolus
1813 485 1874 509 est.
1920 477 2016 510 Rom.
2041 478 2071 509 5.
2118 479 2183 510 Per

1191 523 1504 554 homi-nemintravit
1524 527 1700 563 peccatum
1719 522 1750 552 in
1770 522 1938 559 mundum,
1962 522 1995 553 id
2019 527 2082 561 est,
2106 532 2184 564 pec-

1193 573 1304 597 catum
1328 577 1395 597 non
1420 571 1471 598 est
1496 576 1551 597 res
1577 565 1710 597 condita
1735 576 1755 596 a
1778 564 1865 603 Deo,
1901 565 1960 596 sed
1988 564 2089 596 homo
2122 576 2184 597 sua

1191 608 1345 641 libertate
1369 619 1406 640 se
1430 620 1450 641 a
1475 608 1550 640 Deo
1574 609 1710 647 avertit,
1744 615 1777 640 et
1812 609 1961 640 excussit
1997 609 2085 640 dona
2106 608 2183 648 Dei,

1194 658 1225 684 et
1248 652 1339 684 illam
1374 663 1467 685 suani
1502 652 1763 684 destructionem
1797 653 1998 694 propagavit
2026 653 2060 683 in
2089 663 2185 685 suam

1192 697 1434 738 posteritatem.

1281 783 1342 814 His
1380 790 1412 814 et
1448 782 1610 814 similibus
1649 783 1746 814 dictis
1783 782 1968 813 confirmati
2001 792 2117 814 veram
2150 788 2185 814 et

1193 835 1385 868 perpetuam
1394 824 1569 858 Ecclesiae
1582 826 1781 857 sententiam
1796 832 1991 857 constanter
2003 824 2184 867 amplecta-

1193 881 1277 908 mur,
1303 876 1335 901 et
1357 880 1569 912 nequaquam
1598 869 1840 911 applaudamus
1865 868 1988 900 Stoicis
2023 875 2057 900 e-t.
2079 869 2184 901 Mani-

1194 913 1309 944 chaeis
1344 912 1526 951 furoribus,
1561 914 1615 955 qui
1650 919 1728 944 sunt
1759 911 1989 944 contumeliosi
2019 913 2184 944 adversus

1193 956 1301 988 Deum
1326 963 1358 988 et
1381 957 1562 998 perniciosi
1586 957 1691 995 vitae,
1722 957 1777 998 qui
1801 956 1931 998 fingunt
1955 956 2107 988 homines
2129 966 2186 988 ne-

1195 1001 1345 1032 cessario
1369 999 1501 1031 scelera
1524 998 1650 1038 facere,
1676 1006 1707 1030 et
1731 1005 1822 1031 recte
1843 999 2184 1042 intelligamusdicta,

1195 1054 1281 1085 quae
1316 1050 1433 1074 contra
1463 1053 1577 1074 veram
1617 1043 1815 1075 sententiam
1862 1044 2101 1086 detorquentur
2143 1044 2187 1075 ad

1195 1087 1308 1119 Stoica
1331 1086 1561 1119 deliramenta.

1260 1250 1548 1284 ARGUMENTA
1571 1249 1735 1283 STOICA
1757 1250 1814 1282 ΕΤ
1836 1249 2116 1284 MAMCHAEA.

1380 1350 1598 1390 Primum
1640 1356 2005 1404 argumentum.

1283 1459 1440 1498 Primum,
1463 1458 1629 1490 Indurabo
1649 1469 1709 1490 cor
1731 1458 1932 1497 Pharaonis,
1955 1459 2021 1490 hoc
2043 1459 2089 1490 ita
2111 1459 2189 1491 cita-

1197 1510 1261 1542 tur,
1287 1514 1360 1535 cum
1386 1503 1429 1533 sit
1462 1503 1601 1534 verbum
1639 1503 1795 1541 activum,
1829 1509 1865 1534 ut
1899 1502 2023 1533 indocti
2056 1503 2190 1534 ratioci-

1196 1553 1316 1578 nentur
1351 1546 1427 1578 inde
1460 1545 1569 1577 Deum
1604 1556 1680 1577 esse
1715 1556 1851 1577 causam
1887 1544 2083 1577 efficientem
2113 1556 2190 1588 pec·

1198 1591 1272 1622 0311.
1319 1590 1373 1621 Ad
1407 1589 1494 1621 hanc
1529 1589 1667 1631 phrasin
1701 1596 1733 1621 et
1762 1587 1888 1620 similes
1919 1590 2190 1630 respondendum

1197 1641 1267 1666 est:
1303 1633 1534 1664 Certissimum
1559 1639 1611 1664 est
1634 1632 1779 1664 Ebraica
1802 1632 1917 1675 phrasi
1940 1633 2045 1665 verba
2078 1634 2190 1665 activa

1198 1688 1300 1719 saepe
1331 1676 1523 1719 significare
1558 1677 1829 1717 permissionem,
1865 1687 1933 1708 non
1967 1676 2190 1716 effectionem,

1200 1721 1242 1752 Ut
1262 1732 1303 1753 ne
1327 1731 1390 1752 nos
1414 1721 1554 1752 inducas
1578 1721 1610 1751 in
1633 1721 1862 1759 tentationem,
1895 1720 1929 1752 id
1952 1726 2021 1759 est,
2055 1730 2124 1752 non
2147 1720 2191 1752 si·

1197 1775 1259 1796 nas
1278 1775 1342 1796 nos
1367 1764 1518 1806 opprimi,
1544 1774 1619 1795 cum
1643 1770 1818 1796 tentamur.

1285 1833 1503 1875 Repudianda
1538 1839 1589 1865 est
1623 1839 1656 1865 et
1690 1832 1874 1876 Cyclopica
1907 1831 2075 1865 cavillatio
2109 1843 2190 1875 quo-

1198 1878 1336 1910 rundam
1356 1883 1508 1909 veterum
1533 1883 1565 1908 et
1588 1878 1781 1916 recentium,
1807 1878 1862 1919 qui
1887 1878 1999 1909 dicunt
2021 1887 2089 1909 non
2112 1877 2188 1908 ideo

1197 1932 1340 1963 peccare
1364 1920 1491 1959 Deum,
1526 1921 1603 1963 quia
1634 1919 1780 1963 impellat
1804 1921 1846 1951 ad
1877 1919 1980 1959 mala,
2013 1920 2089 1962 quia
2113 1920 2188 1952 Deo

1198 1976 1265 1996 non
1301 1966 1344 1996 sit
1377 1964 1449 1995 Lex
1482 1966 1601 2006 posita.
1650 1964 1743 1995 Haec
1779 1963 1963 2005 Cyclopica
1995 1964 2188 2006 imaginatio

1199 2009 1390 2041 execranda
1413 2014 1482 2047 est,
1514 2008 1590 2050 quia
1620 2006 1673 2039 lex
1697 2006 1837 2039 Moralis
1861 2013 1912 2038 est
1931 2009 2004 2047 ipsa
2027 2007 2190 2048 sapientia

1197 2060 1335 2085 aeterna
1369 2058 1401 2083 et
1433 2052 1569 2083 immota
1603 2052 1635 2083 in
1669 2051 1754 2089 Deo,
1789 2057 1821 2082 et
1856 2049 2011 2083 voluntas
2035 2050 2100 2082 Dei
2135 2055 2189 2082 est

1197 2098 1296 2135 iusta,
1318 2094 1501 2127 conformis
1526 2093 1571 2126 illi
1594 2105 1678 2126 suae
1702 2095 1900 2136 sapientiae,
1931 2094 2075 2136 ideoque
2097 2101 2188 2135 11310-

1197 2139 1287 2172 facta
1311 2145 1363 2171 est
1385 2138 1439 2170 lex
1466 2137 1620 2177 111013115,
1649 2145 1684 2170 31
1709 2140 1854 2170 50131335
1885 2136 1991 2180 (133115
2015 2139 2058 2169 511
2081 2137 2187 2176 Deus,

1198 2191 1230 2215 et
1265 2184 1495 2215 discernamus
1543 2192 1617 2213 011111
1652 2192 1671 2212 3
1706 2181 1802 2213 1113115
1837 2182 1974 2214 naturis.
2021 2181 2093 2213 Nec
2127 2180 2187 2212 fin-

1198 2228 1328 2269 gendae
1351 2232 1430 2258 sunt
1452 2227 1484 2257 in
1498 2225 1572 2257 Deo
1592 2226 1872 2257 contradictoriae
1896 2223 2098 2263 voluntates,
2111 2225 2188 2267 quia

1197 2271 1292 2303 Deus
1316 2277 1367 2302 est
1390 2280 1494 2301 verax
1517 2280 1583 2300 non
1609 2270 1811 2301 dissentiens
1835 2280 1855 2301 a
1875 2279 1937 2301 sua
1956 2269 2131 2311 sapientia,
2155 2273 2188 2300 et

1197 2326 1216 2346 a
1240 2315 1344 2347 verbo
1368 2313 1458 2356 quod
1481 2313 1581 2345 edidit
1605 2319 1638 2345 01
1657 2313 1778 2345 sanxit.

1284 2391 1382 2424 Plato
1411 2392 1516 2433 inquit
1545 2390 1630 2423 libro
1654 2391 1685 2422 ⁴2.
1719 2392 1760 2422 de
1783 2390 1867 2432 Rep.
1902 2389 2000 2426 Quod
2028 2399 2109 2421 vero
2141 2390 2187 2421 di-

1198 2443 1275 2468 cunt
1300 2436 1401 2478 aliqui
1425 2435 1587 2466 malorum
1612 2446 1751 2467 causam
1785 2445 1862 2465 esse
1885 2433 2004 2471 Deum,
2040 2433 2095 2475 qui
2129 2434 2187 2464 bo-

1197 2491 1260 2512 nus
1285 2487 1353 2518 est,
1389 2480 1604 2521 pugnandum
1629 2485 1678 2510 est
1705 2479 1859 2510 omnibus
1883 2477 2007 2515 modis,
2045 2487 2087 2508 ne
2110 2477 2185 2518 quis

1197 2525 1281 2555 haec
1305 2525 1393 2555 dicat
1415 2523 1447 2554 in
1478 2532 1539 2553 sua
1571 2522 1714 2561 civitate,
1744 2523 1772 2552 si
1804 2520 1873 2553 vult
1898 2531 1970 2553 eam
1995 2522 2079 2552 bene
2104 2522 2185 2562 regi,

1198 2574 1228 2599 et
1252 2579 1294 2599 ne
1318 2567 1392 2610 quis
1423 2566 1507 2597 haec
1541 2566 1665 2604 audiat,
1699 2576 1761 2597 nec
1797 2566 1935 2602 iuvenis,
1971 2574 2034 2595 1100
2068 2573 2184 2602 senex,

1198 2612 1316 2643 necin
1340 2611 1496 2648 carmine,
1530 2619 1594 2641 nec
1628 2615 1723 2641 extra
1758 2619 1892 2641 carmen
1925 2607 2066 2650 figurate
2101 2608 2182 2639 reci·
