2383 2990
174 140 216 172 95

173 234 258 265 enim
288 243 435 264 summus
465 231 632 263 Sacerdos
662 230 738 261 novi
771 228 976 261 Testamenti
1008 231 1182 271 persona}

172 277 355 307 immediate
380 276 480 306 missa
503 273 608 305 aDeo
632 273 673 304 ad
697 272 952 314 patefactionem
970 272 1155 316 Evangelii,
1178 271 1181 319 j

172 319 213 350 ad
237 318 432 360 placandam
456 319 536 348 iram
560 316 623 347 Dei
656 327 717 347 suo
744 315 928 354 sacrificio,
959 322 992 347 et
1014 318 1057 348 ad
1080 327 1154 357 pre·
1179 320 1181 333 ⁴

172 363 312 393 candum
341 372 400 402 pro
425 360 537 398 nobis,
567 358 695 390 habeus
725 360 948 390 testimonium
979 361 1068 401 quod
1099 349 1181 417 (ὲκ-ἶ

171 405 333 441 audiatur,
352 415 410 445 per
433 413 530 445 quam
554 408 586 433 et
609 401 804 436 exhibentur
828 403 916 433 bona
938 404 1104 443 promissa
1122 404 1154 434 in
1179 421 1181 426 ι

171 458 258 478 novo
277 447 501 478 Testamento.
548 445 653 477 Huius
678 445 911 486 descriptionis
935 447 1081 477 membra
1105 456 1155 476 re-

172 491 264 521 citari
290 496 320 520 et
344 488 506 520 declarari
530 490 561 519 in
582 488 732 530 Epistola
753 490 796 519 ad
815 488 978 525 Ebraeos‚
1002 490 1156 530 agnoscit

170 534 244 573 pius
274 531 392 564 lector.
437 531 477 563 Et
500 531 584 563 haec
608 537 794 574 congruunt
828 532 870 562 ad
901 530 1155 573 appellationem

170 576 374 608 Mediatoris.

256 644 345 675 Dicit
379 650 488 675 autem
517 641 669 683 Epistola
699 644 741 674 ad
776 640 944 681 Ebraeos,
977 652 1154 684 personam

169 689 304 719 missam
328 687 370 718 ad
394 687 617 718 sacerdotium
647 696 724 717 esse
753 684 842 717 hunc
866 685 1000 723 Filium,
1025 686 1065 716 de
1089 695 1155 727 quo

168 732 272 773 inquit
295 736 450 761 aeternus
476 729 590 760 Pater:
615 728 716 760 Filius
739 739 832 760 meus
857 739 894 760 es
919 735 969 767 tu,
1000 727 1073 769 Ego
1096 729 1155 759 ho·

170 775 222 805 die
247 774 345 816 genui
368 780 410 804 te.
456 773 507 803 Ac
529 774 650 803 missus
681 777 732 802 est
761 771 814 803 hic
838 770 940 803 filius
965 772 1075 802 statim
1098 772 1155 802 ini—

169 818 214 848 tio
239 818 279 848 ad
303 816 502 854 Ecclesiam,
526 816 568 846 ad
592 814 856 856 patefaciendam
887 814 1155 855 promissionem:

169 861 291 891 Semen
316 858 463 890 mulieris
487 865 636 889 conteret
656 864 753 898 caput
774 858 948 898 serpentis.
984 857 1060 888 111οο
1074 858 1156 888 scri·

168 910 259 945 ptum
284 909 350 934 est:
375 901 476 933 Filius
500 903 553 943 qui
574 908 624 932 est
649 902 681 932 in
704 901 778 932 sinu
797 901 920 931 aeterni
940 900 1059 938 Patris,
1082 901 1154 941 ipse

170 946 333 977 enarravit
356 946 462 976 nobis.
509 944 549 976 Et
575 945 706 986 quidem
730 944 849 975 dicitur
871 944 972 983 λόγος,
996 944 1073 985 quia
1095 954 1155 984 per

170 1000 243 1020 eum
269 989 366 1019 Pater
389 999 426 1019 se
449 988 546 1019 nobis
570 986 736 1029 patefacit.
784 987 835 1017 Ac
863 993 998 1028 propter
1027 997 1100 1017 eum
1123 992 1156 1017 et

169 1043 229 1073 per
253 1042 325 1062 enm
355 1032 539 1062 immediate
568 1041 699 1071 semper
730 1030 821 1061 initio
845 1029 988 1060 collecta
1019 1036 1069 1060 est
1092 1029 1155 1061 Ec-

170 1074 286 1112 clesia,
310 1085 441 1115 semper
465 1073 556 1105 affuit
580 1072 740 1114 singulari
764 1073 862 1104 modo
881 1073 1047 1114 patribus,
1067 1073 1155 1104 sicut

168 1119 265 1151 Iacob
286 1118 401 1159 inquit:
426 1117 520 1148 Deus
540 1127 652 1148 coram
677 1126 744 1157 quo
768 1115 1019 1147 ambulaverunt
1042 1122 1154 1156 patres

168 1162 243 1196 mei,
268 1159 436 1191 Abraham
455 1166 486 1190 et
500 1162 605 1197 isaac,
630 1158 723 1190 Deus
736 1159 789 1200 qui
814 1160 946 1190 nutrivit
965 1169 1027 1196 me,
1043 1169 1154 1200 quam-

170 1205 224 1235 diu
249 1203 293 1234 sui
323 1213 430 1244 usque
453 1204 483 1233 111
508 1203 597 1233 huuc
620 1202 724 1239 diem,
754 1201 905 1243 Angelus
936 1202 990 1243 qui
1015 1202 1155 1233 redemit
1178 1216 1181 1251 Ι

168 1258 220 1278 1110
256 1257 296 1278 ex
327 1247 455 1277 cunctis
480 1244 592 1283 malis,
625 1246 798 1276 benedicat
823 1245 932 1286 pueris
964 1246 1047 1275 istis.
1093 1244 1181 1275 Hic·

168 1301 234 1321 non
260 1290 392 1321 dubium
416 1296 478 1327 est,
501 1287 665 1330 Angelum
688 1287 826 1328 intelligi
850 1287 966 1318 Filium
980 1287 1055 1326 Dei,
1078 1288 1154 1319 mis-

169 1344 243 1364 sum
267 1333 309 1364 ad
334 1332 605 1373 Redemptionem
630 1338 662 1362 et
685 1331 965 1362 Benedictionem.

255 1409 297 1441 Et
327 1408 452 1441 Paulus
479 1419 639 1450 expresse
669 1409 788 1451 iuquit,
823 1407 990 1439 Christum
1020 1406 1156 1438 affuisse

796 135 911 167 PHIL.
934 135 1039 168 MEL.
1062 135 1250 169 SCRIPTA
1272 135 1552 168 DOGMATICA.

168 1454 317 1497 patribus
351 1454 383 1484 in
419 1453 567 1484 deserto:
599 1453 759 1483 Biberunt
790 1458 831 1482 cx
866 1450 1025 1491 spirituali
1055 1452 1154 1482 comi-

168 1503 258 1529 tante
281 1506 339 1528 eos
362 1502 469 1537 petra,
491 1503 585 1537 petra
607 1501 717 1528 autem
741 1500 812 1526 erat
836 1494 999 1525 Christus.

256 1576 372 1606 losuae
396 1574 427 1604 5.
474 1572 583 1614 Prope
607 1571 733 1604 Iericho
756 1573 845 1603 videt
868 1573 966 1603 Iosua
978 1570 1155 1602 Dominum

170 1628 294 1655 coram,
317 1624 348 1648 et
373 1627 447 1648 eum
470 1616 599 1654 adorat,
624 1621 657 1647 et
679 1614 871 1657 alloquitur.

256 1687 312 1718 lob
349 1685 399 1717 19.
425 1685 557 1717 dicitur:
600 1684 679 1716 Scio
713 1684 803 1726 quod
838 1684 1026 1725 redemptor
1060 1693 1155 1714 meus

169 1730 258 1762 vivit.
290 1729 446 1760 Nominat
460 1727 577 1759 Filium
592 1728 655 1759 Dei
675 1729 916 1769 redemptorem
941 1734 1020 1758 tunc
1044 1726 1156 1757 viven-
1180 1731 1183 1761 1

168 1779 253 1810 tem,
282 1772 323 1803 Et
346 1772 433 1804 110110
458 1772 502 1803 ait
530 1776 793 1803 resurrecturum
822 1780 916 1808 esse,
951 1776 984 1801 et
1007 1769 1080 1800 sore
1109 1769 1156 1800 in-

169 1822 391 1847 stauratorem
414 1816 510 1847 vitae.

256 1893 317 1924 Hic
347 1892 451 1923 Filius
474 1893 549 1924 inde
571 1901 679 1933 usque
710 1892 752 1922 ab
781 1891 873 1921 initio
903 1890 943 1920 ad
967 1888 1156 1920 Ecclesiam

169 1937 301 1973 missus,
326 1937 402 1977 quid
426 1935 517 1977 agit?
562 1934 683 1972 Docet,
702 1940 775 1964 orat
797 1944 857 1975 pro
881 1932 1052 1970 Ecclesia,
1075 1933 1156 1963 vivi·
1180 1937 1182 1968 j

170 1981 248 2011 ficut
268 1981 343 2010 dato
357 1979 479 2020 Spiritu
499 1985 618 2009 sancto
632 1978 819 2014 credentes,
844 1977 976 2007 exaudit
999 1977 1156 2007 invocan-
1180 1980 1182 2006 1

171 2029 239 2060 tes,
272 2023 414 2064 protegit
443 2028 475 2053 et
505 2027 616 2053 servat
650 2031 720 2052 eos.
766 2020 860 2051 Sicut
894 2020 935 2050 (10
965 2018 1183 2060 1110001101]οχ

171 2076 330 2106 expresse
355 2066 513 2105 scriptum
537 2070 598 2102 est,
622 2063 757 2095 Psalmo
774 2063 805 2094 2.
831 2061 967 2093 Postula
990 2073 1009 2093 a
1030 2072 1098 2100 me,
1124 2067 1156 2092 et
1180 2083 1182 2087 .

171 2109 259 2139 dabo
291 2109 346 2139 tibi
382 2115 500 2150 gentes
534 2108 784 2139 haereditatem.
831 2106 906 2138 Ideo
941 2106 1059 2145 recipit
1093 2114 1182 2135 nos·

170 2152 334 2189 divinitas,
358 2152 435 2194 quia
457 2150 511 2182 hic
528 2149 630 2182 Filius
654 2157 705 2181 est
730 2151 929 2191 deprecator
951 2149 1025 2179 inde
1049 2158 1155 2189 usque

171 2196 212 2226 ab
238 2195 340 2226 initio.
1180 2190 1183 2196 '

257 2271 298 2302 Et
321 2270 456 2302 Psalmo
472 2271 520 2302 16.
545 2271 677 2302 dicitur:
703 2270 756 2301 Ad
781 2275 930 2307 sanctos,
954 2269 1007 2309 qui
1028 2268 1155 2299 suntin
1181 2292 1182 2300 ,

170 2321 272 2352 terra,
296 2316 403 2345 omnis
433 2325 507 2346 mea
535 2313 704 2346 voluntas.
750 2314 791 2344 Et
820 2314 861 2344 de
888 2313 995 2353 impiis
1020 2311 1154 2342 dicitur:

170 2357 245 2389 Non
285 2368 453 2389 assumam
494 2367 614 2388 nomen
657 2367 771 2387 eorum
805 2366 905 2396 super
946 2354 1033 2385 labia
1072 2364 1155 2385 mea.

172 2401 267 2431 Omni
286 2407 435 2442 tempore
454 2411 514 2441 pro
532 2398 657 2431 sanctis
676 2405 832 2440 precatus
852 2405 914 2436 est,
938 2404 969 2429 et
988 2404 1155 2438 precatur,

173 2450 206 2474 et
229 2444 407 2474 detestatus
433 2449 485 2474 est
511 2442 735 2485 blasphemos.
782 2442 977 2473 Nominatur
996 2451 1077 2482 ergo
1096 2440 1156 2471 Sa-

174 2487 294 2517 cerdos
316 2487 349 2517 in
372 2493 551 2517 aeternum.

261 2562 302 2593 Et
325 2565 433 2603 capite
456 2564 488 2594 7.
511 2564 552 2594 ad
576 2563 747 2594 Ebraeos:
773 2563 909 2599 dicitur,
946 2561 1087 2600 Semper
1110 2560 1155 2591 vi-

175 2616 275 2641 vens,
309 2612 345 2637 ut
367 2605 551 2647 interpellet
578 2617 638 2647 pro
669 2607 726 2636 eis.
772 2605 815 2637 Et
843 2603 993 2636 Danielis
1026 2604 1076 2634 12.
1122 2605 1182 2634 ln'

1181 2471 1182 2485 ³
1208 2473 1353 2515 fugient,
1388 2478 1420 2503 et
1454 2472 1586 2513 requies
1611 2473 1682 2501 eius
1713 2472 1771 2502 erit
1797 2470 1914 2511 gloria.

2146 136 2192 169 96

1207 237 1356 272 tempore
1379 229 1437 261 illo
1466 230 1568 262 stabit
1598 229 1758 272 Princeps
1787 240 1927 273 magnus
1956 229 2101 262 Michael
2130 241 2191 272 pro

1207 273 1283 305 filiis
1306 273 1419 315 populi
1443 274 1488 305 tui
1513 279 1575 305 etc.

1295 342 1396 374 Zach.
1422 343 1451 373 l.
1497 342 1580 373 Orat
1608 340 1778 384 Angelus,
1801 342 1855 383 qui
1888 341 2034 383 loquitur
2067 342 2099 373 in
2130 341 2191 374 Za-

1207 385 1331 423 charia,
1355 384 1522 424 videlicet,
1546 385 1647 429 λόγᾳςε
1684 384 1865 426 Usquequo
1891 396 1958 416 non
1980 386 2191 416 misereberis

1179 442 1181 455 ε
1206 428 1395 467 Ierusalem,
1414 435 1478 460 etc.

1294 497 1433 534 Quarto,
1456 497 1555 527 huius
1569 496 1763 527 Mediatoris
1785 496 1973 537 proprietas
1993 502 2056 534 est,
2078 497 2193 528 videre

1207 540 1310 570 corda
1333 540 1568 577 invocantium,
1592 539 1784 570 discernere
1807 550 1919 570 veram
1939 540 2193 578 invocationem,

1208 590 1239 614 et
1262 583 1473 624 hypocrisin,
1508 583 1666 613 exaudire
1696 583 1910 619 invocantes,
1945 590 1976 614 et
2010 583 2138 625 ingredi
2159 584 2194 614 in

1208 625 1381 657 consilium
1415 636 1574 656 arcanum
1604 626 1729 656 aeterni
1759 625 1886 663 Patris,
1920 626 1952 656 id
1982 632 2051 664 est,
2080 626 2194 658 videre

1207 667 1410 700 voluntatem
1434 669 1559 699 aeterni
1586 668 1713 706 Patris,
1748 675 1780 699 et
1803 679 1864 710 pro
1889 669 1986 700 nobis
2010 670 2193 709 deprecari.

1208 711 1299 743 Haec
1322 712 1457 753 propria
1482 717 1561 742 sunt
1583 718 1722 742 naturae
1746 712 1993 752 omnipotentis.

1295 780 1363 810 Nec
1386 780 1517 811 dubium
1541 786 1591 811 est
1606 779 1772 810 Christum
1796 779 1887 821 loqui
1907 781 1947 811 de
1965 790 2013 818 se,
2039 787 2195 822 tanquam

1208 823 1249 854 de
1272 822 1459 854 Mediatore
1503 834 1576 854 cum
1601 824 1658 853 ait:
1690 822 1854 864 Quicquid
1878 824 2037 864 petieritis
2063 823 2195 854 Patrem

1206 866 1239 897 iu
1264 867 1394 897 nomine
1423 876 1514 904 meo,
1551 866 1639 896 dabit
1668 867 1776 897 vobis.
1822 866 1883 897 Hic
1913 865 1981 897 vult
2011 877 2075 897 nos
2098 876 2194 897 acce-

1208 909 1286 939 dere
1310 909 1431 940 1010οἰ0
1456 908 1662 940 Mediatoris.
1708 908 1747 939 Et
1780 908 1849 939 vult
1880 910 1951 950 ipse
1978 910 2010 939 in
2035 915 2195 951 quantum

1206 951 1380 990 Mediator,
1414 953 1571 994 agnosci,
1608 953 1661 993 qui
1685 952 1817 983 exaudit
1852 958 1882 982 et
1916 951 2040 992 perfert
2073 962 2194 992 preces

1207 1001 1342 1025 nostras
1372 995 1404 1025 in
1435 1006 1591 1026 arcanum
1622 994 1796 1026 consilium
1822 994 1941 1025 Patris.
1987 995 2039 1026 Sic
2070 1002 2103 1026 et
2132 1004 2195 1026 nos

1207 1038 1250 1068 ad
1284 1048 1361 1068 sese
1393 1039 1558 1069 accedere
1592 1039 1698 1076 iubet,
1728 1038 1894 1079 inquiens:
1930 1037 2050 1069 Venite
2079 1038 2119 1069 ad
2143 1048 2196 1069 me

1207 1091 1324 1112 omnes
1347 1082 1401 1122 qui
1424 1080 1586 1112 laboratis
1605 1086 1637 1111 et
1656 1082 1780 1111 onerati
1798 1082 1890 1118 estis,
1916 1087 1957 1111 et‘
1967 1091 2031 1122 ego
2050 1081 2194 1112 reficiam

1206 1134 1280 1155 vos.
1305 1124 1367 1154 Hic
1391 1130 1480 1155 certe
1496 1130 1668 1165 utramque
1686 1130 1835 1154 naturam
1856 1122 2096 1164 complectitur,
2120 1125 2197 1165 quia

1206 1172 1325 1198 natura
1348 1167 1493 1197 humana
1516 1177 1581 1197 non
1603 1172 1731 1197 recreat
1752 1167 1823 1197 sine.
1848 1167 1968 1197 divina.

1294 1234 1442 1276 Cumque
1477 1235 1518 1265 de
1547 1235 1757 1266 invocatione
1783 1235 1986 1276 cogitamus,
2020 1235 2196 1275 perspicue

1206 1276 1399 1319 intelligitur
1433 1278 1520 1308 110110
1554 1279 1783 1319 quaestionem
1818 1288 1883 1308 11011
1920 1288 1998 1309 esse
2028 1278 2118 1308 rixas
2154 1278 2195 1309 de

1206 1322 1337 1358 verbis,
1362 1322 1422 1352 sed
1447 1321 1488 1351 de
1510 1331 1546 1352 re
1568 1321 1710 1352 maxima
1734 1321 1805 1363 agi,
1839 1320 1967 1352 scilicet
1997 1321 2037 1352 de
2068 1319 2196 1352 honore

1207 1363 1279 1395 Filii
1302 1363 1373 1395 Dei.
1430 1406 1434 1407 ⁷

1295 1432 1432 1467 Quaerit
1455 1441 1567 1469 mens,
1592 1432 1668 1472 quid
1695 1430 1877 1472 alloquaris
1908 1432 1940 1461 in
1971 1432 2195 1470 lnvocatione‚

1208 1475 1472 1549 qpisfieixaudiat,
1496 1475 1570 1516 quis
1589 1485 1685 1515 opem
1704 1473 1806 1512 serat,
1830 1484 1895 1515 quo
1916 1474 2048 1505 obiecto
2073 1475 2195 1506 debeat

1208 1527 1265 1550 11111
1336 1529 1382 1549 es.

1296 1586 1379 1618 Cum
1403 1586 1499 1616 dicis:
1524 1584 1687 1616 Miserere
1711 1586 1772 1616 11101
1795 1583 1854 1615 Fili
1868 1584 1942 1623 Dei,
1966 1584 2109 1616 Domine
2122 1587 2196 1617 Iesu

1209 1629 1360 1667 Christe,
1392 1639 1451 1659 1011
1476 1634 1600 1659 tantum
1630 1627 1810 1669 alloqueris
1835 1627 2009 1659 humanam
2033 1635 2196 1666 naturam,

1209 1675 1269 1705 sed
1292 1672 1380 1703 hanc
1403 1682 1580 1713 personam
1595 1671 1702 1702 Deum
1727 1677 1759 1702 et
1782 1672 1959 1707 hominem,
1984 1678 2016 1702 et.
2040 1673 2137 1712 petis,
2159 1677 2196 1703 ut

1207 1716 1392 1748 intercedat
1406 1725 1466 1756 pro
1490 1721 1533 1751 te,
1557 1720 1589 1744 et
1608 1715 1680 1756 ipse
1704 1725 1799 1754 opem
1823 1713 1923 1751 serat,
1946 1714 1979 1744 id
2002 1721 2065 1748 est.
2088 1721 2124 1746 ut
2137 1725 2197 1755 per

1208 1761 1314 1800 ipsum
1339 1759 1492 1790 divinitas
1516 1758 1572 1788 tibi
1596 1768 1691 1798 opem
1716 1756 1810 1788 ferat.
1857 1758 1946 1788 Sicut
1977 1758 2096 1799 inquit:
2129 1757 2196 1788 Ve-

1208 1804 1274 1834 nite
1298 1803 1339 1833 ad
1364 1812 1415 1832 me
1440 1811 1574 1838 omues,
1605 1802 1660 1842 qui
1683 1799 1845 1831 laboratis
1880 1806 1911 1831 et
1946 1801 2073 1831 onerati
2104 1801 2196 1838 estis,

1208 1852 1240 1877 et
1263 1856 1326 1887 ego
1350 1844 1497 1876 reficiam
1521 1854 1601 1882 vos,
1624 1844 1741 1874 merito
1772 1850 1803 1874 et
1834 1842 1995 1874 efficacia.
2041 1843 2083 1874 Et
2112 1843 2195 1874 fides

1208 1890 1319 1920 nititur
1348 1888 1412 1919 hac
1446 1897 1609 1928 persona,
1644 1897 1729 1928 quae
1759 1892 1810 1917 est
1841 1885 2051 1923 Emmanuel,
2086 1887 2195 1917 credis

1209 1932 1299 1962 cerni
1334 1931 1477 1973 gemitus
1513 1931 1624 1960 cordis
1655 1930 1716 1967 tui,
1751 1930 1825 1970 quia
1855 1928 1939 1960 haec
1970 1939 2116 1969 persona
2144 1935 2197 1961 est

1208 1974 1322 2013 Deus,
1354 1974 1462 2005 credis
1487 1980 1519 2004 te
1554 1973 1653 2013 recipi
1677 1983 1697 2003 a
1721 1972 1793 2003 Deo
1818 1979 1955 2013 propter
1978 1972 2128 2003 meritum
2163 1978 2196 2004 et

1209 2018 1476 2059 (leprecationem
1499 2015 1596 2047 huius
1619 2026 1802 2057 personae,
1835 2016 1945 2045 credis
1969 2014 2055 2046 110110
2079 2025 2195 2056 perso-

1209 2072 1282 2092 nam
1309 2060 1479 2091 efficacem
1499 2069 1587 2090 esse.
1634 2059 1708 2090 ldeo
1728 2059 1884 2099 Synodus
1911 2058 2078 2099 Ephesina
2103 2064 2196 2089 recte

1209 2105 1367 2141 decrevit,
1388 2114 1453 2133 una
1471 2101 1567 2133 latria
1586 2102 1791 2133 adorandum
1809 2112 1886 2132 esse
1900 2100 2069 2132 Cui-istum
2086 2101 2195 2133 Deum

1209 2154 1241 2178 et
1264 2147 1440 2178 hominem.

1295 2216 1348 2247 Sic
1371 2221 1401 2245 et
1426 2212 1551 2244 Psalmi
1581 2213 1719 2250 docent,
1754 2212 1888 2243 Psalmo
1912 2213 1943 2243 2.
1990 2212 2195 2244 Osculamini

1208 2258 1335 2289 Filium.
1372 2258 1412 2288 Et
1436 2255 1525 2287 Psal.
1550 2257 1602 2287 47.
1638 2256 1677 2286 Et
1703 2257 1918 2296 concupiscet
1945 2255 2014 2286 Rex
2038 2256 2195 2286 decorem

1209 2308 1316 2339 tuum,
1351 2301 1425 2342 quia
1460 2301 1531 2340 ipse
1550 2306 1599 2330 est
1626 2299 1717 2330 Deus
1737 2307 1830 2336 tuus,
1863 2305 1893 2329 et
1917 2300 2076 2330 adorabis
2108 2309 2194 2330 eum.

1209 2345 1248 2376 Et
1274 2343 1409 2375 Psalmo
1439 2343 1489 2374 52.
1534 2342 1573 2373 Et
1610 2343 1797 2373 adorabunt
1828 2352 1900 2372 eum
1931 2352 2047 2372 omnes
2081 2341 2195 2383 Reges

1209 2395 1328 2419 terrae.
1374 2386 1414 2417 Et
1448 2386 1567 2416 Esaiae
1605 2386 1653 2415 11.
1707 2388 1737 2416 111
1775 2386 1827 2416 ‹lie
1862 2384 1916 2415 illa
1952 2385 2053 2416 stabit
2088 2383 2195 2416 Radix

1208 2433 1317 2468 lesse,
1352 2435 1386 2461 ut
1410 2430 1450 2460 sit
1476 2430 1607 2471 signum
1633 2428 1783 2469 populis,
1808 2434 1927 2469 gentes
1952 2429 1992 2459 ad
2018 2438 2090 2458 eum
2116 2438 2193 2458 con-

1961 2472 2116 2502 leremiae
2138 2470 2192 2502 ⁶23.

1208 2517 1399 2547 nominatim
1420 2514 1453 2546 fit
1478 2516 1598 2546 mentio
1622 2515 1860 2546 lnvocationis:
1885 2515 2059 2545 Suscirabo
2073 2513 2194 2544 Davidi

1209 2570 1344 2601 germen
1368 2560 1508 2596 iustum,
1529 2564 1592 2589 etc.
1639 2557 1679 2588 Et
1703 2558 1766 2588 hoc
1791 2564 1841 2588 est
1865 2567 1983 2587 nomen
2004 2567 2070 2598 quo
2093 2566 2192 2588 voca-

1207 2604 1289 2634 bunt
1312 2613 1396 2639 00111,
1416 2602 1535 2633 1011ον0
1558 2601 1681 2632 iustitia
1704 2607 1830 2638 nostra,
1853 2600 1886 2631 id
1909 2607 1979 2638 est,
2004 2600 2095 2631 Haec
2118 2609 2192 2640 per·
