2383 2990
416 946 1057 1022 EXPLIOATIO
1110 945 1581 1059 SYMBOLI
1628 947 2026 1022 NICENI.

868 1127 919 1158 Ex
942 1126 1098 1159 Editione
1117 1126 1367 1170 Vl'itebergensi
1395 1128 1474 1159 anni
1498 1127 1595 1159 1561.

583 1277 658 1318 DE
690 1276 818 1318 DEO.

271 1387 307 1418 In
320 1397 400 1419 vera
412 1387 625 1417 invocatione
637 1397 782 1418 necesse
796 1391 846 1417 est
855 1387 1016 1428 cogitare,
1030 1386 1107 1428 quid
1118 1384 1199 1417 ailo-

206 1432 332 1474 quariS‚
347 1431 424 1472 quid
438 1431 479 1460 sit
491 1429 598 1468 Deus,
613 1435 644 1460 et
660 1431 826 1471 quomodo
842 1441 879 1461 se
888 1428 1198 1471 patefeee1·it,ante,

207 1481 239 1507 et
247 1485 307 1505 cur
316 1474 393 1505 velit
409 1474 565 1504 exaudire
578 1480 653 1504 tuos
664 1474 818 1515 gemitus,
836 1479 866 1504 et
881 1474 969 1514 quod
983 1472 1061 1504 velit
1075 1474 1199 1504 discer-

206 1519 240 1549 ni
253 1519 296 1549 ab
309 1518 461 1549 omnibus
477 1517 716 1548 commenticiis
740 1517 941 1554 numinibus,
976 1522 1008 1547 et
1030 1517 1072 1547 ab
1097 1517 1198 1547 omni-

206 1562 270 1593 bus
306 1561 479 1592 creaturis.
547 1560 659 1596 Quare
693 1560 833 1601 primum
868 1560 1012 1591 omnium
1035 1560 1198 1591 tenendae

206 1611 283 1636 sunt
307 1604 516 1635 definitiones
529 1610 656 1635 sumtae
680 1614 721 1635 ex
744 1604 942 1634 testimoniis
956 1604 1087 1642 divinis,
1112 1613 1198 1644 quae

206 1658 270 1679 nos
295 1646 608 1686 commonefaciunt,
633 1653 665 1678 et
689 1647 767 1689 quid
791 1648 834 1678 sit
847 1646 953 1685 Deus,
977 1652 1009 1678 et
1029 1647 1196 1688 quomodo

207 1690 289 1722 velit
312 1692 451 1733 agnosci
477 1697 507 1722 et
532 1691 700 1729 invocari,
735 1696 767 1721 et
801 1701 866 1732 quo
892 1691 1082 1722 discrimine
1107 1691 1197 1732 cogi-

206 1735 329 1766 tandae
352 1735 417 1765 sint
440 1744 625 1775 personae,
662 1740 693 1764 et
723 1734 929 1776 seiungenda
964 1735 1007 1764 sit
1030 1734 1196 1765 invocatio

206 1784 324 1809 nostra
346 1779 387 1808 ab
408 1777 549 1809 Ethnica
571 1778 800 1809 invocatione:
835 1778 883 1809 Sit
911 1777 1013 1819 igitur
1035 1777 1120 1808 haec
1143 1777 1197 1808 de-

206 1820 311 1852 finitio
335 1821 451 1862 prima.

293 1906 388 1938 Deus
421 1912 474 1938 est
508 1906 657 1937 essentia
681 1905 874 1947 spiritualis,
908 1912 1055 1943 aeterna,
1079 1904 1195 1936 intelli-

210 1961 306 1993 gens,
331 1949 395 1981 alia
417 1961 437 1981 a
461 1950 622 1981 creaturis
647 1950 811 1987 omnibus,
837 1960 950 1987 verax,
975 1951 1075 1986 bona,
1097 1950 1196 1987 iusta,

209 1994 372 2032 benefica,
417 2000 522 2031 casta,
556 1993 761 2030 misericors,
796 1992 980 2031 liberrima,
1016 1994 1196 2023 immensae

210 2038 391 2079 sapientiae
415 2043 445 2067 et
471 2038 648 2077 potentiae,
672 2037 823 2067 irascens
836 2037 997 2077 peccatis,
1021 2035 1122 2066 Pater
1141 2045 1195 2066 ae-

207 2086 335 2118 ternus,
370 2081 424 2121 qui
448 2079 563 2111 Filium
587 2081 628 2110 ab
654 2086 790 2110 aeterno
822 2080 996 2121 imaginem
1020 2089 1115 2110 suam
1139 2089 1194 2119 ge-

207 2125 295 2164 nuit,
320 2130 351 2154 et
375 2122 477 2154 filius
502 2124 611 2164 imago
636 2123 744 2154 Patris
771 2130 968 2160 coaeterna,
993 2129 1023 2153 et
1049 2122 1193 2162 Spiritus

207 2168 345 2198 sanctus
369 2167 557 2208 procedens
581 2177 600 2197 a
625 2166 723 2197 Patre
746 2173 778 2197 et
803 2165 898 2204 Filio,
924 2167 1008 2196 sicut
1027 2164 1194 2206 patefacta

208 2217 260 2242 est
295 2211 449 2241 divinitas
491 2215 583 2240 certo
618 2211 721 2240 verbo
764 2215 795 2240 et
831 2210 1025 2240 testimoniis
1061 2209 1192 2245 divinis,

208 2255 295 2296 quod
330 2253 429 2284 Pater
465 2259 619 2284 aeternus
656 2263 729 2283 cum
763 2251 846 2283 Filio
872 2259 901 2283 et
927 2252 1050 2293 Spiritu
1075 2257 1193 2282 sancto

208 2297 392 2328 condiderit
427 2296 555 2327 coelum
591 2302 622 2327 et
644 2302 782 2333 terram,
811 2302 843 2326 et
867 2306 983 2326 omnes
1008 2301 1193 2332 creaturas,

207 2346 240 2371 et
263 2341 347 2371 adsit
369 2341 521 2371 omnibus
548 2340 720 2377 creaturis,
745 2350 810 2380 quo
835 2339 874 2370 ad
891 2338 1193 2375 conservationem,

207 2389 240 2414 et
264 2382 398 2425 colligat
424 2384 485 2413 sibi
510 2383 541 2413 in
567 2393 691 2424 genere
709 2382 851 2413 hnmano
875 2381 1062 2413 Ecclesiam
1087 2388 1194 2411 aeter-

206 2436 294 2464 nam,
317 2434 453 2466 propter
465 2425 582 2457 Filium
606 2432 637 2457 et
662 2437 722 2467 per
745 2436 830 2464 eum,
855 2431 886 2456 et
910 2426 952 2456 sit
974 2425 1072 2456 iudex
1094 2424 1195 2455 iusto-

208 2479 282 2500 rum
306 2475 337 2500 et
360 2471 564 2500 iniustorum.

296 2553 378 2584 Cum
412 2555 511 2595 igitur
545 2555 738 2586 invocamus
772 2553 893 2591 Deum,
929 2554 1115 2595 cogitemus
1138 2553 1194 2583 ubi

208 2602 241 2629 et
264 2598 383 2639 quibus
407 2598 605 2629 testimoniis
629 2608 707 2629 sese
731 2596 824 2629 Deus
847 2595 1058 2638 patefecerit,
1094 2601 1128 2626 ut
1162 2596 1194 2626 in

1252 1256 1425 1297 Baptismo
1450 1255 1587 1295 Christi,
1613 1262 1645 1288 et
1669 1258 1897 1289 discernamus
1922 1268 1997 1290 eum
2019 1259 2062 1290 ab
2087 1260 2243 1291 omnibus

1253 1301 1429 1338 creaturis,
1454 1306 1486 1331 et
1506 1310 1732 1342 agnoscamus
1756 1300 1863 1342 qualis
1887 1302 1941 1340 sit,
1967 1307 1998 1333 et
2011 1303 2241 1335 discernamus

1252 1353 1430 1384 personas,
1454 1343 1541 1375 sicut
1563 1345 1662 1374 nobis
1688 1343 1857 1376 revelatae
1880 1351 1967 1376 sunt.

1338 1430 1440 1460 Pater
1464 1440 1537 1460 cum
1560 1428 1644 1460 Filio
1670 1435 1703 1461 et
1727 1429 1850 1470 Spiritu
1869 1435 1987 1461 sancto
2012 1436 2065 1461 est
2088 1431 2242 1462 conditor

1252 1478 1285 1504 et
1309 1478 1529 1504 conservator
1553 1473 1696 1504 omnium
1720 1479 1962 1511 creaturarum,
1986 1479 2019 1504 et
2042 1472 2112 1504 vult
2136 1484 2240 1514 agno-

1251 1516 1301 1547 sci
1324 1515 1442 1547 Filium
1467 1522 1499 1547 et
1522 1516 1678 1557 Spiritum
1703 1522 1866 1547 sanctum.
1914 1515 1972 1546 Sic
1995 1522 2104 1548 autem
2123 1516 2242 1548 Filium

1250 1559 1347 1590 nobis
1371 1557 1540 1600 patefecit,
1565 1560 1653 1601 quod
1678 1560 1721 1590 sit
1744 1560 1790 1597 is,
1820 1570 1880 1599 per
1904 1569 2001 1601 quem
2024 1560 2104 1591 dicit
2127 1561 2241 1590 decre-

1250 1608 1317 1634 tum
1341 1603 1382 1634 de
1407 1602 1583 1634 Creatione
1607 1609 1639 1633 et
1662 1602 1898 1640 Redemtione,
1935 1609 1967 1633 et
1998 1604 2087 1644 quod
2110 1603 2165 1634 hic
2188 1603 2240 1633 Fi-

1250 1645 1315 1677 lssus
1351 1647 1552 1678 constitutus
1587 1647 1630 1677 sit
1664 1647 1836 1684 mediator,
1873 1652 1905 1676 et
1938 1646 2029 1676 initio
2064 1645 2241 1687 protulerit

1249 1689 1469 1731 Evangelium
1493 1700 1534 1721 ex
1558 1690 1631 1720 sinu
1644 1691 1769 1720 aeterni
1783 1690 1903 1727 Patris,
1928 1689 2082 1720 ostendat
2095 1689 2240 1728 Patrem,

1250 1739 1282 1764 et
1305 1739 1483 1763 conservet
1506 1733 1721 1764 ministerium
1745 1731 1937 1774 Evangelii,
1973 1738 2005 1764 et
2040 1739 2133 1764 certo
2158 1739 2239 1764 tem-

1249 1787 1331 1817 pore
1356 1782 1506 1807 assumta
1528 1775 1672 1807 humana
1696 1783 1827 1813 natura,
1858 1777 1901 1806 sit
1924 1774 2035 1807 sactus
2059 1777 2238 1813 redemtor,

1250 1826 1282 1850 et
1305 1820 1393 1861 quod
1412 1826 1549 1861 propter
1572 1819 1659 1850 hunc
1683 1819 1801 1850 Filium
1825 1818 1903 1850 velit
1926 1829 1987 1849 nos
2012 1820 2181 1857 exaudire,
2205 1823 2238 1849 et

1248 1870 1385 1904 propter
1409 1873 1495 1901 eum,
1521 1868 1553 1894 et.
1575 1872 1635 1903 per
1659 1873 1732 1893 eum
1757 1862 1865 1893 salvet
1890 1872 1971 1899 nos,
1995 1869 2027 1892 et
2052 1862 2140 1902 quod
2164 1863 2237 1902 ipse

1248 1905 1351 1937 Filius
1376 1906 1561 1937 immediate
1585 1905 1727 1936 vivificet
1752 1907 1854 1936 corda
1877 1906 1909 1935 in
1924 1903 2154 1936 consolatione
2178 1914 2237 1945 per

1248 1949 1476 1991 Evangelium,
1504 1955 1535 1979 et
1558 1949 1607 1979 sic
1633 1948 1734 1979 Pater
1757 1956 1787 1979 et
1813 1947 1916 1979 Filius
1940 1948 2108 1978 effundant
2133 1947 2236 1988 Spiri-

1249 1999 1315 2024 tum
1339 1998 1502 2029 sanctum,
1534 1993 1589 2032 qui
1613 1992 1800 2022 immediate
1824 1998 1875 2022 est
1899 1989 2034 2027 laetitia,
2071 2001 2135 2032 qua
2160 1991 2234 2021 Deo

1249 2034 1454 2077 copulamur,
1478 2035 1569 2066 Sicut
1584 2035 1686 2075 inquit
1701 2033 1843 2065 Paulus:
1868 2034 2058 2074 Accepistis
2082 2044 2148 2064 non
2162 2033 2236 2074 Spi-

1247 2080 1344 2110 ritum
1368 2078 1537 2109 servitutis
1561 2079 1604 2108 ad
1628 2079 1789 2115 timorem,
1814 2077 1874 2107 sed
1899 2077 2054 2117 Spiritum
2085 2077 2235 2118 adoptio-

1247 2125 1298 2153 nis
1323 2121 1477 2159 filiorum,
1501 2131 1566 2162 quo
1591 2119 1773 2151 clamamus
1806 2120 1903 2150 Abba
1928 2127 2032 2160 pater.
2100 2120 2178 2150 ltem
2203 2119 2235 2150 2.

1247 2166 1288 2196 ad
1312 2164 1452 2195 Timoth.
1479 2164 1507 2194 1.
1554 2163 1629 2194 Non
1654 2163 1741 2194 dedit
1766 2164 1864 2193 nobis
1896 2162 1991 2194 Deus
2016 2163 2174 2202 Spiritum
2198 2162 2235 2192 ti-

1247 2209 1415 2246 miditatis,
1439 2208 1500 2238 sed
1525 2208 1668 2243 roboris,
1690 2205 1876 2237 dilectionis
1905 2212 1936 2236 et
1967 2206 2142 2236 castitatis.
2189 2207 2235 2237 lta

1247 2252 1435 2282 discrimina
1459 2260 1675 2291 personarum
1700 2251 1754 2290 pie
1779 2250 1977 2291 cogitemus,
2001 2255 2031 2279 et
2057 2259 2137 2279 suas
2157 2258 2234 2289 pro-

1246 2295 1402 2335 prietates
1426 2292 1566 2335 singulis
1587 2293 1816 2329 attribuamus,
1841 2303 1902 2323 nec
1927 2293 2106 2323 existemus
2124 2292 2235 2322 otiosa

1248 2337 1413 2368 vocabula
1449 2346 1525 2367 csse
1559 2335 1676 2366 Filium
1701 2342 1733 2366 et
1757 2336 1915 2376 Spiritum
1939 2341 2104 2371 sanctum,
2130 2345 2169 2365 ac
2194 2334 2234 2364 de

1247 2380 1452 2422 singularum
1474 2390 1694 2421 personarum
1725 2379 1986 2420 proprietatibus
2017 2383 2136 2418 postea
2159 2375 2233 2418 plus

1248 2425 1385 2455 dicetur.

1334 2509 1410 2540 Non
1445 2508 1495 2539 sic
1528 2508 1664 2539 invocat
1687 2506 1887 2548 Xenophon.
1911 2506 1965 2548 qui
1991 2505 2119 2537 etiamsi
2144 2505 2233 2546 cogi-

1247 2558 1306 2589 tat,
1330 2552 1437 2582 Deum
1462 2561 1537 2582 esse
1561 2552 1693 2582 unicam
1717 2552 1897 2581 essentiam
1923 2556 1953 2580 et
1978 2558 2154 2589 personam
2179 2557 2233 2578 sa-

1247 2596 1410 2637 pientem,
1443 2604 1616 2632 veracem,
1650 2594 1789 2631 iustam,
1826 2593 2028 2630 beneficam,
2069 2591 2233 2622 vindicem
