2383 2990
132 110 197 143 ‘299
765 109 878 141 PHlL.
902 109 1006 141 MEL.
1031 108 1219 142 SCRIPTA
1243 108 1526 142 DOGMA'HCA.
2099 108 2164 141 300

134 206 281 237 scendus
305 206 361 244 sit,
386 211 418 237 et
441 205 684 237 discernendus
708 205 749 236 ab
775 205 929 236 omnibus
953 215 1120 237 commen·
1258 204 1412 236 Miranda
1446 209 1477 235 et
1512 202 1707 235 dulcissima
1737 203 1968 236 consolatione
1991 205 2163 246 vagabun-

134 249 219 281 ticiis
243 250 443 280 numinibus.
493 248 645 280 Necesse
670 253 722 279 est
751 248 838 279 enim
860 247 948 279 hanc
970 249 1120 280 notitiam
1173 249 1234 280 das
1258 254 1387 280 mentes
1411 247 1562 286 retrahit,
1587 253 1619 278 et
1642 245 1758 290 alligat
1781 248 1824 279 ad
1842 247 1932 280 hunc
1946 253 2164 288 conspectum

134 293 287 324 omnibus
322 291 395 323 aliis
429 291 641 329 antecedere,
676 291 763 332 quia,
798 296 834 322 ut
858 291 988 330 dicitur,
1012 291 1122 334 Ignoti
1171 291 1246 323 Filii
1271 291 1431 329 crucifixi,
1465 290 1668 329 resuscitati,
1703 297 1735 322 et
1756 289 1943 322 illustribus
1966 292 2163 323 testimoniis

132 334 223 367 nulla
249 336 379 378 cupido.
447 335 519 365 Nisi
544 344 643 365 verus
667 333 761 365 Deus
791 342 1010 376 agnoscatur,
1039 346 1121 377 quo·
1173 335 1402 366 confirmantis
1432 334 1672 375 promissiones
1708 335 1749 366 de
1772 335 1925 366 remissio
1948 341 2164 376 peccatorum

133 380 232 410 niodo
258 379 418 416 invocari,
439 378 557 415 timeri,
581 376 673 420 diligi
695 378 828 419 potest?
1144 385 1147 420 ξ
1173 385 1205 410 81
1228 379 1295 410 vita
1317 384 1466 409 aeterna.

215 447 400 488 Dirigenda
423 452 475 478 est.
498 447 584 477 enini
607 447 775 478 invocatio
798 447 841 478 ad
860 457 974 479 verum
998 446 1118 486 Deum,
1143 426 1147 487 i
1259 448 1309 479 Sit
1334 457 1416 488 ergo
1439 447 1526 478 haec
1549 447 1652 488 prima
1678 447 1829 478 doctrina
1852 447 1884 477 in
1907 445 2098 488 Decalogo‚
2130 453 2163 477 ut

129 500 227 533 quein
262 502 336 521 cum
370 500 434 521 nec
469 488 577 521 oculis
602 489 835 531 corporalibus
860 500 1019 530 cernere,
1054 501 1119 522 nec
1143 490 1146 524 1
1171 501 1287 522 verum
1309 489 1418 522 Deum
1441 500 1686 532 agnoscamus,
1715 495 1749 521 et
1777 489 1811 520 in
1834 490 2046 521 invocatione
2075 489 2165 521 hanc

130 532 273 566 brachiis
310 532 488 574 complecti
517 534 708 575 possimus,
749 544 892 565 necesse
927 540 977 566 est
1006 541 1118 566 tamen
1142 525 1145 586 Ξ
1172 534 1358 566 doctrinam
1382 544 1598 565 exerceamus
1624 540 1655 565 et
1679 533 1860 564 discamus.

130 583 239 608 meme
263 583 293 608 et
318 576 383 607 fide
405 583 526 608 mmen
545 583 576 608 et
600 576 735 619 alloqm'
1142 590 1146 628 1
1260 602 1399 638 Quoties
1439 603 1557 644 incipis
1604 603 1849 644 precationem,
1892 602 2020 644 cogites
2055 608 2165 633 tecum

214 645 285 678 Nec
310 647 352 678 sit
377 645 588 688 compellatio
614 653 731 677 nostra
754 646 870 678 similis
891 647 1061 685 ethnicae,
1083 653 1119 678 ut
1143 640 1145 682 ἰ
1172 647 1251 688 quid
1273 647 1424 684 invoces,
1450 647 1527 688 quid
1563 646 1624 684 sit,
1660 652 1691 677 et
1723 646 1779 677 ubi
1804 646 1846 676 sit
1869 644 1925 676 ille
1948 644 2043 677 Deus
2066 655 2165 687 quem

128 688 304 731 Euripides
338 690 460 731 inquit:
497 690 525 721 O
561 689 656 721 Deus
692 691 854 732 quidquid
879 701 934 729 es,
958 691 1029 721 sive
1053 691 1120 722 hoc
1143 687 1145 693 ¹
1172 688 1430 731 compellaturus
1462 700 1509 727 es,
1544 696 1576 721 et
1602 700 1676 721 cum
1711 689 1831 731 quibus
1861 690 2021 723 invoces,
2057 699 2099 720 an
2128 693 2163 720 ut

128 731 272 771 coelum,
307 734 377 765 sive
408 732 471 764 alia
495 744 562 764 185.
633 734 698 765 Sed
721 734 807 764 sciat
828 744 923 765 1118115
947 741 1119 765 aeternum
1170 732 1314 771 Etlinici,
1338 740 1394 764 aut
1417 738 1451 764 ut
1476 733 1582 774 prima
1604 732 1773 770 Ecclesia,
1796 732 1928 771 Patres,
1960 731 2161 774 Prophetae,

127 783 159 807 et
183 777 352 808 immotum¹
374 775 439 808 Dei
461 784 676 818 praeceptum
695 787 784 815 esse,
814 786 849 808 ut
871 788 987 808 verum
1010 776 1119 808 Deum
1143 769 1146 813 ζ
1172 783 1204 808 et
1227 775 1397 818 Apostoli,
1420 786 1462 807 an
1486 782 1519 807 et
1542 786 1601 807 cur
1624 777 1789 808 exaudiat.

126 818 351 862 alloquamur,
397 826 429 851 et
470 831 545 851 eum
581 831 599 851 a
649 821 888 851 commenticiis
929 821 1120 852 numinibus

126 864 368 902 discernamus,
393 870 425 894 et
447 862 685 905 intelligamus,
711 864 878 905 quomodo
909 864 1118 905 quaerendus
1142 870 1146 920 ζ
1172 845 1350 921 θοσὶἓὲθο
1370 851 1807 921 Ᾰὶὲῗέῗιθωῗὲἓΐὲῃῖῃὲἓὲζ
1835 856 1930 920 {3⁸³3
1952 850 2164 930 ζίἶέἔέἓὶοὲξ

1215 914 1235 931 0
1314 912 1321 919 .
1857 914 1869 919 „
2143 913 2152 919 .

126 907 180 945 sit,
205 906 343 946 scilicet,
368 908 455 939 510111
478 909 578 939 certis
603 908 803 939 testimoniis
823 908 1003 938 essentiam
1023 917 1119 938 suam
1142 925 1145 948 t
1267 933 1273 939 .
1333 944 1338 947 ἱ
1467 933 1473 940 .
1503 933 1509 940 .
1942 933 1948 940 .
2133 932 2141 940 .

127 958 158 982 et
194 949 399 982 voluntatem
420 950 588 992 patefecit,
625 958 655 982 et
678 951 764 982 sicut
789 951 900 982 docuit
921 962 983 982 suo
1002 952 1118 989 verbo,
1142 964 1145 979 ι
1170 934 1352 991 ”’θῒθι’ἶὺ“ἃ’
1373 931 1599 984 ἀῗίῄοιῌῖῃωῐῃ
1624 943 1708 984 99⁰⁵
1733 942 1810 963 esse
1822 938 2063 983 Precanonem'.
2087 941 2163 973 qma

126 1005 163 1026 se
188 995 427 1036 quaerendum,
452 994 702 1036 agiiosceiislmii
728 1000 759 1025 et
783 995 1005 1025 invocandum
1030 1004 1118 1025 esse.
1142 988 1146 1004 ³
1170 986 1239 1027 ¹3⁰⁰
1263 974 1531 1027 ‘Olumffmenno
1555 976 1738 1027 flagstqtur'
1753 977 1824 1027 ‚sed
1848 983 1947 1007 enam
1970 975 2164 1026 confflderq'

1143 1035 1145 1042 ν
1171 1026 1216 1050 110
1251 1019 1495 1051 revelationum
1529 1026 1562 1051 et
1593 1026 1857 1051 testimoniorum
1888 1020 1929 1050 de
1951 1019 2039 1057 Deo,
2063 1024 2095 1050 et
2119 1018 2164 1050 di-

213 1064 290 1095 Ideo
326 1064 358 1095 iii
392 1065 498 1104 primo
540 1070 722 1104 praecepto
757 1063 845 1094 lianc
878 1063 1304 1104 311111111311113111]5111101111
1341 1063 1382 1094 ab
1419 1063 1551 1093 ethnica
1587 1063 1814 1101 invocatione,
1850 1070 1880 1094 et
1905 1063 2063 1104 cogitatio
2087 1072 2164 1104 pro-

128 1108 312 1138 orationem
335 1107 501 1148 proponit.
548 1105 622 1148 Ego
648 1117 721 1137 511111
732 1106 898 1138 Dominus
917 1107 1011 1138 Deus
1031 1113 1119 1145 tuus,
1144 1116 1145 1120 ¹
1171 1107 1366 1137 missionum
1391 1112 1424 1137 et
1447 1105 1540 1137 fides.

127 1151 183 1192 qui.
206 1151 303 1182 eduxi
330 1156 360 1181 te
385 1151 425 1181 de
449 1156 537 1181 terra
562 1150 718 1191 Aegypti.
783 1149 915 1181 Deinde
940 1151 1028 1182 addit
1055 1150 1118 1181 Ex·

128 1193 305 1226 clusimm:
329 1194 404 1225 Non
428 1192 569 1224 habebis
593 1192 678 1224 alios
704 1193 808 1225 Deos.
1259 1175 1377 1217 Dirige
1402 1174 1521 1206 oculos
1544 1176 1575 1206 in
1589 1174 1708 1206 Filium
1731 1176 1988 1206 resuscitantem
1999 1174 2166 1206 Lazarum

1143 1232 1190 1250 ,a
1222 1219 1373 1257 mortuis,
1416 1226 1448 1249 et
1483 1225 1641 1261 tanquam
1676 1229 1839 1260 praesens
1875 1224 2048 1260 spectator
2075 1216 2165 1249 illius

213 1262 257 1294 Ut
281 1268 391 1294 31118111
415 1268 509 1294 08110
534 1263 684 1303 conspici
707 1271 817 1294 mente
841 1271 874 1294 et
897 1263 980 1302 fide,
1017 1270 1048 1295 et
1072 1264 1118 1294 tii·
1144 1267 1145 1271 ’
1171 1262 1311 1293 mirandi
1340 1262 1465 1303 operis,
1489 1263 1601 1304 cogita
1625 1263 1722 1293 nobis
1742 1263 1908 1304 praecipi,
1931 1267 1968 1293 ut
1986 1261 2036 1294 sic
2061 1271 2165 1304 agno-

126 1307 236 1338 scemi
261 1307 302 1338 ab
326 1305 399 1337 aliis
423 1316 524 1338 verus
547 1305 642 1338 Deus
665 1313 802 1347 posset,
837 1307 948 1338 addita
972 1313 1049 1338 sunt
1072 1313 1119 1338 te·
1144 1300 1145 1331 Ῐ
1172 1317 1307 1337 scamus
1331 1305 1452 1344 Deum,
1473 1313 1507 1337 ut
1533 1308 1720 1337 statuamus
1744 1316 1825 1337 vere
1838 1305 1946 1337 Deum
1970 1315 2049 1337 esse
2072 1315 2166 1337 crea-

126 1350 281 1382 stiiiionia
300 1349 455 1388 visibilia,
480 1355 512 1381 et
534 1360 743 1392 nequaquam
767 1348 931 1389 fallentia,
955 1361 1015 1392 per
1034 1360 1120 1393 quae
1144 1343 1147 1371 i
1172 1356 1280 1381 torem
1304 1348 1390 1381 coeli
1413 1355 1446 1380 et
1469 1356 1589 1387 terrae,
1620 1356 1651 1380 ct
1674 1349 1863 1387 hominum,
1898 1349 2034 1380 Patrem
2066 1348 2164 1380 huius

127 1400 297 1425 ostensum
321 1400 385 1431 est,
410 1394 484 1435 quis
508 1393 551 1424 sit.
573 1403 674 1425 verus
698 1393 806 1431 Deus,
832 1400 865 1424 et
888 1404 974 1436 quae
997 1394 1039 1425 sit
1062 1404 1119 1426 ve·
1143 1380 1147 1423 ἐ
1172 1393 1319 1431 Domini,
1347 1393 1402 1434 qui
1426 1399 1458 1423 et
1482 1402 1616 1433 semper
1639 1393 1735 1423 adest
1747 1391 1824 1423 huic
1836 1392 1994 1431 Domino,
2020 1397 2053 1423 et
2075 1390 2165 1423 hunc

126 1438 153 1469 ri
177 1437 243 1469 Dei
266 1437 419 1468 doctrina
442 1442 475 1468 et
498 1435 665 1475 voluntas.
692 1447 765 1469 cuin
789 1438 910 1479 inquit:
936 1437 998 1472 Qui
1019 1438 1119 1470 eduxi
1144 1434 1146 1497 '¹
1172 1438 1281 1478 ipsum
1314 1435 1416 1468 filium
1445 1434 1626 1467 Dominum
1654 1441 1808 1467 nostrum
1842 1435 1952 1467 Iesum
1981 1434 2164 1473 Christum,

127 1488 159 1513 te
183 1482 225 1513 de
248 1487 340 1512 terra
364 1480 521 1523 Aegypti.
1144 1502 1146 1521 ‚
1173 1486 1206 1511 et
1230 1480 1387 1521 Spiritum
1423 1485 1587 1518 sanctum,
1622 1480 1708 1510 sicut
1730 1477 1899 1520 patefacta
1923 1485 1975 1510 est
2010 1478 2166 1509 divinitas

374 1560 381 1566 ,
986 1559 991 1565 ,
1144 1524 1146 1543 ³
1173 1523 1368 1554 certissimis
1391 1523 1601 1560 testimoniis,
1625 1523 1754 1553 traditis
1778 1533 1839 1564 per
1862 1521 1993 1560 Patres,
2017 1520 2166 1563 Prophe·

214 1559 276 1590 Hic
295 1569 404 1590 omnia
426 1557 587 1590 miracula
618 1558 945 1600 comprehendantur
974 1559 1064 1590 lacta
1088 1560 1119 1590 in
1172 1573 1237 1605 ms,
1261 1565 1390 1604 Filium,
1415 1572 1445 1597 et
1469 1564 1669 1606 Apostolos,

127 1602 186 1635 illo
217 1602 342 1645 populo
372 1602 449 1633 inde
472 1612 580 1644 iisque
603 1603 645 1633 ab
669 1602 779 1640 initio,
809 1601 851 1633 Et
874 1612 938 1633 nos
961 1603 1147 1643 deinceps'

126 1648 232 1679 misso
254 1645 338 1678 Filio
362 1646 547 1677 intueamur
571 1646 713 1677 eundem
726 1645 848 1683 Deum,
872 1647 928 1687 qui
952 1652 985 1677 et
1008 1646 1120 1677 eduxit
1144 1661 1147 1667 ·
1261 1644 1393 1676 Deinde
1428 1650 1458 1675 et
1495 1643 1652 1675 voluntas
1676 1644 1856 1686 cogitanda
1882 1648 1946 1682 est,
1981 1640 2089 1685 qualis
2123 1642 2166 1674 sit

125 1689 285 1733 populum
309 1700 350 1720 ex
371 1689 541 1732 Aegypto,
564 1689 661 1720 editis
684 1694 751 1720 tam
774 1688 887 1720 multis
910 1689 1119 1727 testimoniis,
1172 1688 1280 1726 Deus,
1306 1694 1338 1719 ct
1362 1698 1422 1719 cur
1445 1688 1610 1719 exaudiat.
1655 1687 1717 1719 Est
1738 1687 1886 1729 sapiens,
1911 1685 2096 1725 beneficus,
2117 1686 2166 1717 iu·

127 1740 161 1766 et
182 1734 271 1765 misit
305 1731 424 1764 Filium
446 1733 567 1764 additis
591 1732 754 1764 similibus
778 1733 996 1772 testimoniis,
1026 1743 1120 1764 resu-
1174 1738 1258 1770 stus,
1284 1742 1401 1769 verax,
1427 1731 1536 1769 iudex,
1560 1737 1694 1770 vastus,
1723 1729 1820 1769 liber,
1850 1730 2056 1761 misericors.
2101 1728 2167 1760 Re-

127 1778 305 1810 scitatione
328 1782 535 1808 mortuorum
559 1782 589 1808 et
608 1775 695 1815 aliis,
717 1776 805 1808 sicut
824 1777 944 1808 Petrus
956 1777 1119 1808 Actorum
1174 1776 1252 1818 cipit
1275 1781 1384 1807 autein
1407 1785 1469 1806 nos
1494 1780 1525 1806 et
1549 1775 1699 1810 exaudit,
1735 1781 1768 1806 81
1798 1780 1911 1805 servat
1932 1778 2070 1816 propter
2091 1771 2167 1804 Fili·

129 1821 228 1853 tertio
249 1820 343 1852 dicit:
367 1819 461 1851 Deus
485 1820 669 1858 Abraham,
693 1826 725 1851 et
738 1819 833 1852 Deus
847 1820 955 1859 Isaac,
981 1826 1012 1851 et
1024 1819 1119 1851 Deus
1173 1830 1228 1851 um
1251 1818 1479 1851 Mediatorem.

128 1864 248 1903 iacob,
282 1863 377 1895 Deus
401 1863 535 1895 Pati-um
559 1869 752 1895 nostrorum
777 1862 979 1905 glorificavit
1002 1862 1121 1895 Filium

128 1918 224 1940 suum
248 1907 355 1939 Iesum
379 1913 443 1939 etc.
512 1906 554 1938 Et
582 1907 693 1938 omnia
716 1907 827 1948 priora
851 1905 1012 1939 miracula
1036 1907 1120 1938 scia·

127 1962 201 1983 mus
235 1952 311 1983 ideo
341 1950 429 1982 {acta
454 1960 544 1989 esse,
578 1956 615 1981 ut.
639 1956 753 1982 essent
776 1951 963 1983 testimonia
983 1951 1024 1982 de
1047 1961 1121 1991 pro-

128 1995 358 2032 missionibus,
394 2000 427 2026 et
454 1995 495 2025 de
517 1993 583 2026 hoc
606 1992 701 2033 Filio,
734 1993 879 2025 Domino
903 2001 1021 2026 nostro
1045 1994 1122 2025 lesu
1147 2004 1152 2064 ι

128 2038 273 2070 Christo.
548 2038 551 2042 ⁴

1262 1888 1355 1920 Haec
1389 1888 1499 1920 omnia
1532 1888 1564 1919 in
1599 1886 1744 1929 qualibet
1778 1887 1991 1919 invocatione
2026 1885 2167 1927 cogitari

1174 1943 1318 1964 necesse
1342 1938 1404 1963 est.
1470 1931 1544 1963 Nec
1579 1932 1789 1962 contentiose
1819 1931 1986 1972 disputes:
2023 1927 2092 1961 Cur
2113 1939 2167 1961 me

1176 1977 1314 2008 deducis
1339 1976 1380 2007 atl
1404 1975 1525 2006 Lazari
1548 1975 1859 2006 resuscitationem?
1893 1973 1973 2015 quid
2006 1973 2092 2004 haec
2124 1972 2167 2004 ad

1175 2030 1227 2051 me
1250 2020 1440 2061 pertinent?
1464 2018 1532 2049 Iino
1555 2028 1638 2049 vero
1651 2016 1731 2049 talia
1744 2018 1933 2049 testimonia
1957 2016 2067 2048 omnia
2090 2025 2168 2057 pro-

1176 2069 1251 2105 pter
1273 2063 1463 2094 universam
1486 2060 1675 2093 Ecclesiam
1700 2060 1845 2092 exhibita
1869 2065 1957 2099 sunt,
1981 2058 2062 2091 Vult
2073 2058 2167 2091 Deus

215 2116 258 2148 Et
282 2117 371 2147 sicut
394 2115 525 2155 Patres,
549 2115 734 2155 Abraham,
758 2115 866 2154 isaac,
896 2115 1010 2154 Iacob,
1039 2114 1123 2146 Mot-
1175 2108 1208 2137 in
1228 2105 1350 2137 talibus
1374 2106 1532 2157 operibus
1556 2115 1593 2136 se
1619 2105 1768 2156 ‚conspici
1791 2110 1821 2136 et
1845 2103 1996 2146 agnosci,
2026 2104 2115 2136 sicut
2135 2103 2168 2135 in

131 2170 200 2199 ses,
219 2159 343 2198 David,
369 2159 504 2198 Daniel,
527 2165 560 2191 et
582 2158 638 2191 alii
657 2160 690 2191 iii
721 2160 933 2191 invocatione
956 2159 1045 2191 hunc
1067 2168 1123 2190 ve·
1148 2154 1152 2168 ¹
1176 2149 1354 2193 DsssssslUgO
1377 2155 1494 2181 mesta*
1519 2149 1728 2180 educnfflleffl
1751 2158 1793 2180 ex
1816 2148 1986 2190 Aegypt&

132 2215 203 2235 111111
237 2202 347 2234 Β811111
382 2201 508 2245 alloqui
531 2213 569 2234 58
593 2203 756 2241 sciebant,
789 2203 843 2245 qui
867 2213 905 2234 se
928 2203 961 2235 111
984 2204 1123 2244 promis-

131 2247 284 2278 sionibus
319 2254 351 2278 et
373 2245 429 2278 illa
454 2247 631 2278 eductione
654 2257 696 2277 ex
718 2246 875 2289 Aegypto
898 2246 1118 2288 patesecerat,

132 2297 163 2322 et
197 2291 356 2332 petebant
390 2301 430 2322 30
467 2290 647 2321 credebant
683 2300 720 2321 se
748 2296 887 2331 propter
910 2301 1024 2322 semen
1048 2300 1123 2331 pro-

131 2334 268 2365 missum
291 2332 392 2375 recipi
417 2340 449 2365 et
473 2334 632 2371 exaudiri,
658 2340 690 2365 et
714 2335 939 2376 segregabant
959 2344 1054 2365 suam
1077 2334 1123 2364 in—

132 2378 342 2409 vocationem
365 2379 406 2408 311
431 2377 575 2409 oninium
599 2378 745 2419 gentium
771 2376 1005 2419 religionibus,
1037 2387 1122 2419 quae

134 2420 333 2462 ignorabant
358 2422 613 2462 promissiones,
638 2422 681 2452 ita
706 2428 821 2452 nostra
846 2421 1014 2453 invocatio
1045 2431 1123 2452 eun-

134 2464 206 2494 dem
241 2474 355 2495 verum
389 2463 498 2496 Deum
532 2465 698 2496 intueatur
725 2470 759 2496 et
787 2463 990 2506 alloquatur,
1021 2474 1123 2505 agno-

134 2516 234 2538 scens
257 2507 374 2538 Filium
398 2514 431 2538 et
455 2509 608 2549 cogitans
632 2508 874 2549 promissiones
899 2506 1122 2546 8111111301113,

134 2550 221 2581 sicut
244 2551 317 2590 ipse
342 2551 427 2581 iubet
454 2552 567 2593 quaeri
591 2551 716 2590 Deum,
746 2552 916 2594 inquiens:
948 2551 1010 2586 Qui
1033 2552 1124 2583 videt.
1264 2551 1430 2582 Aeternus
1454 2549 1555 2581 Pater
1579 2555 1677 2580 sonat
1700 2559 1819 2581 vocem
1843 2549 1885 2580 de
1907 2547 2003 2580 Filio.
2029 2546 2093 2579 Hic
2117 2553 2168 2579 est

134 2603 196 2632 me,
220 2594 308 2625 videt
331 2593 474 2625 Pati-ein.
1176 2593 1280 2626 Filius
1303 2604 1398 2626 nieus
1423 2592 1575 2626 dilectus.

1263 2219 1441 2261 Proponas
1473 2218 1571 2260 igitur
1607 2216 1714 2249 oculis
1749 2219 1846 2250 etiam
1877 2216 1943 2248 alia
1965 2216 2166 2248 testimonia.

1177 2263 1214 2295 Et
1242 2264 1319 2305 quia
1342 2264 1374 2294 in
1397 2262 1512 2304 primis
1537 2259 1677 2293 illustris
1700 2260 1881 2303 patefactio
1907 2266 1959 2292 est
1980 2261 2014 2292 in
2042 2260 2167 2301 baptis-

1148 2319 1153 2368 *
1177 2318 1230 2338 mo
1256 2306 1391 2345 Christi,
1414 2306 1501 2337 lianc
1525 2315 1627 2346 saepe
1650 2306 1683 2336 in
1706 2305 1876 2347 precando
1897 2304 2102 2346 cogiteniuS,
2125 2313 2168 2336 ac

1176 2349 1269 2381 velut
1303 2351 1334 2381 in
1370 2348 1425 2381 illa
1459 2349 1695 2380 amoenissima
1729 2350 1799 2390 ripa
1822 2348 1974 2380 Iordanis
1998 2352 2168 2389 spectator

1176 2400 1285 2424 mente.
1310 2394 1492 2431 consistas,
1516 2393 1570 2423 ubi
1596 2391 1761 2423 lohannes
1789 2393 1939 2433 baptizat
1966 2389 2069 2422 filium
2091 2389 2168 2430 Dei,

1177 2444 1208 2468 et
1229 2444 1299 2468 tota
1323 2437 1477 2468 divinitas
1502 2447 1576 2468 cum
1599 2437 1779 2478 perspicuo
1804 2435 1994 2467 discrimine
2006 2443 2169 2476 persona-

1176 2492 1249 2513 rum
1273 2491 1311 2512 se
1334 2481 1490 2512 ostendit.
