2383 2990
155 120 219 151 215
784 113 898 145 PHlL.
919 111 1025 144 MEL.
1049 111 1239 145 SCRIPTA
1262 109 1544 143 DOGMATICA.
2110 108 2175 141 216

242 213 398 254 Sequitur
409 212 440 243 in
453 210 643 242 definitione
650 209 797 241 recitatio
805 217 1035 250 personarum.
1050 207 1141 238 Haec

156 267 236 288 vero
272 262 324 288 est
358 265 481 286 arcana
511 260 542 284 et
565 253 713 284 miranda
735 252 898 293 sapientia
920 250 1022 293 longe
1045 256 1140 282 extra

155 306 188 331 et
221 309 323 340 supra
354 303 569 339 conspectum
601 296 744 327 omnium
769 300 997 325 creaturarum
1019 294 1138 335 posita.

155 342 266 378 Quare
289 351 429 373 neeesse
453 346 505 371 est
528 339 718 375 meminisse
741 339 941 376 testimonia,
963 337 996 368 in
1020 338 1139 378 quibus

154 396 193 417 se
222 386 313 416 Deus
348 385 394 415 ita
428 382 598 424 patefecit,
631 387 668 413 ut
696 381 842 412 sciamus
868 390 946 412 vere
969 386 1038 411 tres
1062 389 1139 411 esse

153 439 330 470 personas,
355 436 440 468 quae
461 427 528 456 sint
551 431 660 456 tamen
684 424 855 464 ὁμοούσιαι.

240 513 284 544 Ut
313 519 423 544 autem
454 511 537 542 haec
571 511 722 542 recitatio
756 509 973 551 intelligatur,
996 518 1139 540 necesse

154 564 205 589 est
228 557 367 598 primum
390 555 537 586 enarrari
556 554 640 585 haec
665 552 829 585 voeabula
853 552 957 583 οὐσίαν
980 558 1012 583 et
1024 562 1139 592 perso-

154 611 239 631 nam.
274 598 363 629 οὕσία
387 604 439 629 est
463 598 608 629 essentia
631 607 716 637 quae
740 606 819 627 vere
838 603 902 634 est,
937 605 1003 626 11011
1028 601 1062 625 ut
1085 604 1139 625 ac-

155 644 268 674 cidens
290 643 322 673 in
347 640 412 672 alio
436 641 590 672 haerens.
636 640 788 671 Persona
811 650 891 671 vero
915 645 967 669 est
985 639 1138 669 substan-

153 687 208 724 tia,
231 685 411 722 individua,
433 682 637 725 iiitelligenS‚
672 681 999 713 incommunicabilis.
1045 681 1138 711 lnitio

153 735 261 760 autem
286 728 418 759 Graeca
441 726 595 758 Ecclesia
628 726 810 757 nominavit
832 725 1016 762 ὑπόστασιν,
1051 724 1140 765 (111οᾶ

154 772 263 803 Latini
286 781 465 812 personam
489 770 653 807 dixerunt,
688 775 808 809 postea
831 769 940 806 etiam,
970 778 1012 798 ne
1035 777 1055 797 a
1077 766 1140 797 La-

154 816 230 846 tinis
266 814 442 846 dissentire
478 814 689 850 viderentur,
720 810 930 853 adpellarunt
963 810 1139 851 πρόσωπον,

154 859 280 890 etiamsi
314 858 381 889 hoc
415 867 536 887 nomen
561 856 700 887 Graecis
734 854 823 886 aliud
847 856 878 886 in
903 854 1005 885 veteri
1028 852 1141 894 lingua

155 901 332 944 significat.

241 988 337 1018 Nunc
370 987 469 1028 igitur
504 987 547 1016 ad
573 983 723 1026 Symboli
747 983 930 1014 doctrinan}
954 983 1074 1020 redeo,
1110 988 1140 1012 et

155 1031 245 1062 hunc
274 1031 414 1072 primum
445 1027 620 1060 articulum
651 1028 765 1058 recito.
812 1025 884 1056 Una
910 1032 959 1056 cst
984 1025 1141 1057 Essentia

156 1074 277 1111 divina,
303 1079 450 1109 aeterna,
471 1072 569 1102 Pater
592 1076 759 1107 aeternus,
782 1068 885 1100 Filius
904 1069 989 1108 λόγος
1012 1069 1068 1110 qui
1091 1073 1142 1099 est

155 1118 265 1159 imago
288 1116 414 1147 aeterni
437 1115 559 1152 Patris,
583 1120 615 1144 et
633 1114 774 1154 Spiritus
799 1118 947 1143 sanctus.
996 1112 1047 1143 Ac
1070 1110 1142 1142 dili-

156 1166 273 1202 genter
298 1158 562 1190 considerandae
586 1163 661 1188 sunt
687 1156 750 1187 hae
763 1154 913 1197 regulae:
940 1155 1076 1191 Quoties
1097 1155 1142 1185 di-

156 1204 275 1235 vinitas
288 1204 374 1233 intra
393 1211 470 1232 sese
482 1201 692 1238 describitur,
717 1200 949 1230 discernuntur
967 1208 1141 1239 personae.
1166 1161 1170 1240 i

157 1246 226 1277 Sed
250 1256 324 1276 cum
349 1245 525 1285 opponitur
549 1244 730 1279 creaturis,
766 1243 887 1273 mentio
910 1241 946 1272 fit
970 1242 1067 1272 unius
1089 1250 1143 1271 ae·
1167 1241 1170 1267 ἲ

157 1296 273 1321 ternae
296 1287 483 1320 Essentiae.
536 1285 654 1317 Altera
688 1284 805 1327 regula
840 1291 908 1323 est,
944 1285 1077 1316 Creatio
1112 1273 1170 1331 eti

156 1331 222 1364 alia
245 1342 346 1373 opera
370 1331 481 1362 divina
504 1335 598 1360 extra
617 1330 831 1366 divinitatem,
857 1334 934 1360 sunt
958 1327 1145 1359 communia
1168 1335 1170 1363 ι’

158 1386 262 1418 opera
284 1375 382 1406 trium
405 1383 634 1415 personarum.

245 1461 329 1493 Cum
352 1466 462 1491 autem
486 1460 527 1490 de
550 1459 702 1489 omnibus
715 1456 863 1488 articulis
888 1456 999 1498 aliqua
1021 1456 1146 1498 perspi-

160 1516 223 1536 cua
257 1504 447 1535 testimonia
470 1512 602 1542 semper
625 1502 812 1532 meminisse
836 1510 980 1531 necesse
1004 1501 1057 1537 sit,
1090 1499 1146 1530 ad·-

160 1549 235 1580 dam
258 1547 313 1579 hic
336 1557 437 1578 unum
460 1552 560 1586 atque
583 1544 724 1575 alterum
743 1545 985 1581 testimonium,
1019 1543 1060 1573 de
1082 1542 1146 1573 hoc

157 1592 264 1633 primo
288 1588 448 1627 articulo,
479 1586 649 1626 videlicet,
685 1588 726 1618 de
756 1587 881 1619 unitate
903 1586 1078 1617 Essentiae
1101 1586 1146 1616 di-

158 1636 268 1667 vinae.

1170 1686 1174 1709 Ι

246 1719 347 1750 Dent.
371 1719 401 1749 6.
448 1718 535 1749 Α11(1ἰ
558 1716 681 1755 lsrael,
715 1716 879 1747 Dominus
903 1715 997 1747 Deus
1021 1721 1148 1753 noster,
1171 1710 1174 1748 i

160 1763 324 1795 Dominus
348 1772 435 1793 unus
458 1767 520 1792 est.
566 1760 640 1791 Hoc
663 1760 784 1791 dictum
808 1761 848 1790 de
872 1759 1019 1790 essentia
1042 1757 1149 1799 loqui-

160 1812 225 1844 tur,
259 1813 292 1837 et
324 1804 472 1836 excludit
501 1815 520 1835 a
550 1804 721 1835 divinitate
755 1813 873 1833 omnes
898 1808 1082 1839 creaturas,
1117 1806 1149 1832 et

162 1850 271 1880 onmia
294 1859 380 1890 quae
402 1858 469 1879 non
493 1853 569 1879 sunt
593 1848 648 1878 hic
672 1846 784 1884 Deus,
815 1845 1003 1887 patefactus
1026 1846 1059 1875 in
1082 1843 1148 1875 hoe
1172 1845 1176 1912 1

161 1891 285 1934 populo
306 1891 420 1923 lsrael.
465 1891 541 1922 Non
565 1891 651 1922 enim
675 1890 781 1921 otiose
805 1890 914 1930 posita
932 1896 984 1920 est
1007 1888 1150 1930 particu-

162 1935 206 1974 la,
226 1935 366 1973 lehova,
401 1935 461 1965 sed
485 1934 643 1965 discernit
666 1933 754 1964 hunc
778 1931 887 1964 Deum
908 1933 941 1963 in
965 1930 1069 1962 lsrael
1092 1941 1149 1972 pa-

164 1977 335 2016 tefactum,
360 1979 402 2009 ab
426 1977 568 2008 aliarum
592 1977 738 2019 gentium
763 1976 1000 2007 commenticiis
1013 1975 1151 2005 numini·
1172 1949 1177 2006 i

163 2024 240 2058 bus,
265 2021 360 2063 quasi
379 2022 478 2059 dicat,
501 2020 565 2051 Hic
596 2020 717 2052 lehova
741 2017 926 2059 patefactus
949 2019 981 2049 in
1005 2016 1070 2048 hoc
1094 2028 1150 2058 po-

164 2064 243 2107 pulo
257 2063 372 2101 lsrael,
396 2071 429 2095 et
447 2074 515 2095 non
539 2062 606 2102 alii,
632 2073 716 2105 quos
731 2061 1038 2104 finguntAegyptii,
1052 2059 1150 2092 Chal-

165 2109 251 2146 daei,
276 2114 308 2138 et
326 2107 393 2138 alii.
439 2107 487 2138 lta
510 2112 633 2145 monet,
656 2112 692 2137 ut
710 2116 910 2148 quaeramus
933 2105 1059 2143 Deum,
1095 2104 1149 2146 qui

165 2161 204 2182 se
226 2149 383 2192 patefecit
405 2152 436 2181 in
457 2160 538 2181 vera
560 2148 725 2181 Ecclesia.

252 2237 353 2268 Deut.
378 2235 430 2267 32.
454 2226 586 2274 Videte,
610 2237 700 2277 quod
723 2245 786 2277 ego
810 2236 872 2266 sim
896 2233 1002 2273 solus,
1027 2239 1059 2265 et
1083 2243 1150 2264 non

167 2287 220 2312 est
242 2280 330 2312 alius
353 2279 449 2311 Deus
468 2285 600 2323 praeter
624 2289 686 2310 me.

253 2365 377 2397 Extant
399 2366 525 2408 passim
549 2366 582 2396 in
605 2364 781 2406 Prophetis
798 2363 901 2396 multa
925 2363 1043 2394 similia
1061 2363 1152 2394 testi-

169 2410 289 2448 monia,
324 2419 409 2451 quae
441 2409 582 2451 prodest
605 2409 793 2439 meminisse
822 2413 854 2439 et
877 2417 980 2449 saepe
1004 2406 1152 2449 cogitare
1175 2417 1178 2461 1

169 2457 205 2484 ut
227 2453 311 2483 bene
334 2452 571 2485 confirmentur
593 2457 720 2483 mentes
745 2457 860 2483 contra
878 2450 1039 2482 Ethnicos
1063 2448 1152 2481 furo-

170 2505 245 2533 res,
281 2501 314 2526 et
348 2501 467 2527 contra
490 2495 742 2528 Valentinianos
773 2500 805 2525 et
827 2493 1063 2531 Manichaeos,
1097 2493 1153 2534 qui

170 2536 372 2570 horribiliter
404 2538 595 2571 lacerarunt
617 2549 730 2570 veram
758 2538 942 2570 doctrinam
964 2537 1006 2569 de
1028 2536 1154 2568 unitate

126 2616 133 2623 ι
172 2581 302 2613 divinae
325 2581 512 2613 Essentiae.

1192 209 1266 250 DE
1299 207 1498 250 TRIBUS
1531 205 1797 248 PERSONJS
1813 205 2173 248 D1V1N1TATIS.

1280 335 1432 376 Sequitur
1455 331 1558 364 altera
1580 343 1660 374 pars
1673 331 1813 364 Articuli
1826 333 1868 364 de
1881 333 2060 369 divinitate,
2086 332 2177 373 quod

1192 377 1346 409 videlicet
1359 384 1427 409 tres
1441 377 1504 407 sint
1520 386 1684 417 personae
1703 376 1875 415 ὁμοούσιαι,
1898 381 2053 408 aeternus
2066 375 2177 413 Pater,

1192 421 1295 452 Filius
1318 421 1414 460 λόγος,
1438 420 1493 462 qui
1517 425 1568 450 est
1591 419 1678 450 εἰκών
1701 420 1825 450 aeterni
1848 418 1968 457 Patris,
1992 425 2023 449 et
2035 418 2177 460 Spiritus

1192 471 1341 496 sanctu&
1389 464 1452 494 Hic
1486 463 1624 504 primum
1648 463 1792 494 tenenda
1815 467 1867 493 est
1889 461 2037 493 definitio
2062 471 2175 502 perso-

1192 518 1255 538 nae
1279 517 1380 548 supra
1404 507 1553 544 recitata,
1579 516 1641 537 nec
1667 506 1917 537 concedendum
1952 503 2178 545 petulantibus

1193 551 1346 592 ingeniis,
1380 556 1416 581 ut
1454 550 1655 591 praestiguis
1695 547 1942 580 cavillationum
1966 552 2179 589 corrumpant

1193 594 1388 631 doctrinam,
1412 603 1510 634 quain
1533 592 1626 623 Deus
1646 593 1718 633 ipse
1742 591 1783 622 de
1806 601 1883 622 sese
1902 590 2069 632 patefecit.

1280 678 1427 714 Quaerat
1450 684 1559 709 autem
1583 677 1713 719 aliquis,
1736 687 1838 719 quare
1857 684 1926 708 tres
1945 687 2110 717 personas
2134 677 2179 707 di-

1194 722 1352 760 vinitatis,
1377 727 1408 752 et
1433 732 1498 752 non
1522 720 1636 762 plures
1660 727 1716 751 aut
1739 721 1916 761 pauciores
1941 729 2017 750 esse
2041 720 2179 751 adseve-

1193 765 1329 796 ramus?
1374 764 1435 795 Hie
1459 763 1727 804 respondendum
1746 770 1819 800 est,
1854 764 1931 805 quia
1949 762 2042 794 Deus
2069 763 2120 793 sic
2142 772 2180 794 se

1193 807 1362 850 patefecit,
1381 808 1433 838 cui
1457 817 1598 838 necesse
1622 815 1674 838 est
1693 807 1861 838 adsentiri.

1281 893 1521 925 Describamus
1566 893 1664 934 igitur
1698 902 1880 934 personas,
1927 898 1959 923 et
1993 892 2182 922 testimonia

1195 944 1288 968 certa
1311 936 1522 979 colligamus,
1546 943 1581 967 ut
1605 937 1635 966 in
1660 937 1871 967 invocatione
1887 934 1995 966 Deum
2019 941 2112 966 recte
2135 933 2182 966 al·

1194 980 1381 1022 loquamur.
1428 979 1528 1010 Pater
1550 986 1718 1016 aeternus,
1744 986 1795 1010 est
1818 988 1965 1019 persona
1982 978 2105 1016 divina,
2128 988 2182 1009 ae·

1196 1030 1303 1060 terna,
1328 1029 1486 1054 nonnata
1509 1022 1653 1060 aliunde,
1677 1022 1737 1053 sed
1762 1022 1964 1064 cogitatione
1976 1022 2027 1052 sui
2040 1022 2183 1063 gignens

1195 1068 1236 1097 ab
1261 1072 1398 1104 aeterno
1413 1064 1529 1096 Filium
1550 1072 1776 1103 coaeternum,
1799 1066 1975 1106 imaginem
1999 1074 2104 1095 suam.
2131 1063 2183 1094 Ac

1166 1101 1170 1160 Ι
1195 1109 1368 1140 manifeste
1399 1109 1556 1139 discernit
1590 1119 1626 1139 se
1652 1109 1750 1139 Pater
1774 1119 1792 1139 a
1815 1107 1898 1138 Filio
1932 1109 1965 1138 in
2000 1107 2063 1138 hac
2088 1117 2184 1145 voce,

1196 1164 1270 1184 cum
1295 1153 1392 1183 dixit:
1424 1152 1487 1182 Hic
1512 1158 1563 1182 est
1588 1150 1690 1182 Filius
1715 1162 1807 1182 meus
1831 1149 1981 1189 dilectuS,
2005 1161 2070 1191 quo
2096 1149 2184 1182 dele-

1197 1202 1278 1227 ctor.
1325 1195 1418 1226 Haec
1453 1195 1555 1226 verba
1580 1196 1756 1235 perspicue
1781 1194 1912 1225 Patrem
1936 1200 1968 1224 et
1990 1193 2108 1225 Filium
2138 1194 2184 1225 di-

1196 1245 1367 1277 scernunt,
1392 1248 1478 1279 quae
1502 1238 1631 1278 quidem
1656 1247 1756 1278 saepe
1781 1237 1960 1279 cogitanda
1982 1243 2071 1274 sunt,
2095 1243 2128 1268 et
2149 1242 2186 1268 ut

1197 1292 1260 1313 nos
1284 1281 1480 1313 confirment
1504 1282 1545 1311 de
1570 1281 1633 1311 hoc
1657 1279 1813 1318 amiculo,
1838 1286 1870 1311 et
1895 1286 1931 1311 ut
1953 1290 2016 1311 nos
2040 1290 2185 1311 commo·

1198 1324 1366 1356 nefaciant
1396 1325 1436 1355 de
1459 1325 1584 1366 ingenti
1608 1334 1721 1355 amore
1744 1324 1870 1354 aeterni
1893 1323 2004 1355 Patris
2028 1333 2109 1365 erga
2132 1333 2186 1354 su-

1197 1380 1252 1400 um
1276 1367 1402 1399 Filium.
1447 1366 1569 1408 Magna
1595 1367 1681 1397 enim
1707 1367 1757 1397 vis
1782 1372 1833 1397 est
1856 1366 1974 1397 horum
1997 1367 2183 1396 verborum.

1197 1410 1358 1442 Delector
1376 1410 1442 1440 hoc
1466 1409 1558 1440 Filio.
1603 1408 1707 1450 Diligi
1731 1420 1750 1440 a
1774 1419 1813 1440 se
1835 1408 1923 1440 hunc
1947 1407 2063 1439 Filium
2087 1407 2185 1439 adfir-

1198 1462 1276 1493 mat,
1312 1460 1344 1485 et
1368 1464 1406 1484 se
1430 1463 1470 1484 eo
1494 1452 1630 1491 laetari,
1665 1458 1695 1483 et
1720 1453 1752 1482 in
1776 1462 1816 1483 eo
1841 1452 2068 1493 acquiescere.
2114 1450 2188 1482 Ηοο

1198 1504 1308 1529 autem
1331 1497 1406 1528 ideo
1430 1497 1617 1537 praedicat,
1641 1501 1676 1526 ut
1700 1506 1774 1526 cum
1799 1496 1965 1532 docuerit,
2000 1492 2187 1525 Ecclesiam

1198 1547 1336 1581 propter
1358 1539 1448 1571 hunc
1472 1539 1589 1570 Filium
1612 1539 1725 1579 recipi,
1748 1538 1830 1569 fides
1855 1537 1911 1568 fiat
1935 1537 2114 1574 ardentior,
2132 1547 2187 1568 co-

1201 1585 1311 1625 gitans
1342 1593 1422 1614 vero
1453 1589 1485 1613 et
1514 1582 1638 1624 ingenti
1667 1591 1782 1612 amore
1811 1590 1873 1613 nos
1898 1590 2031 1622 quoque
2054 1579 2144 1622 diligi
2168 1591 2187 1611 a

1200 1627 1287 1665 Deo,
1313 1628 1390 1668 quia
1413 1625 1485 1656 Filii
1508 1624 1701 1656 haereditas
1736 1634 1868 1662 sumus,
1904 1630 1935 1655 et
1953 1629 2090 1665 propter
2113 1634 2187 1656 eum

1200 1671 1388 1712 recipimur,
1411 1675 1443 1701 et
1466 1680 1541 1701 eum
1565 1669 1715 1700 audimus
1740 1674 1772 1699 et
1796 1667 2019 1699 celebramus.

1288 1756 1371 1787 Sunt
1395 1761 1503 1787 autem
1527 1756 1643 1786 eadem
1667 1755 1770 1786 verba
1794 1755 1835 1785 (16
1859 1752 1954 1792 Filio,
1979 1763 2064 1794 quae
2087 1753 2188 1784 edidit

1201 1800 1301 1832 Pater
1323 1800 1356 1830 in
1380 1799 1551 1840 Baptismo
1574 1798 1658 1836 Filii,
1683 1798 1771 1838 npud
1793 1797 1926 1828 Esaiam
1953 1807 2025 1838 cap.
2048 1796 2102 1828 42.
2124 1795 2187 1828 Ec·

1201 1854 1240 1875 ce
1275 1852 1395 1874 servus
1429 1852 1533 1880 meus,
1568 1842 1765 1873 sustentabo
1801 1851 1886 1879 eum,
1921 1838 2048 1871 electus
2082 1848 2187 1876 meus,

1202 1898 1268 1928 quo
1287 1885 1479 1918 ‘delectatur
1502 1885 1612 1916 anima
1630 1895 1715 1916 mea.

1288 1970 1433 2004 Difficile
1467 1977 1519 2002 est
1552 1970 1676 2002 homini
1709 1976 1859 2001 statuere
1894 1970 1936 2000 de
1970 1967 2188 2010 providentia,

1202 2026 1302 2048 curae
1325 2025 1402 2047 esse
1426 2014 1499 2046 Deo
1522 2013 1691 2050 homines,
1721 2013 1781 2043 sed
1805 2012 1871 2043 hoc
1894 2011 1997 2044 multo
2021 2009 2188 2043 difficilius

1202 2066 1265 2098 est,
1288 2064 1446 2096 statuere,
1470 2067 1533 2088 nos
1556 2067 1635 2088 vere
1658 2055 1760 2097 diligi,
1784 2057 1871 2087 sicut
1893 2057 1967 2097 pius
1990 2061 2086 2097 pater
2110 2063 2190 2086 vero

1201 2114 1314 2134 amore
1349 2112 1427 2142 erga
1462 2100 1589 2132 liberos
1614 2110 1695 2130 suos
1720 2098 1883 2130 adficitur.
1930 2099 1965 2129 ld
1989 2104 2098 2130 autem
2122 2103 2188 2129 sta-

1202 2152 1294 2178 tuere
1324 2145 1515 2182 discamus,
1548 2142 1613 2174 hac
1647 2142 1841 2173 dulcissima
1874 2152 1960 2173 voce
1993 2140 2189 2180 confirmati,

1203 2200 1277 2221 cum
1301 2189 1404 2230 inquit
1416 2186 1530 2218 Pater:
1554 2185 1617 2217 Hic
1640 2192 1691 2217 est
1704 2185 1808 2216 Filius
1832 2196 1925 2216 meus
1949 2183 2104 2222 dilectus,
2122 2194 2189 2225 quo

1203 2231 1361 2263 delector.
1408 2230 1485 2262 ldeo
1509 2230 1593 2261 enini
1618 2229 1784 2270 impressit
1805 2228 1899 2260 Deus
1923 2227 2048 2269 στοργάς
2071 2237 2190 2268 paren·

1203 2277 1304 2313 tibus,
1326 2280 1362 2306 ut
1385 2275 1450 2304 sint
1469 2270 1806 2304 coininonelhctiones
1831 2273 1871 2303 de
1895 2281 2009 2303 amore
2028 2270 2103 2309 Dei,
2126 2270 2190 2311 pri-

1203 2330 1290 2351 mum
1325 2328 1407 2360 erga
1430 2316 1558 2354 Filium,
1594 2316 1713 2347 deinde
1747 2325 1831 2357 erga
1864 2325 1971 2357 genus
1999 2315 2189 2351 humanum,

1204 2363 1293 2404 quod
1318 2361 1465 2392 condidit
1487 2365 1624 2402 propter
1646 2358 1773 2390 Filium.
1819 2357 1903 2390 Cum
1933 2358 2032 2400 igitur
2054 2355 2188 2389 manife-

1205 2412 1257 2437 ste
1292 2404 1442 2436 adfirmet
1464 2413 1543 2435 vere
1566 2413 1585 2434 a
1609 2412 1645 2433 se
1668 2402 1760 2444 diligi
1782 2401 1916 2439 Filium,
1952 2408 1984 2432 et
2006 2411 2072 2432 non
2096 2399 2188 2431 dubi-

1204 2449 1338 2480 tandum
1362 2448 1405 2478 sit
1428 2456 1574 2478 amorem
1596 2445 1686 2477 hunc
1709 2456 1836 2484 verum,
1861 2445 2043 2481 ardentem,
2066 2448 2099 2474 et
2120 2452 2190 2474 non

1205 2491 1358 2534 frigidam
1392 2490 1625 2531 cogitationem
1650 2498 1739 2527 esse,
1769 2495 1804 2520 ut
1828 2489 1934 2520 Stoici
1956 2487 2188 2528 imaginantur.

1206 2541 1389 2566 statuamus
1413 2543 1475 2564 nos
1499 2542 1633 2575 quoque
1655 2542 1735 2563 vere
1758 2537 1790 2563 et
1809 2533 1965 2564 ardenter
1987 2530 2090 2572 diligi,
2115 2538 2189 2561 cum

1206 2577 1323 2610 Filium
1347 2577 1563 2620 agnoscimus
1586 2582 1620 2609 et
1642 2574 1863 2607 celebramus.
1910 2574 2005 2606 Haec
2015 2573 2190 2605 verissima

2346 651 2356 666 k·
2340 462 2362 621 cmm·
2346 429 2357 441 v

2353 1298 2359 1306 »
2344 1195 2365 1258 .Ᾱ”,.’
2348 1147 2359 1185 ³⁴-
2345 1119 2352 1123 ·
2350 1095 2364 1111 νη
