2383 2990
131 146 193 179 185
835 145 888 177 111.

128 245 206 273 sunt
227 240 261 271 in
282 239 410 281 populo
433 239 510 277 Dei,
534 250 600 271 non
624 238 710 270 alios
733 245 827 271 extra
839 238 1039 277 Ecclesiam,
1062 249 1114 270 se-

128 284 237 325 quitur
259 283 452 314 necessario
477 283 673 314 inserendos
696 293 773 314 esse
794 281 980 314 Ecclesiae.
1027 282 1114 313 Con-

127 326 237 357 firmat
271 327 409 357 eandem
432 325 595 357 Minorem
631 331 663 357 et
696 325 761 357 alia
790 326 954 357 sententia
977 324 1112 364 Christi,

126 368 296 401 videlicet:
321 370 425 402 Sinite
448 368 608 410 parvulos
632 369 747 400 venire
759 370 801 400 ad
814 379 878 406 me,
900 367 1013 399 talium
1027 368 1111 399 enim

127 417 177 443 est
199 422 339 454 regnum
363 411 546 444 coelorum.
575 412 617 443 Et
638 410 786 453 loquitur
807 412 848 442 de
871 410 1053 442 infantibus
1078 411 1110 441 in

124 454 250 496 populo
273 455 337 487 Dei
360 456 451 497 Ergo
486 461 626 487 testatur
661 454 792 496 aliquos
827 453 971 485 infantes
995 452 1111 484 salvos

126 497 216 536 fieri,
252 504 284 530 et
318 500 453 543 qu'qiem
479 497 573 537 illos,
607 498 662 539 qui
685 503 762 528 sunt
784 498 901 528 inserti
924 495 1111 528 Ecclesiae.

214 574 372 614 Tertium,
384 575 459 606 Non
483 580 533 606 est
556 574 709 605 remissio
732 579 947 614 peccatomm
970 575 1042 606 sine
1054 575 1110 606 mi-

376 619 513 650 nisterio
536 618 631 649 verbi
654 623 687 648 et
711 617 1017 649 Sacramentorum.

281 694 426 728 Infantes
439 694 562 726 habent
575 704 659 736 opus
672 695 868 726 remissione
880 701 1110 735 peccatorum,

280 771 371 813 Ergo
395 770 574 802 infantibus
587 770 819 813 applicandum
833 777 885 803 est
896 771 1111 805 ministerium

334 814 638 846 Sacramentorum.

212 890 372 922 Maiorem
417 891 591 922 confirmat
630 891 714 922 haec
755 892 921 922 sententia
954 891 1022 923 10h.
1056 891 1110 923 20.

124 933 275 969 Quorum
304 935 498 965 remiseritis
528 940 688 974 peccata,
723 935 930 965 remittentur
964 935 1012 965 eis
1046 940 1109 966 etc.

122 977 286 1008 llinorem
316 977 491 1008 confirmat
515 976 637 1008 Paulus
662 977 757 1008 Rom.
776 977 807 1008 5.
842 977 966 1018 Ephes.
989 978 1021 1007 2.
1055 978 1111 1008 ubi

125 1025 270 1051 testatur
299 1019 444 1051 infantes
476 1030 589 1051 secum
618 1019 737 1051 afferre
761 1026 934 1060 peccatum
958 1021 1109 1063 originis,

123 1061 189 1095 hoc
212 1068 276 1101 est,
301 1068 427 1094 reatum
451 1069 483 1094 et
507 1064 753 1104 corruptionem
776 1070 925 1094 naturae.

225 1139 385 1175 Quartum
419 1147 665 1181 argumentumz
711 1141 894 1172 Promissio
927 1139 1102 1182 Evangelii

279 1183 422 1225 pertinet
446 1184 486 1214 ad
510 1183 667 1221 infantes,

279 1259 371 1302 Ergo
389 1266 420 1291 et
435 1259 698 1298 Sacramentum,
722 1261 810 1301 quod
824 1267 873 1291 est
886 1260 1109 1291 testimonium

278 1303 521 1343 promissionis,
545 1310 575 1333 et
600 1304 742 1345 signum,
767 1304 853 1344 quod
868 1303 1034 1346 significat
1054 1314 1110 1345 ap-

279 1345 394 1386 plicari
417 1347 682 1387 promissionem.

210 1447 457 1490 G'onsequentia
487 1447 591 1485 valet,
631 1449 726 1490 quia,
761 1448 803 1479 ad
837 1459 934 1490 quem
968 1449 1109 1488 pertinet

122 1492 311 1533 promissio,
335 1502 421 1532 quae
445 1497 495 1522 est
519 1491 712 1532 principale,
736 1492 778 1522 ad
802 1492 944 1522 eundem
968 1492 1109 1532 pertinet

124 1536 272 1576 signum,
309 1535 396 1576 quod
424 1541 475 1565 est
503 1541 582 1566 nota
605 1535 847 1575 promissionis.
893 1535 1109 1565 Antecedens

122 1576 333 1616 manifestum
357 1584 418 1616 est,
442 1579 518 1619 quia
540 1577 685 1609 infantes
709 1588 774 1608 non
790 1579 851 1609 nisi
867 1584 1003 1618 propter
1016 1577 1109 1608 Chri-

123 1626 209 1651 stum
244 1619 428 1653 salvantur.
475 1620 515 1652 Et.
550 1622 623 1662 ipse
654 1622 772 1662 inquit:
819 1620 923 1652 Sinite
947 1620 1108 1662 parvulos

123 1665 237 1696 venire
259 1665 302 1695 ad
326 1674 388 1696 me.

209 1758 379 1794 Quintum:

427 1808 498 1832 erat
521 1802 714 1833 necessaria
737 1800 931 1839 infantibus,
956 1809 990 1833 ut
1004 1803 1107 1844 signi-

424 1844 540 1876 ficaret
569 1845 610 1875 ad
642 1854 701 1876 eos
725 1845 890 1885 pertinere
914 1845 1107 1886 promissio-

423 1898 499 1919 nem
528 1888 672 1930 gratiae,
708 1886 880 1919 videlicet:
921 1887 988 1918 Ero
1012 1887 1106 1919 Deus

427 1941 552 1969 eorum,
574 1937 605 1961 et
618 1931 885 1962 utinsererentur
893 1929 1017 1972 populo
1030 1931 1105 1962 Dei.

370 2015 462 2058 Ergo
486 2016 677 2058 Baptismus
709 2017 740 2047 in
777 2027 865 2047 novo
889 2016 1104 2048 Testamento

426 2066 480 2091 est.
500 2060 714 2091 necessarius
737 2059 929 2091 infantibus.

209 2134 308 2166 Valet
331 2138 589 2178 consequentia,
614 2138 691 2179 quia
713 2137 913 2180 significatio
938 2137 1104 2176 convenit,

122 2177 210 2219 quod
243 2179 358 2209 attinet
390 2180 433 2211 ad
466 2181 721 2221 promissionem
755 2181 890 2223 gratiae.
946 2180 988 2211 Et
1010 2180 1104 2213 Deus

120 2219 192 2252 vult
210 2230 288 2252 esse
310 2221 429 2254 efficax
451 2234 511 2264 per
532 2223 682 2256 Verbum
705 2230 736 2256 et
759 2225 1020 2256 Sacramentum.

295 2429 405 2481 Quid
436 2430 637 2485 significat.
666 2431 926 2488 Baptismus?

190 2555 425 2589 “sacramenta
448 2556 675 2599 principaliter
696 2565 774 2591 sunt
796 2561 892 2602 signa
911 2560 1102 2600 promissio-

119 2609 197 2632 num
220 2599 415 2632 divinarum.
439 2601 552 2637 Quare
578 2602 758 2643 praecipue
781 2602 948 2645 significat
968 2601 1102 2644 Baptis-

935 143 1209 177 CATECHESIS
1227 145 1442 178 PUERlLlS.

427 1757 646 1790 Circumcisio
686 1759 719 1789 in
754 1759 858 1789 veteri
892 1758 1106 1790 Testamento
1134 1738 1137 1795 i

2087 148 2148 180 186

1165 250 1259 278 mus,
1291 242 1544 281 promissionem
1569 240 1758 284 Evangelii,
1783 242 1870 283 quod
1894 246 2031 283 propter
2053 241 2148 272 Chri-

1166 288 1252 313 stum
1278 284 1420 315 donetur
1442 285 1538 315 nobis·
1563 286 1714 316 remissio
1738 290 1964 326 peccatorum,
1988 290 2018 316 et
2043 284 2146 326 Spiri-

1166 331 1221 356 tus
1245 332 1393 357 sanctuS.
1440 327 1552 369 Itaque
1582 329 1703 359 mersio
1728 328 1893 370 significat
1916 327 2005 360 ablui
2029 337 2148 368 pecca-

1165 373 1210 406 ta,
1234 374 1265 399 et
1288 370 1391 411 mergi
1414 371 1446 401 in
1465 376 1605 401 mortem
1629 370 1771 409 Clu-isti,
1795 372 1872 412 quia
1895 378 2070 411 peccatum
2095 371 2148 400 de-

1137 400 1140 479 Ι
1165 410 1268 442 letum
1291 418 1354 449 est,
1379 419 1409 443 et
1434 414 1599 454 promissa
1623 424 1712 445 nova
1735 420 1766 444 et
1789 421 1925 445 aeterna
1949 414 2027 444 vita.
2052 413 2148 443 Post-

1165 465 1206 485 ea
1239 455 1405 486 accedunt
1438 454 1523 486 aliae
1551 457 1829 497 significationes,
1864 467 1950 498 quae
1973 457 2015 487 ad
2037 466 2149 487 mores

1166 504 1301 528 nostros
1331 499 1504 538 pertinent.
1550 500 1674 530 Mersio
1702 500 1866 541 significat
1894 500 1998 541 mergi
2028 509 2092 530 nos
2115 499 2149 529 iu

1165 546 1304 571 mortem
1340 547 1371 572 et
1404 540 1603 573 afflictiones
1638 548 1672 573 ut
1696 542 1819 573 abolita
1845 552 1946 573 carne
1970 542 2148 580 immunda,

1165 594 1304 624 prorsus
1328 584 1478 616 deleatur
1511 591 1694 626 peccatum.
1742 585 1798 616 Sic
1828 596 1909 627 ergo
1941 585 2147 625 Baptismum

1165 627 1350 658 intueamur
1372 628 1404 658 in
1430 628 1517 658 omni
1541 629 1624 665 vita,
1655 634 1689 659 ut
1716 638 1778 659 nos
1806 629 1947 669 primum
1972 629 2149 659 admoneat

1165 670 1206 700 de
1229 669 1400 701 voluntate
1423 670 1485 701 Dei
1510 681 1591 712 erga
1614 681 1695 708 nOS‚
1720 671 1806 712 quod
1832 681 1910 702 vere
1932 681 1993 701 nos
2018 680 2151 711 recepe-

1166 713 1217 750 rit,
1241 719 1271 744 et
1296 713 1376 744 velit
1400 712 1510 744 delere
1534 719 1716 755 peccatum.
1763 713 1854 745 Haec
1879 713 1962 744 fides
1986 715 2150 745 exuscitat

1165 756 1418 788 invocationem.
1482 757 1611 788 Deinde
1646 757 1819 787 admoneat
1855 767 1916 787 nos
1950 758 2072 788 mersio
2109 756 2151 787 de

1165 799 1363 838 obedientia,
1387 801 1476 841 quod
1500 801 1541 831 ad
1565 799 1765 831 afflictiones
1789 800 1899 831 vocati
1925 800 2039 831 simus.

1405 1042 1478 1081 DE
1511 1041 1905 1083 POENITENTIA.

1252 1183 1462 1215 Vocabulum
1486 1184 1711 1215 Poenitentiae
1733 1185 1766 1215 in
1791 1183 1945 1216 Ecclesia
1968 1191 2149 1225 usurpatur

1164 1237 1225 1268 pro
1249 1228 1471 1258 conversione
1494 1228 1535 1258 ad
1547 1227 1666 1265 Deum,
1691 1233 1721 1258 et
1744 1238 1806 1258 nos
1830 1229 1986 1258 usitatum
2010 1230 2148 1259 verbum

1164 1270 1356 1308 retinemus,
1379 1276 1413 1301 ut
1438 1269 1566 1301 facilius
1595 1271 1733 1312 agnosci
1759 1270 1854 1301 locus
1879 1271 2049 1301 doctrinae
2072 1281 2149 1312 pos-

1164 1314 1216 1343 sit.
1263 1313 1345 1343 Sunt
1383 1319 1491 1343 autem
1515 1320 1627 1353 partes
1651 1314 1872 1353 poenitentiae
1898 1314 1995 1350 duae,
2021 1314 2148 1345 (lontri-

1163 1356 1208 1386 tio
1234 1362 1265 1386 et
1289 1356 1398 1386 Fides.
1434 1356 1595 1386 Contu-itio
1620 1356 1782 1397 significat
1806 1362 1950 1387 terrores
1976 1358 2149 1388 conscien-

1163 1400 1239 1436 tiae,
1263 1400 1479 1439 agnoscentis·
1503 1405 1676 1439 peccatum
1698 1405 1729 1429 et
1754 1400 1835 1429 iram
1859 1399 1940 1437 Dei,
1971 1410 2011 1430 ac
2036 1399 2148 1431 dolen-

1162 1442 1203 1471 tis
1226 1448 1363 1482 propter
1386 1449 1536 1481 peccata.
1582 1441 1678 1472 Fiunt
1702 1447 1810 1473 autem
1831 1443 1862 1473 hi
1888 1448 2049 1480 terrores,
2075 1454 2148 1474 cum

1163 1484 1380 1525 Evangeliutn
1404 1485 1511 1527 arguit
1533 1490 1683 1526 peccata,
1707 1495 1804 1526 quazn
1828 1486 1869 1516 ad
1894 1496 1964 1516 rem
1977 1488 2078 1517 utitur
2091 1487 2147 1516 mi-

1163 1528 1299 1558 nisterio
1326 1528 1437 1569 Legis.
1482 1527 1534 1558 Ac
1570 1538 1711 1558 necesse
1746 1534 1795 1559 est
1819 1529 1964 1559 existere
1989 1537 2147 1566 terrores,

1162 1571 1247 1601 sicut
1282 1571 1359 1601 dicit
1383 1570 1466 1601 leel:
1502 1571 1650 1602 Scindite
1686 1572 1789 1602 corda
1824 1578 1945 1602 vestra.
1992 1572 2031 1603 Et
2056 1571 2146 1602 Esai.

1161 1614 1224 1644 Ubi
1248 1613 1407 1645 habitabit
1432 1613 1616 1645 Dominus?
1640 1614 1674 1644 In
1697 1615 1815 1655 spiritu
1840 1616 1982 1646 contrito
2005 1621 2068 1646 etc.
2104 1614 2146 1645 Et

1161 1656 1250 1687 Esai.
1278 1657 1304 1687 l.
1350 1656 1500 1687 Desinite
1534 1667 1695 1698 perverse
1726 1668 1837 1699 agere.
1882 1657 1923 1689 Et
1946 1657 2068 1689 Ezech.
2096 1658 2145 1689 18.

1134 1724 1137 1735 2
1162 1699 1244 1730 Cum
1268 1701 1422 1731 averterit
1446 1711 1484 1730 se
1506 1700 1624 1741 impius
1648 1701 1690 1731 ab
1710 1701 1874 1742 impietate
1898 1711 1958 1732 sua
1982 1708 2044 1732 etc.
2075 1701 2147 1732 Nec

1161 1748 1270 1773 tamen
1305 1750 1449 1774 meretur
1473 1742 1634 1774 Centritio
1668 1745 1895 1775 remissionem
1920 1751 2145 1785 peccatorum,

1133 1798 1137 1820 ι
1161 1785 1229 1816 lmo
1252 1786 1314 1816 nisi
1339 1786 1422 1817 fides
1446 1787 1642 1824 accederet,
1680 1788 1831 1818 contritio
1862 1794 1893 1818 et
1919 1794 2065 1818 terrores·
2089 1788 2147 1817 ad-

1133 1824 1284 1859 'serrent
1318 1830 1584 1870 desperationem
1616 1836 1647 1860 et
1682 1836 1850 1861 aeternam
1884 1836 2032 1862 mortem.
2080 1830 2145 1861 Ne-

1161 1882 1258 1903 cesse
1282 1878 1332 1903 est
1356 1873 1455 1913 igitur
1478 1879 1510 1903 et
1534 1873 1574 1903 de
1598 1871 1702 1903 altera
1726 1879 1818 1914 parte
1832 1872 2004 1904 Ecclesias
2020 1874 2144 1910 doceri,

1159 1920 1194 1946 ut.
1228 1916 1369 1946 accedat
1398 1914 1596 1948 consolatio.
1662 1915 1772 1950 Quare
1806 1917 2059 1957 proponendum
2094 1922 2145 1947 est

1159 1957 1390 2000 Evangelium,
1414 1959 1444 1989 in
1465 1969 1530 2000 quo
1551 1959 1748 1999 promittitur
1766 1960 1917 1989 remissio
1930 1966 2145 2001 peccatorum

1159 2008 1296 2042 propter
1320 2001 1499 2040 Christum,
1522 2012 1607 2044 quae
1631 2012 1710 2033 vere
1729 2003 1773 2033 ita
1798 2003 1957 2040 donatur,
1982 2013 2055 2033 cum
2080 2002 2145 2033 fide

1157 2045 1332 2076 statuimus
1356 2046 1452 2076 nobis
1487 2056 1553 2076 nou
1589 2051 1725 2086 propter
1759 2045 1951 2086 dignitatem
1982 2051 2142 2081 nostram,

1158 2093 1213 2118 aut
1237 2098 1351 2128 opera,
1374 2095 1429 2119 aut
1454 2088 1603 2126 virtutes,
1627 2088 1687 2119 sed
1710 2095 1846 2129 propter
1870 2088 2058 2126 Christum,
2090 2088 2145 2129 qui

1157 2141 1218 2172 pro
1242 2132 1340 2161 nobis
1364 2129 1473 2162 sactus
1498 2137 1548 2162 est
1575 2132 1717 2169 victima,
1742 2132 1846 2173 gratis
1862 2132 1980 2162 remitti
1994 2137 2143 2172 peccata.

1159 2173 1309 2215 Suntque
1344 2174 1514 2205 docendae
1548 2174 1740 2212 Ecclesiae,
1771 2185 1811 2205 ne
1846 2174 1934 2205 aliud
1970 2179 2143 2217 quaerant,

1156 2223 1289 2257 praeter
1312 2216 1397 2248 hanc
1417 2217 1533 2255 fidem,
1564 2223 1598 2248 ut
1620 2224 1808 2248 mereantur
1820 2219 2048 2248 remissionem
2062 2228 2143 2258 pec-

1157 2266 1319 2291 catorum.
1365 2259 1579 2292 Conscientia
1609 2261 1695 2291 enim
1719 2260 1808 2292 solet
1830 2260 1916 2291 alias
1942 2259 2142 2292 consolatio-

1155 2312 1235 2341 nes,
1257 2309 1390 2344 praeter
1413 2303 1510 2334 fidem
1533 2314 1704 2345 quaerere.
1751 2303 1862 2339 Quare
1885 2314 1952 2335 non
1975 2304 2048 2334 sine
2072 2313 2142 2334 cer-

1156 2346 1279 2377 tamine
1301 2356 1424 2388 magno
1447 2352 1627 2377 revocatur
1650 2346 1692 2378 ad
1715 2346 1824 2378 fidem.
1880 2345 2060 2378 Discamus
2083 2346 2142 2388 igi-

1155 2393 1209 2420 tur
1241 2388 1338 2420 huius
1362 2389 1436 2420 fidei
1461 2390 1628 2428 exercitia,
1657 2390 1802 2421 sciamus
1821 2400 1893 2420 eam
1913 2399 1990 2420 esse
2012 2390 2141 2430 praeci·

1153 2442 1255 2472 puum
1278 2430 1399 2464 cultum
1423 2432 1503 2470 Dei,
1528 2438 1559 2463 et
1582 2433 1615 2463 in
1638 2433 1726 2463 omni
1748 2432 1958 2463 invocatione
1982 2442 2140 2464 exercen-

1154 2475 1242 2506 dam.
1277 2475 1415 2511 Quoties
1439 2476 1611 2517 incipimus
1634 2476 1804 2513 invocare,
1827 2475 1913 2506 haec
1936 2475 2028 2506 fides,
2043 2486 2140 2517 prae·

1153 2516 1278 2556 luceat,
1303 2519 1478 2550 credamus
1502 2520 1596 2549 nobis
1620 2519 1763 2560 ignosci,
1786 2529 1849 2549 nos
1863 2519 2007 2559 reputari
2020 2519 2139 2558 iustos,

1153 2570 1217 2592 nos
1248 2563 1396 2592 exaudiri
1428 2568 1564 2602 propter
1591 2561 1784 2593 Pontificem
1809 2560 1988 2592 Christum.
2034 2560 2082 2592 lta
2105 2562 2139 2592 in

1155 2604 1243 2635 omni
1275 2605 1485 2636 invocatione
1518 2603 1601 2636 haec
1635 2604 1730 2643 fides,
1764 2614 1829 2646 qua
1852 2604 2016 2637 credimus
2038 2605 2137 2636 nobis
