2383 2990
172 111 234 143 68⁷

172 207 326 245 nominis,
349 208 538 249 ubicunque
561 208 678 249 impiae
702 207 796 250 leges
820 208 1016 240 Pontificum
1038 207 1159 241 Roma-

171 260 290 282 norum
313 250 532 282 dominantur.
600 251 695 287 Quae
724 262 798 283 cum
822 251 1011 293 coniugium
1035 258 1159 284 vocant

171 294 418 332 immunditiem,
441 294 686 326 meminerimus
710 295 795 326 haec
818 293 982 326 virulenta
1007 295 1159 328 convicia

811 111 922 145 PHlL.
948 112 1051 145 MEL.
1076 112 1263 146 SCRtPTA
1287 113 1567 147 DOGMATICA.

2137 117 2202 151 688

1212 215 1300 248 cant,
1337 209 1390 241 An
1413 210 1442 241 si
1466 211 1636 243 sacerdoti
1658 211 1805 243 coniunx
1828 217 1959 243 mortua
1981 209 2097 250 fuerit,
2121 222 2199 245 eon-

1212 254 1388 291 eedamus,
1421 258 1456 285 ut
1490 256 1591 285 ducat
1623 253 1743 286 aliam?
1786 245 2019 287 Coiiceffinms.
2070 255 2201 288 Nemini

1211 297 1297 329 enim
1321 296 1442 328 idoneo
1466 295 1708 338 prohibendum
1730 303 1783 329 est
1800 299 2000 342 coniugium,
2024 304 2061 330 ut
2073 298 2198 332 Paulus

170 348 191 368 a
213 336 358 369 Diabolo
383 338 470 375 oriri,
497 338 581 369 sicut
604 336 728 370 Paulus
752 338 868 380 inquit,
895 337 1157 371 Prohibitionem
1181 350 1188 387 Ι
1210 340 1314 382 inquit
1336 340 1378 371 ad
1392 339 1540 372 Corinth.
1565 341 1607 372 de
1631 341 1754 372 viduis:
1778 341 1895 372 Sinon
1915 342 2096 380 continent,
2121 353 2199 375 con-

171 381 314 423 eoniugii
339 391 416 412 esse
439 381 624 413 doctrinam
654 381 915 414 daemoniorum.
962 382 1034 413 Hos
1057 383 1158 426 igitur

170 423 326 455 Canones
347 435 421 455 cum
444 425 589 456 sciamus
615 435 692 456 esse
705 425 876 457 doctrinas
895 425 1156 465 daemoniorum,

169 465 272 498 deleri
296 477 436 509 prorsus
457 469 614 509 oportuit,
637 467 805 510 prohiberi
819 479 923 511 vagas
936 467 1103 508 libidines,
1123 475 1156 501 et

168 511 261 542 reddi
275 510 464 553 coniugium
477 512 720 551 sacerdotibus,
733 518 768 544 ut.
781 518 875 544 caste
887 513 1000 544 vivere
1013 513 1155 554 possint,

167 560 200 585 et
220 555 307 586 bona
319 555 523 586 conscientia
535 554 643 587 Deum
663 556 832 595 invocare,
856 561 888 587 et
906 555 998 598 fungi
1018 566 1156 588 munere

167 598 310 629 omnium
334 608 462 630 summo
498 605 530 630 et
553 597 759 638 difficillimo,
786 598 1009 641 explicatione
1032 600 1154 632 doctri-

166 651 230 672 nae
254 647 286 673 et
310 642 552 683 gubernatione
580 641 764 674 Ecclesiae.
835 642 939 674 Recte
972 644 1059 675 enim
1094 642 1155 674 Pa-

167 684 336 725 phnutiuS,
372 685 427 727 qui
463 686 521 723 ait,
559 686 737 729 coniugum
773 687 1047 718 consuetudinem
1077 696 1156 719 esse

166 729 361 760 castitatem.

466 879 604 920 Tertia
651 878 852 920 Obiectio.

252 988 411 1021 Fatentur
434 989 567 1031 quidam
591 988 669 1031 eligi
693 998 795 1029 posse
818 990 955 1020 maritos
979 990 1021 1021 ad
1034 999 1153 1022 munus

165 1033 389 1071 sacerdotum,
414 1033 473 1064 sed
497 1031 645 1064 coelibes
670 1031 798 1064 electos
822 1038 944 1074 negant
966 1038 1045 1074 post
1067 1033 1154 1064 ordi-

164 1076 331 1108 nationem
365 1086 468 1118 posse
502 1077 626 1107 ducere
658 1085 795 1107 uxores.
863 1076 942 1107 Seio
965 1075 1030 1108 hoe
1054 1077 1154 1108 obiici

165 1119 303 1158 nostris,
337 1121 397 1151 sed
431 1125 484 1151 est
507 1118 611 1151 futilis
630 1125 662 1150 et
685 1119 794 1151 inanis
818 1118 996 1151 cavillatio.
1063 1118 1153 1151 Nihil

165 1164 251 1195 enim
275 1174 316 1195 ex
349 1161 558 1204 Apostolicis
581 1162 686 1194 literis
710 1161 852 1205 proferri
874 1168 987 1205 potest
1013 1164 1056 1194 ad
1080 1174 1152 1195 eam

164 1206 435 1238 confirmandam.
491 1206 532 1237 Et
551 1205 687 1238 refutari
712 1205 804 1238 clare
826 1213 975 1239 veterum
999 1206 1153 1248 Synodo-

163 1261 235 1282 rum
259 1251 434 1282 sententiis
458 1255 579 1291 potest.
624 1249 747 1281 Distin.
771 1250 825 1282 28.
850 1250 882 1281 in
907 1261 978 1292 cap.
998 1248 1152 1289 Diaconi‚

163 1294 269 1335 iuquit
303 1293 461 1336 Synodus
497 1293 690 1336 Ancyrana,
722 1292 894 1325 Diaconos
927 1293 1093 1333 coelibes,
1123 1295 1153 1326 si

164 1344 284 1380 pos-tea
319 1338 427 1369 evecti
451 1338 493 1369 ad
525 1337 665 1379 gradum
695 1337 901 1378 superiorem
926 1337 1049 1369 ducant
1071 1348 1152 1369 uxo-

164 1391 233 1419 res,
258 1381 512 1413 concedendum
535 1391 624 1418 esse,
643 1381 706 1412 nisi
731 1386 842 1412 votum
862 1379 1002 1412 fecerint
1027 1391 1066 1412 se
1085 1392 1152 1413 non

163 1425 324 1456 ducturos
348 1435 482 1456 uxores.
529 1423 624 1456 Tunc
647 1424 733 1455 enim
757 1422 896 1455 liberum
921 1430 992 1456 erat
1005 1423 1151 1464 cuilibet,

162 1467 275 1500 facere
294 1473 349 1500 aut
371 1478 437 1499 non
467 1467 579 1500 facere
602 1473 727 1499 votum.
773 1467 937 1499 Concedit
961 1479 1043 1511 ergo
1066 1469 1153 1511 Syn-

169 1512 254 1543 odus
285 1512 446 1543 ordinatis
479 1512 603 1543 ducere
632 1521 768 1542 uxores.
814 1511 855 1542 Et
878 1511 933 1543 hic
957 1522 1029 1544 mos
1053 1512 1153 1544 hodie

163 1561 274 1587 manet
297 1556 329 1586 in
354 1555 486 1587 Graeca
504 1554 670 1586 Ecclesia.
701 1554 839 1586 Ducunt
860 1565 986 1587 uxores
1007 1556 1153 1598 Presby-

162 1599 225 1630 teri
249 1599 346 1630 etiam
370 1604 445 1641 post
469 1599 722 1631 ordinationem.
759 1598 860 1640 ldque
883 1598 1005 1631 fatetur
1028 1599 1153 1631 dictum

163 1641 247 1673 Dist.
267 1642 318 1673 31.
342 1643 399 1674 ubi
423 1642 558 1684 legitur:
583 1640 771 1673 Orientales
796 1642 827 1672 in
852 1642 959 1673 sacris
979 1643 1152 1673 ordinibus

168 1685 379 1727 copulantur,
412 1688 467 1718 ubi
503 1684 630 1717 Glossa
654 1684 825 1717 ridiculam
847 1685 1152 1727 interpretationem

164 1728 307 1771 affingit,
333 1728 554 1770 Copulautur,
579 1729 611 1760 id
636 1735 699 1767 est,
725 1727 882 1770 copulato
906 1735 1052 1760 utuntur.
1085 1729 1152 1760 Sed

163 1784 230 1805 non
254 1779 306 1805 est
329 1774 485 1804 inusitata
509 1773 593 1805 haec
616 1772 800 1815 sophistica
823 1773 854 1803 iu
875 1771 1005 1804 illorum
1018 1771 1152 1815 glossis.

252 1860 347 1891 Unde
383 1861 483 1903 igitur
505 1859 590 1891 haec
614 1860 789 1901 persuasio
815 1864 888 1890 orta
912 1866 981 1897 est,
1017 1865 1052 1891 ut
1075 1865 1151 1901 post

164 1904 403 1935 ordinationem
427 1903 534 1934 nolint
558 1904 745 1935 concedere
769 1903 980 1945 coniugium?
1031 1902 1153 1934 Roma-

164 1959 205 1978 na
225 1946 390 1990 Tyrannis
414 1954 483 1985 est,
518 1957 604 1989 quae
627 1952 660 1978 ut
683 1952 761 1987 post.
785 1946 1025 1977 ordinationem
1051 1946 1154 1977 ‹livul-

164 1992 206 2022 sit
229 1991 387 2033 coniugia
412 1996 537 2028 vetera„
563 1992 605 2021 ita
629 2001 694 2021 non
710 1990 878 2021 concessit
893 2000 997 2020 nova:
1024 1989 1153 2020 Deinde

165 2034 261 2065 etiam
280 2035 407 2076 pariter
431 2044 547 2065 omnes
572 2034 685 2075 adegit
708 2035 751 2065 ad
774 2034 974 2065 vovendum.
1006 2033 1085 2064 Scio
1111 2034 1152 2064 ab

164 2078 379 2116 adversariis,
403 2078 458 2119 qui
482 2077 587 2108 literis
612 2077 695 2108 luris
720 2077 879 2118 pontificii
904 2082 1073 2118 utcunque
1098 2077 1153 2107 im-

164 2122 231 2153 buti
269 2127 357 2156 sunt,
389 2132 462 2152 cum
482 2120 640 2151 historias
665 2119 776 2151 nullas
800 2120 926 2158 norint,
962 2130 1063 2161 saepe
1087 2118 1153 2150 hoe

164 2166 287 2196 dictum
309 2164 444 2196 iactari:
468 2163 576 2195 Posse
600 2163 676 2205 eligi
700 2164 837 2195 maritos
862 2164 1070 2201 sacerdotes,
1093 2163 1152 2194 sed

166 2219 231 2239 non
256 2218 359 2250 posse
383 2207 536 2245 concedi,
560 2213 595 2238 ut
618 2206 714 2238 electi
741 2207 888 2239 coelibes
920 2212 998 2248 post
1023 2207 1153 2238 ordina-

165 2253 287 2284 tionem
311 2253 433 2284 dueant
457 2261 605 2282 uxorem.
637 2251 704 2281 Sed
731 2251 757 2281 si
782 2261 925 2292 quaeras
945 2250 1072 2281 firmam
1097 2260 1153 2280 au-

164 2296 333 2326 toritatem
355 2295 455 2327 liuius
478 2295 567 2332 dicti,
592 2293 671 2325 nihil
695 2304 736 2325 ex
762 2295 867 2326 saeris
887 2293 991 2325 literis
1010 2293 1153 2335 proferri

162 2344 287 2380 potest.
355 2338 397 2369 Et
432 2338 599 2370 contraria
635 2336 789 2380 exempla
814 2344 929 2369 vetera
953 2343 985 2369 et
1008 2338 1152 2368 recentia

180 2383 319 2414 *ri-aecae
343 2381 521 2414 Ecclesiae
544 2383 666 2424 opponi
686 2387 839 2423 possunt.
885 2381 960 2412 Nou
985 2381 1154 2419 igiturde-

166 2426 282 2457 terreri
317 2436 380 2457 nos
411 2436 430 2456 a
466 2426 604 2457 veritate
639 2426 788 2456 sinamus
818 2425 907 2456 inani
932 2413 1155 2462 cavillatione,

166 2480 251 2512 quae
270 2480 336 2500 non
361 2468 494 2500 aliunde
517 2469 580 2500 nisi
604 2479 643 2501 ex
667 2469 790 2500 iniusto
815 2478 907 2500 more
930 2467 1156 2500 Romanorum

167 2512 360 2555 pontificum
385 2518 459 2544 orta
482 2518 545 2544 est.

257 2599 429 2636 Quaerunt
453 2599 551 2631 etiam
576 2599 762 2631 adversarii
787 2599 829 2631 de
852 2598 1012 2641 digamis,
1041 2602 1077 2628 ut
1100 2607 1157 2628 vo-

1178 2394 1185 2634 t

1210 384 1343 415 trahant
1366 384 1533 426 coniugia.
1579 383 1621 415 Et
1645 385 1738 416 alibi:
1773 384 1861 415 Volo
1891 385 2036 416 iuniores
2060 387 2198 418 nubere.

1209 427 1263 458 Ab
1277 426 1328 457 his
1353 425 1478 469 regulis
1501 437 1568 458 non
1583 427 1821 459 discedendum
1833 434 1897 459 est.
1931 427 2003 460 Nec
2027 435 2122 461 vetus
2135 429 2197 461 Ec-

1210 469 1315 502 clesia
1330 469 1463 502 Graeca
1486 470 1667 511 prohibuit,
1692 481 1759 513 quo
1783 471 1890 502 minus
1915 472 2088 511 sacerdos,
2112 483 2198 504 mor-

1209 519 1265 545 tua
1287 523 1413 552 uxore,
1450 512 1547 545 aliam
1579 514 1733 552 duceret,
1768 515 1829 545 sed
1861 515 2034 546 ducentem
2058 516 2198 548 removit

1208 568 1228 589 a
1250 557 1443 588 ministerio.
1489 557 1525 589 ld
1550 567 1617 588 non
1640 563 1691 588 est·
1714 567 1855 588 necesse
1878 557 1960 596 fieri,
1985 558 2046 589 sed
2070 557 2127 591 illa
2144 569 2198 591 ae-

1208 606 1260 632 tas
1284 600 1427 642 quadam
1449 601 1686 642 superstitione
1710 601 1867 632 secundis
1890 601 2012 642 nuptiis
2030 603 2128 634 etiam
2140 601 2199 634 lai-

1209 654 1324 675 corum
1348 642 1408 676 fult
1430 644 1583 686 iniquior,
1606 650 1642 675 ut
1665 654 1705 675 ex
1717 642 1923 676 Tertulliano
1948 645 1981 675 iu
2005 644 2198 678 Laodicena

1209 686 1347 729 Synodo
1378 694 1531 728 apparet:
1566 687 1678 723 Quare
1706 697 1773 719 non
1804 693 1855 718 est
1884 689 2001 719 mirum
2031 689 2196 721 duriorem

1208 729 1316 762 fuisse
1339 731 1573 762 sacerdotibus
1608 731 1640 762 in
1664 729 1729 762 hoc
1753 741 1848 762 casu.
1893 730 1963 763 Cur
1993 738 2104 763 autem
2127 733 2196 764 ido-

1208 783 1305 805 neum
1340 774 1524 806 ministrum
1558 775 1602 805 ab
1638 772 1750 806 ostieio
1783 784 2031 806 removeremus
2060 781 2198 817 propter

1207 816 1297 848 hanc
1320 827 1467 856 causam,
1504 828 1579 849 cum
1612 818 1778 859 scriptura
1800 817 1997 858 Apostoliea
2032 819 2197 850 concedat

1208 860 1237 891 ei
1261 860 1429 892 secundas
1463 861 1609 902 nuptiaS,
1643 867 1679 892 ut.
1708 861 1796 892 dicta.
1818 859 1912 892 Pauli
1944 867 2127 900 testantur,
2162 867 2197 894 et

1208 904 1397 945 coniugium
1421 903 1464 934 sit
1489 914 1597 946 genus
1609 904 1696 936 vitae
1712 905 1801 946 pium
1821 915 1862 935 ac
1879 903 2073 937 laudatum?
2097 904 2197 941 Quod

1207 946 1291 978 enim
1317 947 1437 978 dicitur
1455 948 1496 978 ad
1520 947 1729 979 Timotheum
1753 953 1785 979 et
1807 948 1850 979 ad
1873 946 1999 979 Titum:
2024 947 2075 979 Sit
2097 948 2195 981 unius

1206 990 1318 1021 uxoris
1353 990 1422 1027 vir,
1456 989 1526 1022 vult
1560 989 1685 1022 Paulus
1718 990 1896 1023 honestum
1930 991 2083 1022 maritum
2116 1001 2196 1023 esse

1206 1039 1397 1064 contentum
1422 1035 1564 1076 coniuge
1587 1044 1660 1065 sua.
1704 1033 1780 1065 Non
1803 1033 1974 1076 probibet,
1996 1044 2064 1076 quo
2086 1035 2194 1067 minus

1205 1077 1316 1118 priore
1329 1082 1468 1115 mortua,
1487 1078 1587 1109 ducat
1598 1076 1708 1109 aliam.
1735 1077 1820 1108 Nam
1833 1083 1865 1108 et
1876 1078 1919 1115 is,
1931 1080 1988 1119 qui
1999 1078 2195 1117 secundam,

1204 1121 1316 1161 priore
1328 1126 1472 1159 mortua,
1497 1121 1598 1159 ducit,
1624 1126 1675 1151 est
1686 1121 1784 1152 unius
1797 1121 1912 1152 uxoris
1925 1121 1987 1159 vir,
2010 1121 2039 1151 si
2053 1122 2195 1164 coniuge

1206 1174 1267 1194 sua
1276 1170 1454 1195 contentus
1462 1170 1525 1195 est.
1551 1163 1646 1199 Quae
1654 1170 1744 1195 esset
1758 1164 1922 1205 impietaS‚
1937 1170 2074 1205 propter
2081 1174 2196 1205 super-

1205 1207 1369 1238 stitiosam
1392 1208 1601 1239 traditionem
1626 1208 1766 1239 idoneos
1790 1206 1959 1238 Doctores
1978 1217 2152 1239 removere
2176 1218 2195 1240 a

1204 1249 1387 1289 functione,
1411 1261 1486 1282 cum
1508 1261 1630 1293 magna
1654 1252 1782 1282 iactura
1805 1249 2058 1283 Ecclesiarum‘3
2081 1249 2195 1282 Multis

1206 1294 1292 1325 enim
1315 1294 1449 1325 omnino
1479 1294 1624 1326 defuturi
1648 1300 1762 1325 essent
1784 1299 1940 1335 pastores
1969 1293 2022 1325 his
2046 1294 2195 1332 remotis,

1205 1336 1328 1369 alieubi
1351 1344 1612 1380 surrogarentur
1640 1339 1748 1369 minus
1777 1337 1897 1368 idonei.
1944 1336 2063 1379 Longe
2087 1343 2196 1369 autem

1204 1379 1455 1412 anteferendum
1492 1387 1545 1412 est
1566 1380 1784 1412 ministerium
1807 1380 1980 1423 Evangelii
2010 1381 2061 1411 his
2095 1381 2194 1413 tradi-

1206 1424 1356 1456 tionibus
1381 1425 1532 1456 humanis
1556 1434 1622 1455 non
1646 1424 1859 1456 necessariis.

1502 1633 1657 1685 Quarta
1691 1633 1889 1674 Obiectio.

1294 1768 1472 1801 Cavillatio
1508 1776 1559 1800 est
1594 1770 1729 1811 indigna
1753 1767 1961 1806 refutatione,
1996 1768 2056 1799 sed
2086 1773 2196 1800 tamen

1206 1814 1387 1845 recitanda.
1434 1812 1545 1855 Reges
1575 1819 1715 1855 possunt
1752 1813 1793 1843 de
1823 1813 1925 1842 rebus
1956 1810 2099 1852 politicis
2133 1821 2196 1842 suo

1205 1858 1326 1889 iudicio
1351 1857 1486 1888 decreta
1515 1855 1638 1887 facere.
1685 1855 1931 1887 Matrimonium
1961 1862 2013 1886 est
2037 1864 2092 1886 res
2115 1852 2196 1896 poli-

1205 1901 1287 1932 tica:
1319 1899 1410 1942 Ergo
1433 1899 1584 1943 Regibus
1608 1898 1684 1930 licet
1708 1899 1749 1930 de
1774 1909 1814 1930 eo
1840 1899 1974 1930 decreta
1998 1896 2112 1929 facere
2134 1907 2196 1929 suo

1205 1944 1337 1975 iudiciO.
1386 1943 1427 1974 Ut
1452 1943 1524 1974 Rex
1548 1949 1659 1985 potest
1694 1949 1821 1973 tautum
1845 1940 1995 1972 coelibes
2026 1941 2197 1972 ministros

1206 1989 1237 2019 in
1261 1987 1369 2018 aulam
1394 1988 1584 2024 admittere,
1621 1987 1670 2017 sie
1694 1986 1824 2016 videtur
1853 1995 1955 2025 posse
1980 1984 2196 2022 constituere,

1206 2038 1240 2063 ut
1265 2037 1391 2061 tantum
1423 2029 1572 2061 coelibes
1602 2030 1749 2071 praesint
1780 2027 1955 2059 Ecclesiis.
2001 2027 2120 2058 Brevis
2146 2037 2197 2058 re-

1205 2075 1345 2115 sponsio
1370 2080 1439 2112 cst,
1473 2073 1582 2104 Maior
1612 2072 1765 2113 neganda
1788 2079 1852 2102 est:
1890 2070 2000 2113 Reges
2023 2071 2110 2101 enim
2134 2080 2198 2102 nec

1207 2119 1247 2149 de
1267 2116 1412 2159 politicis
1436 2118 1537 2148 rebus
1561 2117 1696 2147 decreta
1722 2125 1783 2147 suo
1806 2115 1926 2146 iudicio
1951 2112 2198 2156 qualiacunque

1206 2162 1354 2192 condere
1377 2166 1535 2202 possunt,
1560 2161 1619 2191 sed
1644 2159 1765 2190 delient
1789 2159 1893 2189 iustas
1917 2157 2014 2199 leges
2039 2158 2197 2195 condere,

1209 2211 1239 2237 et
1265 2204 1358 2246 sequi
1383 2204 1538 2235 iudicium
1561 2202 1644 2239 Dei,
1670 2201 1837 2239 videlicet.
1862 2211 1903 2232 ne
1928 2201 2073 2232 condant
2102 2199 2196 2242 leges

1205 2254 1396 2290 pugnantes
1420 2258 1495 2279 eum
1518 2247 1681 2278 mandatis
1704 2245 1777 2277 Dei.
1824 2244 1961 2276 Politica
1987 2254 2042 2275 res
2073 2249 2125 2274 est
2148 2242 2196 2275 fo-

1207 2302 1304 2323 rense
1327 2291 1493 2327 iudicium,
1517 2290 1575 2321 sed
1592 2290 1742 2332 Regibus
1763 2299 1827 2319 non
1842 2287 1918 2319 licet
1931 2287 2025 2329 leges
2040 2287 2196 2325 condere,

1207 2342 1241 2366 ut
1256 2335 1357 2366 ludex
1371 2335 1483 2375 puniat
1495 2334 1719 2370 innocentem,
1742 2333 1814 2363 sine
1833 2331 1980 2374 legitima
1993 2330 2195 2371 cognitione.

1207 2379 1317 2410 Habet
1340 2388 1420 2409 suas
1444 2383 1549 2409 metas
1570 2377 1698 2417 Regum
1722 2376 1881 2416 potentia,
1905 2384 1968 2406 uec
2000 2379 2108 2404 sumat
2133 2373 2197 2404 sibi

1207 2421 1376 2454 licentiam
1400 2426 1515 2452 contra
1545 2421 1701 2452 mandata
1724 2418 1787 2450 Dei
1813 2418 1937 2460 aliquid
1961 2417 2195 2449 constituendi.

1209 2465 1378 2497 Pel-tinent
1412 2465 1454 2495 ad
1489 2464 1582 2505 ipsos
1613 2472 1745 2505 quoque
1773 2462 1882 2493 minae
1906 2460 2090 2492 coelestes:
2124 2459 2197 2491 Vae

1209 2509 1306 2541 vobis
1325 2509 1357 2539 vi
1382 2508 1528 2539 scribitis
1552 2506 1646 2549 leges
1670 2507 1809 2548 iniquas.
1858 2505 1927 2537 Nee
1951 2502 2137 2544 exemplum
2155 2503 2196 2534 de

1209 2551 1326 2584 aulicis
1346 2551 1665 2583 accommodandum
1689 2556 1741 2581 est
1764 2550 1805 2581 ad
1830 2554 2025 2590 perpetuum
2051 2545 2196 2577 coeliba-

1211 2601 1295 2627 tum:
1319 2595 1443 2627 Iniusta
1466 2593 1519 2626 lex
1545 2600 1578 2626 et
1600 2595 1684 2625 haee
1707 2599 1813 2630 esset,
1845 2593 1876 2624 Si
1900 2591 2013 2634 Reges
2042 2589 2195 2631 prohibe-
