2383 2990
183 135 248 168 479
812 131 921 164 PHIL.
945 131 1049 164 MEL.
1072 131 1260 164 SCRiPTA
1281 131 1561 164 DOGMATICA.
2146 133 2212 167 480

183 232 295 262 siones
318 229 484 271 lapsuum,
508 230 596 260 iuxta
621 228 759 259 dictum:
785 227 847 263 Qui
862 232 950 258 amat
972 226 1167 268 periculum,

182 275 302 317 peribit
337 275 370 304 in
404 284 455 304 eo.
503 272 601 309 ltem,
638 271 803 302 Accnrate
825 269 1008 308 ambulate,
1044 281 1109 302 non
1133 276 1169 302 ut

184 317 274 350 fatui.
320 317 361 347 Et.
392 316 551 347 Proverb.
577 314 629 346 30.
655 315 761 345 Omne
792 315 930 345 verbum
954 313 1017 344 Dei
1046 324 1167 356 purga-

183 368 251 393 tum
277 360 417 402 clypeus
449 365 499 390 est
528 359 740 399 sperantibus
770 358 802 388 in
826 359 944 398 ipsum.
990 356 1030 388 Et
1057 356 1169 388 Domi-

184 415 246 436 nus
271 405 389 445 inquit:
415 403 526 439 Orate,
546 412 587 432 ne
610 402 737 432 intretis
762 402 792 432 in
814 401 1039 431 tentationem.
1086 400 1169 432 Cum

183 449 282 489 igitur
296 445 420 477 Paulus
444 447 562 487 inquit:
588 446 621 477 Si
637 445 760 486 Spiritu
784 445 932 475 actiones
953 445 1062 475 carnis
1082 454 1168 474 mor-

184 490 399 527 tificaveritis,
423 490 553 524 vivetis,
580 495 756 529 utrumque
781 489 890 525 docet,
910 487 949 518 Et
964 487 1083 518 effundi
1098 487 1170 528 Spi-

184 536 280 566 ritum
311 539 479 570 sanctum,
509 533 536 563 si
569 543 634 563 non
659 542 882 573 repugnemus
908 531 1169 562 dubitationibus

186 584 217 609 et
241 578 352 618 praxis
377 576 568 614 affectibus,
594 582 624 606 et
649 576 815 617 quomodo
839 575 1091 617 repugnandum
1113 575 1169 605 sit:

185 621 343 653 discernit
366 619 487 660 Ioseph
510 625 542 650 et
561 619 757 659 Scipionem.

272 707 380 748 Scipio
416 705 659 746 pulchritudine
693 705 841 742 virtutis,
876 714 974 745 quam
1007 704 1091 735 ratio
1121 708 1170 734 ut·

186 761 317 792 cunque
341 749 513 790 intelligit,
548 754 716 786 movetur,
750 754 784 779 ut
808 749 970 779 abstineat
996 748 1037 778 ab
1061 746 1170 778 aliena

186 804 329 836 sponsa,
364 799 395 824 et
422 793 479 824 illa
503 793 588 823 actio
614 798 664 823 est
690 792 845 833 cogitatio
871 791 1008 821 rationis
1033 788 1168 821 frenans

185 844 341 869 externos
377 843 511 879 gestus,
542 846 626 878 quae
654 840 762 866 tamen
794 841 960 875 utcunque
994 834 1170 864 adiuvatur

184 881 320 912 heroica
354 887 494 911 naturae
528 878 750 910 inclinatione.
797 879 863 909 Sed
894 876 1014 918 loseph
1045 877 1170 918 cogitat

181 925 370 956 mandatum
394 923 470 961 Dei,
495 933 557 954 nec
577 921 646 953 vult
669 921 778 952 Deum
802 921 987 958 offendere,
1011 930 1073 950 nec
1097 917 1169 951 vult.

182 968 326 999 abiicere
354 972 564 1008 praesentem
594 966 752 1007 gratiam,
787 975 849 995 nec
874 964 1073 994 contristare
1097 963 1170 1004 Spi-

181 1012 279 1042 ritum
314 1018 482 1047 sanctum,
518 1019 579 1039 nec
614 1018 792 1039 accersere
823 1017 961 1047 poenas·

181 1055 279 1096 igitur
314 1055 354 1085 ab
390 1053 499 1084 aliena
522 1059 657 1093 propter
681 1050 886 1082 voluntatem
911 1050 986 1087 Dei,
1012 1055 1044 1080 et
1068 1048 1170 1080 refert

182 1108 275 1129 suam
300 1097 533 1128 abstinentiam
557 1096 599 1126 ad
624 1094 762 1137 gloriam
787 1094 863 1132 Dei,
886 1104 928 1125 ne
950 1093 1044 1125 Deus
1069 1093 1170 1124 offen-

183 1143 290 1179 datur,
316 1147 347 1171 et
370 1151 412 1170 ne
437 1140 588 1170 doctrina
614 1137 783 1169 scandalis
809 1137 1021 1169 deformetur.
1067 1135 1171 1167 Simul

183 1186 280 1216 etiam
317 1189 390 1215 orat
420 1193 457 1214 se
481 1183 551 1224 regi
581 1193 600 1213 a
631 1181 724 1219 Deo,
759 1187 791 1212 et
826 1182 940 1212 statuit
969 1191 1006 1211 se
1036 1179 1171 1221 placere

182 1228 270 1266 Deo,
296 1234 326 1259 et
352 1227 501 1258 exaudiri
527 1237 621 1257 suam
645 1226 828 1256 orationem
851 1231 988 1265 propter
1011 1223 1171 1255 Mediato-

182 1282 262 1303 rem.
308 1271 370 1301 Est
389 1271 487 1311 igitur
510 1270 596 1301 actio
622 1268 753 1310 loseph,
774 1279 839 1299 non
863 1274 989 1299 tantum
1014 1268 1100 1298 actio
1121 1277 1171 1298 ra-

182 1315 293 1352 tionis,
318 1315 377 1345 sed
401 1313 469 1352 lux,
494 1324 591 1355 quam
612 1313 725 1344 Verbo
750 1311 851 1343 Filius
876 1311 940 1342 Dei
964 1312 997 1342 in
1025 1312 1098 1352 ipso
1123 1310 1172 1341 lo-

182 1358 266 1399 seph
290 1358 455 1394 accendit,
474 1363 507 1388 ut
533 1362 689 1388 cernatur
710 1354 866 1387 voluntas
891 1354 964 1393 Dei,
995 1360 1027 1386 et
1052 1360 1103 1385 est
1125 1355 1172 1386 in-

185 1403 337 1433 cendium
362 1401 505 1442 Spiritus
530 1401 638 1431 sancti
662 1400 695 1430 in
720 1400 832 1437 corde,
857 1409 922 1440 quo
946 1404 1098 1429 movetur
1122 1397 1172 1428 lo-

184 1445 285 1487 seph,
308 1451 344 1476 ut
368 1445 499 1476 obediat
524 1443 616 1482 Deo,
650 1448 684 1474 et
707 1442 934 1481 confirmatur,
957 1452 1000 1474 ne
1022 1440 1172 1482 pericula

184 1490 409 1532 pertimescat.

1308 226 1405 268 Nego
1440 227 1714 267 consequentiam
1748 232 1780 258 et
1816 228 1900 259 ratio
1936 232 1999 266 est,
2035 227 2120 264 Quia
2143 239 2210 261 non

1223 270 1377 310 congruit
1401 268 1589 309 exemplum
1602 269 1693 300 Fidei
1706 269 1913 302 Daemonum
1937 271 1979 302 ad
1994 271 2120 310 Fidem,
2145 282 2211 313 qua

1222 312 1440 343 iustificantur
1462 311 1623 350 homines,
1647 313 1707 343 sed
1730 312 1856 344 infinita
1869 313 2051 345 differentia
2064 321 2124 346 est.
2161 315 2212 346 Fi-

1222 355 1294 393 des,
1314 354 1422 396 qualis
1447 361 1498 385 est
1521 356 1553 386 in
1566 354 1732 394 Diabolis,
1756 362 1807 387 est
1830 356 1955 395 mutila,
1978 358 2055 399 quia
2078 358 2142 389 etsi
2160 364 2212 390 est
2264 396 2268 399 ῃ

1224 405 1314 429 certa
1338 398 1453 429 notitia
1476 397 1647 436 historiae,
1660 398 1775 441 Legis,
1795 401 1876 438 irae,
1893 406 1925 431 et
1937 401 2066 432 venturi
2086 401 2209 440 iudicii,

1222 448 1333 472 tamen
1356 452 1422 472 non
1447 442 1674 473 assentiuntur
1698 443 1921 483 promissioni,
1946 455 2020 475 cum
2033 445 2139 475 sciant
2152 444 2211 475 Di-

1222 483 1309 515 aboli
1336 495 1407 515 eam
1430 495 1496 516 non
1521 486 1686 526 pertinere
1710 487 1752 517 ad
1772 496 1861 524 sese,
1885 487 1944 517 sed
1958 493 2084 518 tantum
2097 488 2139 518 ad
2152 488 2211 519 ho-

1223 529 1340 566 mines,
1364 528 1454 559 iuxta
1477 529 1599 559 dictum
1614 528 1780 572 Symboli:
1805 529 1946 571 Propter
1969 540 2033 561 nos
2046 530 2210 570 homines,

1224 577 1256 602 et
1289 577 1425 612 propter
1459 578 1608 603 nostram
1642 572 1784 604 salutem
1814 574 1988 605 descendit
2023 574 2064 604 de
2093 573 2210 605 coelis.

1224 613 1309 649 Quia
1332 621 1441 646 autem
1465 622 1585 646 norunt
1610 615 1754 654 Diaboli,
1790 627 1869 647 vere
1893 617 2035 648 iudicem
2059 627 2136 648 esse
2158 617 2212 649 Fi-

1223 655 1301 688 lium
1325 657 1402 695 Dei,
1437 665 1470 689 et
1504 668 1541 689 se
1571 657 1702 690 futuros
1737 669 1815 691 esse
1848 660 1881 690 in
1913 660 2030 701 poenis
2054 661 2211 699 aeterniS,

1224 700 1306 731 haec
1327 702 1442 732 notitia
1465 702 1574 733 iudicii
1598 709 1629 733 et
1652 704 1733 740 irae,
1757 713 1823 744 quo
1848 704 1969 734 certior
1993 708 2055 741 est,
2081 714 2120 735 eo
2143 710 2211 735 tru-

1224 742 1390 774 culentius
1411 745 1533 783 odium,
1556 745 1787 776 horribiliores
1812 745 1965 785 dolores,
1991 752 2023 777 et
2046 747 2210 778 tristiores

1222 787 1372 860 f1·eiiilitus
1397 788 1562 820 adversus
1586 788 1706 828 Deum,
1728 795 1761 820 et
1783 790 1951 821 adversus
1964 788 2133 822 Christum
2156 800 2211 821 ae-

1223 840 1298 861 cen(
1312 836 1344 861 it.

1312 915 1379 947 Sed
1411 916 1505 955 fides,
1531 928 1596 959 qua
1620 918 1720 949 homo
1747 918 1955 956 iustificetur,
1980 924 2034 950 est
2056 919 2212 951 assentiri

1224 960 1313 991 omni
1336 961 1441 992 verbo
1460 960 1523 991 Dei
1547 961 1644 992 nobis
1669 962 1802 1000 tradito,
1821 969 1921 1003 atque
1946 962 1991 993 ita
2015 968 2047 993 et
2070 963 2212 1003 promis-

1013 1006 1171 1037 Abstinet
1223 1004 1310 1034 sioni
1334 1005 1470 1045 gratiae,
1495 1005 1547 1035 cui
1571 1005 1760 1035 assentiens
1785 1006 1889 1036 cernit
1901 1015 1967 1036 non
1981 1011 2106 1036 tantum
2118 1006 2213 1044 iram,

1223 1048 1284 1078 sed
1318 1048 1581 1078 misericordiam
1615 1054 1752 1088 propter
1775 1047 1894 1079 Filium
1928 1049 2146 1089 promissam,
2179 1054 2213 1080 et

1223 1091 1409 1132 acquiescit
1433 1091 1464 1121 in
1489 1091 1562 1122 Deo
1586 1099 1723 1132 propter
1746 1090 1834 1122 hunc
1858 1091 2086 1123 Mediatorem.
2133 1092 2212 1123 Ideo

1223 1134 1374 1165 addimus
1406 1133 1439 1165 in
1464 1134 1672 1173 definitione,
1708 1140 1739 1165 et
1772 1141 1825 1166 est
1849 1135 1968 1166 fiducia
1991 1136 2214 1176 acquiescens

1223 1178 1257 1208 in
1281 1177 1353 1208 Deo
1377 1184 1515 1219 propter
1538 1177 1766 1216 Mediatorem,
1791 1179 1958 1209 accedens
1982 1178 2025 1209 ad
2058 1189 2144 1216 eum,
2180 1184 2214 1210 et

1225 1227 1316 1251 recte
1350 1221 1513 1252 invocans
1537 1228 1569 1252 et
1594 1220 1742 1252 clamans
1767 1222 1864 1252 Abba
1888 1227 1992 1262 pater.
2039 1221 2117 1252 Ideo
2142 1231 2215 1253 sae-

1224 1275 1266 1305 pe
1291 1265 1442 1303 dicimus,
1468 1265 1581 1295 Fidem
1607 1264 1783 1306 complecti
1807 1275 1924 1296 omnes
1948 1263 2107 1296 articulos
2126 1264 2214 1304 fidei,

1225 1313 1257 1338 et
1291 1307 1461 1339 historiam
1497 1307 1706 1339 referendam
1740 1318 1817 1339 esse
1847 1309 1889 1339 ad
1913 1307 2002 1338 hunc
2025 1307 2214 1339 articulum:

1226 1350 1335 1382 Credo
1360 1351 1588 1382 remissionem
1612 1357 1839 1392 peccatorum,
1862 1350 1991 1383 scilicet
2009 1357 2215 1383 nontantum

1225 1393 1299 1425 aliis
1335 1394 1418 1432 dari,
1452 1395 1513 1425 sed
1547 1394 1624 1425 mihi
1658 1404 1800 1436 quoque.
1848 1394 1941 1425 Haec
1970 1394 2053 1425 fides
2078 1395 2110 1425 in
2133 1405 2215 1426 vera

1227 1436 1458 1469 consolatione
1481 1448 1602 1479 magna
1624 1436 1716 1468 lucta
1740 1438 1841 1469 vincit
1865 1438 2087 1469 dubitationes
2105 1443 2139 1469 et
2151 1444 2216 1469 tre-

1226 1481 1414 1522 pidationes
1439 1481 1568 1512 animae
1593 1479 1750 1523 fugientis
1765 1480 1886 1514 Deum..
1912 1481 1953 1512 de
1976 1491 2041 1522 qua
2066 1479 2157 1512 lucta
2170 1481 2216 1512 di-

1226 1525 1267 1555 cit
1295 1523 1448 1555 Psalmus
1483 1524 1535 1554 41.
1583 1524 1868 1559 Quemadmodum
1895 1534 2016 1555 cervus
2047 1524 2217 1555 desiderat

271 1575 363 1607 Haec
406 1574 515 1605 omnia
550 1571 782 1614 complectitur
815 1570 960 1608 Paulus,
1004 1581 1078 1602 cum
1112 1570 1170 1600 ait:
1197 1562 1202 1614 Ι
1226 1568 1268 1599 ad
1292 1566 1401 1598 fontes
1425 1578 1599 1608 aquarum,
1625 1567 1669 1597 ita
1693 1567 1861 1598 desiderat
1884 1568 1992 1598 anima
2015 1577 2089 1598 mea
2117 1567 2160 1598 ad
2183 1573 2217 1598 te

185 1619 310 1660 Spiritu
344 1617 554 1655 mortificate,
591 1617 685 1658 quasi
710 1616 814 1653 dicat,
843 1625 911 1646 non
940 1613 1015 1645 sola
1044 1614 1173 1644 ratione
1197 1615 1203 1669 Ι

184 1662 325 1700 frenate,
344 1662 405 1692 sed
430 1661 543 1692 Verbo
562 1659 625 1690 Dei
651 1666 683 1691 et
707 1659 831 1701 Spiritu
854 1664 971 1689 sancto
997 1658 1100 1689 corda
1123 1667 1172 1688 re-

186 1712 265 1749 gant
288 1706 438 1736 actiones
459 1704 587 1742 carnis,
610 1704 641 1734 id
663 1709 734 1740 est,
759 1703 982 1733 dubitationes
1007 1707 1039 1732 et
1064 1706 1171 1731 motus

184 1751 217 1781 in
237 1750 350 1787 corde,
375 1759 460 1790 quos
486 1748 611 1778 erudite
636 1747 783 1778 nominat
806 1747 969 1783 actiones,
992 1750 1038 1783 ut,
1064 1743 1173 1785 aliqua

185 1793 339 1824 assensio
378 1798 408 1822 et
439 1791 617 1823 delectatio
648 1788 744 1821 simul
772 1790 914 1830 rapitur,
950 1789 1011 1819 sed
1046 1787 1111 1818 fide
1142 1793 1175 1818 et

187 1836 311 1878 Spiritu
347 1833 484 1873 sancto,
519 1835 665 1865 retinens
700 1832 949 1864 fundamentum
985 1837 1017 1862 et
1051 1832 1173 1862 bonam

187 1880 435 1917 conscientiam,
460 1884 569 1909 manet
594 1878 626 1908 in
651 1877 769 1919 gratia,
794 1882 825 1907 et
850 1881 959 1906 manet
982 1874 1103 1906 haeres
1128 1874 1173 1905 vi-

186 1929 239 1954 tae
277 1929 444 1954 aeternae.
502 1922 593 1952 Haec
627 1921 743 1951 eadem
785 1920 936 1950 doctrina
970 1919 1089 1949 tradita
1125 1924 1173 1948 est

186 1966 281 1998 Rom.
305 1965 335 1996 6.
370 1965 445 1996 Non
470 1970 587 2007 regnet
615 1969 791 2006 peccatum
823 1964 855 1993 in
879 1961 1010 1993 mortali
1035 1971 1175 2002 corpore

186 2017 318 2047 vestro,
355 2009 443 2051 quod
467 2015 610 2040 sumtum
634 2014 683 2037 est
709 2017 751 2038 ex
775 2005 916 2038 Genesi:
951 2006 1017 2037 Sub
1053 2010 1085 2035 te
1114 2005 1175 2035 erit

186 2053 364 2095 appetitus,
387 2058 419 2083 et
442 2058 474 2083 tu
495 2051 674 2083 domineris
698 2051 738 2082 ei.

189 2200 498 2244 RESPONSIO
523 2201 605 2241 AD
634 2197 998 2241 ARGUMENTA
1020 2197 1176 2248 QUAE

192 2263 428 2305 CONTRA
460 2261 808 2302 DOCTRINAM
830 2260 904 2300 DE
927 2258 1176 2301 IUSTITIA

388 2322 538 2364 FIDEI
571 2320 968 2363 OPPONUNTUR.

672 2422 699 2454 1.

252 2496 485 2537 Daemones
518 2496 690 2536 credunt:
721 2501 763 2535 et
795 2493 1121 2535 contremiscunt.

251 2556 359 2611 Ergo
390 2572 473 2597 non
504 2557 723 2597 dicendum
754 2556 839 2596 sola
862 2555 961 2595 Fide
992 2553 1178 2594 homines

312 2618 528 2658 iustificari.

1227 1611 1331 1642 Deus.
1379 1610 1492 1646 Quare
1515 1611 1621 1641 tristis
1647 1620 1683 1641 es
1707 1611 1816 1641 anima
1834 1611 1931 1643 mea?
1956 1620 2058 1652 spera
2081 1611 2113 1641 in
2126 1609 2216 1649 Deo,

1226 1655 1381 1696 quoniam
1404 1654 1514 1686 adhuc
1538 1653 1726 1685 confitebor
1750 1654 1790 1684 ei.
1813 1653 1856 1684 Et
1881 1655 1913 1684 in
1936 1653 2000 1685 hac
2024 1654 2098 1694 ipsa
2109 1651 2214 1692 lucta,

1226 1697 1328 1729 Filius
1354 1697 1417 1729 Dei
1451 1698 1585 1740 agnitus
1620 1698 1652 1728 in
1677 1697 1790 1728 Verbo
1825 1695 1950 1735 vocali,
1987 1697 2066 1728 dicit
2095 1707 2216 1728 conso-

1227 1741 1383 1773 lationem
1417 1742 1450 1772 in
1476 1742 1597 1779 corde,
1632 1747 1663 1772 et
1688 1740 1831 1771 ostendit
1854 1739 1988 1771 Patrem
2011 1746 2043 1771 et
2066 1739 2217 1772 volunta-

1229 1792 1292 1816 tem
1312 1785 1394 1824 eius,
1419 1786 1505 1816 sicut
1529 1785 1648 1826 inquit:
1679 1784 1785 1815 Nemo
1809 1784 1900 1815 novit
1923 1784 2055 1815 Patrem
2079 1784 2143 1815 nisi
2165 1782 2217 1814 Fi-

1227 1828 1302 1866 lius,
1327 1834 1358 1859 et
1383 1829 1435 1860 cui
1458 1827 1599 1860 voluerit
1625 1826 1724 1858 Filius
1750 1825 1911 1865 revelare,
1935 1832 1967 1858 et
1991 1827 2047 1857 dat
2060 1827 2215 1868 Spiritum

1228 1878 1390 1906 sanctum,
1415 1883 1480 1914 quo
1506 1870 1721 1902 confirmatur
1743 1871 1913 1908 assensio,
1949 1876 1981 1902 et
2004 1880 2070 1911 quo
2094 1869 2216 1901 fiducia

1229 1922 1259 1947 et
1283 1915 1407 1946 laetitia
1433 1916 1463 1946 in
1488 1913 1659 1946 voluntate
1683 1914 1930 1951 accenduntur,
1962 1913 2053 1944 iuxta
2076 1913 2215 1945 dictumz

1230 1959 1399 1990 iustificati
1423 1958 1488 1989 fide
1511 1968 1628 2000 pacem
1650 1957 1820 1988 habemus

1701 2120 1741 2152 Π.

1291 2212 1543 2268 Impossibile
1586 2217 1649 2252 est,
1690 2211 1867 2265 aliquam
1911 2215 2100 2250 naturam
2131 2208 2217 2250 sola

1352 2274 1495 2314 notitia
1526 2273 1674 2313 iustam
1707 2286 1807 2322 esse,

1292 2335 1413 2376 Fides
1445 2339 1508 2375 est
1537 2340 1699 2374 tantum
1730 2332 1885 2382 notitia,

1292 2396 1400 2451 Ergo
1431 2409 1514 2435 non
1545 2395 1630 2435 sola
1661 2393 1743 2433 fide
1785 2393 1910 2433 homo
1940 2397 2005 2432 est.
2034 2391 2174 2432 iustus.

1317 2496 1413 2539 Nego
1437 2495 1610 2533 Minorem,
1629 2495 1705 2536 quia
1728 2493 1844 2531 Fides,
1868 2493 1910 2524 de
1933 2502 1998 2534 qna
2021 2489 2144 2523 Paulus
2166 2488 2216 2521 lo·

1231 2540 1352 2583 quitur,
1386 2545 1437 2571 est
1471 2544 1504 2570 et
1527 2539 1643 2570 notitia
1667 2537 1852 2580 promissae
1875 2537 2003 2578 gratiae
2033 2541 2065 2566 et
2095 2533 2216 2566 fiducia

1231 2585 1452 2626 acquiescens
1487 2582 1520 2613 in
1543 2581 1617 2613 Deo
1636 2587 1774 2623 propter
1797 2579 2034 2617 Mediatorcm,
2070 2584 2103 2608 et
2125 2575 2216 2609 velle

1230 2626 1296 2659 hoc
1320 2625 1529 2665 beneficium,
1552 2626 1642 2667 quod
1665 2625 1698 2656 in
1721 2624 1942 2666 promissione
1964 2621 2112 2660 offertur,
2133 2625 2216 2653 utet

2373 848 2383 879 :ff
2372 776 2383 839 ‘’n-¹

2370 1144 2383 1298 *fmz
2381 1129 2383 1136 .
