2383 2990
550 813 1111 888 EXAMEN
1209 812 1683 886 EORUM

208 947 307 998 QUI
340 947 680 988 AUDIUNTUR
712 947 867 986 ANTE
901 946 1082 987 RITUM
1114 943 1399 986 PUBLICAE
1435 944 1864 996 ORDINATIONI&
1907 945 2030 995 QUA

451 1032 901 1074 GOMMENDATUR
933 1031 1015 1073 EIS
1050 1030 1426 1072 MINJSTERIUM
1458 1030 1780 1072 EVANGELII.

780 1132 827 1162 Ex
846 1132 990 1162 Editione
1010 1133 1241 1171 NVitebergensi
1265 1133 1333 1161 anni
1362 1135 1450 1162 1555).

377 1230 584 1281 Quidnam
616 1230 806 1270 docebis?

188 1338 328 1370 Docebo
343 1337 561 1380 Evangelium
581 1337 714 1369 Domini
733 1339 840 1369 nostri
857 1338 933 1370 Iesu
953 1338 1087 1370 Christi.

252 1434 361 1484 Quid
408 1435 575 1475 interest
622 1435 726 1474 inter
772 1435 922 1474 doctri-

283 1510 379 1535 nam
400 1495 602 1535 Ecclesiae
627 1495 717 1545 Dei,
740 1501 782 1535 et,
805 1496 900 1535 alias

507 1554 671 1596 Sectas?

189 1646 313 1677 Omnes
343 1645 429 1677 aliae
458 1646 580 1677 Sectae
614 1652 709 1677 extra
739 1656 853 1677 veram
886 1645 1087 1685 Ecclesiam,

98 1695 134 1722 ut
155 1689 299 1727 Ethnici,
322 1689 515 1730 Blasphemi
533 1689 655 1727 Iudaei,
680 1689 946 1728 Mahometistae,
970 1696 1002 1721 et
1022 1689 1089 1729 alii,

98 1739 226 1764 tantum
249 1733 370 1763 (locent
392 1732 588 1774 particulam
612 1732 715 1774 Legis
747 1733 788 1763 de
811 1734 1010 1774 quibusdam
1034 1744 1089 1765 ex-

98 1777 201 1808 ternis
215 1781 247 1806 et
265 1775 417 1807 civilibus
437 1774 568 1814 officiis,
593 1782 625 1806 et
646 1777 772 1806 addunt
792 1775 900 1807 cultus
915 1775 1089 1815 idolorum,

99 1818 184 1850 aliae
214 1818 311 1850 alios.
358 1819 505 1849 Prorsus
528 1825 639 1850 autem
664 1820 818 1859 ignorant
842 1818 943 1850 filium
967 1819 1029 1850 Dei
1054 1826 1087 1851 et

99 1861 329 1903 Evangelium,
348 1863 380 1892 id
399 1868 462 1899 est,
481 1863 737 1903 promissionem
756 1863 796 1893 de
809 1863 954 1903 gratuita
972 1864 1087 1894 reinis-

99 1905 194 1936 sione
207 1911 432 1945 peccatorum,
453 1911 484 1936 et
503 1905 544 1935 de
557 1904 840 1943 reconciliatione,
861 1912 893 1936 et
913 1906 953 1936 de
973 1905 1087 1938 haere-

100 1949 200 1979 ditate
224 1949 311 1979 vitae
334 1954 492 1979 aeternae
517 1949 691 1979 donandae
716 1959 775 1989 per
799 1949 896 1979 fidem
919 1949 952 1979 iu
972 1948 1088 1981 Filium

98 1992 324 2022 mediatorem.
370 1991 416 2022 At
451 1992 483 2022 in
513 1990 669 2022 Ecclesia
704 1993 864 2023 retinetur
898 1992 1027 2034 integra
1057 1999 1089 2024 et

98 2035 293 2074 incorrupta
315 2034 418 2076 Legis
450 2040 481 2065 et
504 2034 681 2077 Evangelii
712 2035 880 2072 doctrina,
911 2041 943 2066 et
973 2036 1089 2067 notitia

100 2076 158 2108 filii
180 2077 255 2115 Dei,
279 2078 425 2109 crucifixi
444 2088 504 2118 pro
528 2079 626 2109 nobis
650 2084 683 2109 et
705 2079 903 2109 resuscitati.
934 2077 1017 2110 Sola
1034 2090 1090 2110 au-

58 2143 62 2144 r
100 2126 165 2151 tem
188 2119 245 2151 illa
269 2122 506 2163 congregatio,
529 2122 561 2152 in
586 2132 651 2162 qua
674 2122 871 2163 agnoscitur
902 2120 990 2153 filius
1013 2121 1088 2161 Dei,

99 2162 262 2195 Dominus
287 2171 404 2195 noster
428 2165 523 2195 lesus
550 2163 717 2202 Christus,
742 2164 922 2196 crucismus
946 2175 1007 2205 pro
1030 2176 1089 2197 no-

102 2206 154 2236 bis
178 2211 210 2237 et
233 2208 463 2247 resuscitatus,
488 2214 539 2238 est
562 2206 728 2246 Ecclesia,
752 2209 784 2238 in
808 2219 874 2249 qua
897 2214 976 2239 sunt
999 2207 1090 2241 multi

102 2258 182 2279 vere
204 2247 374 2290 placentes
398 2250 492 2288 Deo,
526 2257 558 2282 et
581 2256 673 2281 recte
703 2251 898 2282 invocantes
931 2262 1023 2289 eum,
1059 2259 1090 2283 et

103 2290 201 2322 electi
220 2293 262 2323 ad
275 2294 375 2324 vitam
393 2299 574 2330 aeternam,
598 2294 687 2324 iuxta
706 2294 790 2325 haec
811 2295 909 2332 dicta,
934 2294 1088 2327 Iohannis

102 2334 133 2364 5.
181 2334 244 2369 Qui
262 2346 328 2367 non
353 2336 497 2367 honorat
518 2336 653 2374 Filium,
682 2347 748 2368 non
772 2337 914 2369 honorat
944 2337 1089 2377 Patrem,

103 2378 158 2418 qui
176 2378 266 2409 misit
289 2388 373 2410 eum.
423 2379 451 2409 l.
465 2378 613 2410 Corinth.
638 2379 668 2410 3.
715 2380 977 2412 Fundamentum
1000 2380 1090 2413 aliud

102 2421 181 2462 poni
203 2431 270 2452 non
293 2427 416 2462 potest,
440 2428 573 2462 praeter
592 2423 623 2453 id
643 2424 732 2464 quod
755 2425 898 2464 positum
916 2430 978 2463 est,
1000 2425 1090 2466 quod

103 2470 155 2494 est
185 2463 279 2495 Iesus
310 2464 476 2496 Christus.
523 2464 678 2496 Iohannis
709 2466 739 2498 3.
787 2467 850 2502 Qui
884 2478 951 2498 non
986 2469 1091 2499 credit

101 2506 166 2538 iam
189 2507 355 2539 iudicatus
379 2514 440 2539 est.
478 2508 575 2539 Item:
604 2508 667 2544 Qui
690 2511 796 2541 credit
819 2511 850 2541 in
874 2509 1009 2549 Filium,
1032 2510 1090 2543 ha-

102 2550 159 2581 bet
192 2551 292 2581 vitam
328 2558 508 2582 aeternam.
554 2551 617 2587 Qui
651 2563 718 2584 non
754 2554 860 2584 credit
887 2552 988 2593 Filio,
1023 2565 1090 2586 non

103 2593 227 2624 videbit
251 2595 368 2633 vitam,
398 2596 459 2626 sed
483 2596 532 2625 ira
555 2594 619 2626 Dei
642 2603 754 2628 manet
780 2607 881 2638 super
911 2608 996 2629 eum.
1041 2597 1091 2629 Io-

102 2634 181 2667 han.
208 2636 258 2667 14.
287 2637 393 2669 Nemo
417 2639 529 2669 veniet
558 2639 601 2670 ad
625 2639 769 2678 Patrem,
791 2641 854 2671 nisi
879 2651 939 2681 per
961 2639 1089 2672 Filium.

158 2704 304 2725 MELANTH.
321 2706 403 2725 OPER.
419 2707 503 2725 xxiii.

1142 1227 1237 1258 Item:
1263 1225 1297 1257 Si
1322 1226 1395 1267 quis
1420 1224 1533 1266 diliget
1553 1236 1616 1263 me,
1641 1236 1827 1257 sermonem
1846 1236 1954 1257 meum
1973 1227 2132 1266 servabit,

1143 1278 1175 1301 et
1201 1270 1300 1300 Pater
1323 1279 1418 1299 meus
1443 1268 1555 1309 diliget
1585 1280 1677 1305 euin,
1710 1276 1740 1299 et
1771 1270 1814 1300 ad
1845 1280 1919 1300 eum
1947 1270 2132 1309 veniemus,

1142 1319 1175 1344 et
1199 1314 1402 1344 mansionem
1426 1313 1516 1353 apud
1542 1322 1613 1343 eum
1638 1311 1808 1343 faciemus.
1854 1312 1945 1343 Haec
1973 1314 2051 1344 sciri
2077 1324 2133 1344 ne-

1143 1366 1240 1388 cesse
1265 1364 1327 1393 est,
1352 1362 1469 1386 contra
1493 1355 1735 1394 Thammeruin,
1759 1355 1932 1387 Latonium
1948 1356 2132 1387 Lovanien-

1144 1410 1226 1437 sem,
1250 1405 1282 1429 et
1307 1398 1444 1435 similes,
1469 1399 1523 1439 qui
1547 1398 1706 1429 infinitam
1736 1397 1966 1430 confusionem
1997 1398 2131 1438 faciunt,

1142 1448 1175 1472 et
1199 1442 1327 1483 fingunt
1351 1441 1526 1472 Ecclesiae
1545 1443 1692 1472 membra
1715 1442 1836 1483 ubique
1861 1452 1950 1481 esse,
1974 1442 2133 1474 Ethnicos

1143 1491 1174 1516 et
1199 1484 1301 1523 alios,
1327 1495 1467 1526 quorum
1490 1495 1602 1516 mores
1626 1491 1703 1516 sunt
1727 1484 1868 1516 honesti.

1467 1615 1573 1670 [DE
1636 1616 1810 1672 Duo]

1444 1719 1554 1770 Quid
1592 1727 1655 1761 est
1686 1721 1826 1761 Deus?

1230 1801 1350 1833 DEUS
1374 1809 1426 1834 est
1450 1804 1598 1835 essentia
1623 1803 1821 1844 spiritualis,
1847 1804 2048 1846 intellig-eim,
2074 1815 2128 1836 ae-

1143 1851 1250 1883 terna,
1269 1845 1334 1876 alia
1358 1857 1378 1877 a
1398 1848 1561 1879 creaturis
1583 1848 1747 1885 omnibus,
1772 1858 1886 1886 veras,
1911 1850 2010 1886 bona,
2034 1849 2133 1888 iusta,

1144 1894 1255 1927 casta,
1286 1890 1496 1928 misericors,
1531 1890 1698 1929 benefica,
1731 1891 1912 1925 liberrima,
1949 1893 2130 1923 immensae

1143 1933 1327 1972 sapientiae
1351 1939 1383 1963 et
1403 1935 1581 1974 potentiae,
1605 1935 1757 1965 irascens
1773 1936 1933 1975 peccatis,
1957 1935 2056 1966 Pater
2079 1945 2133 1966 ae-

1143 1981 1278 2014 16111118,
1303 1977 1357 2017 qui
1381 1975 1499 2008 Filium
1523 1977 1698 2018 imaginem
1723 1989 1817 2009 suam
1846 1979 1888 2009 ab
1915 1984 2052 2009 aeterno
2078 1988 2133 2020 ge-

1143 2020 1224 2057 nuit,
1249 2025 1281 2049 et
1304 2018 1423 2057 Filius,
1447 2021 1557 2062 imago
1582 2020 1692 2051 Patris
1718 2027 1908 2059 coaeterna,
1933 2027 1964 2052 et
1988 2021 2132 2062 Spiritus

1143 2068 1280 2093 sanctus
1306 2063 1493 2103 procedens
1517 2074 1537 2094 a
1560 2064 1659 2094 Patre
1683 2069 1715 2095 et
1738 2063 1833 2102 Filio,
1858 2065 1944 2096 sicut
1965 2065 2132 2106 patefacta

1144 2111 1195 2136 est
1230 2106 1405 2144 divinitas,
1441 2113 1533 2137 certo
1562 2108 1680 2145 verbo,
1710 2113 1742 2137 et
1774 2108 1970 2139 testimoniis
2000 2108 2132 2147 divinis,

1144 2149 1233 2190 quod
1259 2149 1361 2180 Pater
1390 2155 1548 2182 aeternus
1580 2161 1654 2182 cum
1685 2150 1768 2181 Filio
1799 2156 1831 2181 et
1861 2151 1985 2192 Spiritu
2015 2157 2132 2183 sancto

1144 2192 1330 2223 condiderit
1349 2198 1380 2223 et
1399 2200 1578 2225 conservet
1598 2192 1726 2224 coelum
1750 2199 1783 2224 et
1805 2200 1938 2232 terram,
1963 2201 1995 2225 et
2015 2205 2131 2226 omnes

1144 2241 1330 2274 creaturaS,
1354 2242 1386 2267 et
1409 2237 1496 2267 adsit
1519 2238 1671 2268 omnibus
1696 2238 1876 2275 creaturis,
1899 2249 1964 2279 quo
1988 2238 2029 2268 ad
2053 2238 2132 2269 con-

1145 2279 1381 2317 servationem,
1402 2286 1434 2311 et
1449 2279 1587 2323 colligat
1600 2281 1662 2311 sibi
1675 2281 1706 2311 in
1721 2291 1843 2322 genere
1861 2280 2004 2312 humano
2017 2278 2132 2312 Eccle-

1144 2322 1227 2352 siam
1250 2329 1386 2364 propter
1406 2323 1534 2361 Filium,
1560 2329 1592 2355 et
1614 2334 1673 2365 per
1693 2334 1778 2362 eum,
1804 2330 1836 2355 et
1855 2325 1897 2355 sit
1916 2325 2014 2356 iudex
2029 2325 2130 2356 iusto-

1144 2375 1215 2396 rum
1239 2371 1270 2396 et
1295 2366 1501 2398 iniustorum.

1414 2498 1524 2548 Quid
1556 2506 1618 2539 est]
1650 2498 1854 2539 Persona?

1233 2596 1441 2629 PERSONA
1465 2604 1517 2629 est
1539 2599 1729 2629 subsistens
1757 2599 1886 2637 vivum,
1916 2599 2129 2639 individuum,

1144 2639 1350 2682 intelligens,
1378 2640 1704 2680 incommunicabile,
1734 2652 1801 2673 non
1833 2648 2055 2674 sustentatum
2085 2644 2127 2679 ab

1908 2705 1921 2727 1
