2383 2990
175 119 237 152 ⁷41
399 118 440 152 X.
477 117 760 151 SENTENTIAE
783 117 1003 151 VETERUM
1025 119 1225 156 ALIQUOT
1247 119 1538 154 SCRIPTORUM
1561 120 1623 153 DE
1647 121 1801 154 COENA
1819 122 1990 155 DOMINI.
2151 125 2216 158 742

173 222 243 248 tum
266 215 425 246 unitatem
447 214 590 257 intelligi
609 213 731 253 vellet,
756 225 816 246 cur
839 214 979 256 gradum
1001 215 1169 257 quendam
1192 220 1198 278 ι
1589 217 1849 250 CYPRlANUS

173 265 274 301 atque
314 259 465 290 ordinem
508 258 792 290 consummandae
825 259 960 289 unitatis
1002 260 1168 300 exposuit,

173 303 238 335 nisi
268 308 304 334 ut
335 312 410 333 cum
438 300 494 333 ille
517 303 550 333 in
580 308 676 344 patre
709 312 770 343 per
797 308 950 333 naturam
986 302 1166 333 divinitatis
1220 294 1254 325 ᾖ]
1277 303 1435 326 Sffl'mfflle
1457 295 1498 327 de
1523 293 1639 327 Coena
1662 295 1818 334 Domini,
1849 297 1878 328 Si
1901 302 2012 328 tamen
2034 306 2104 328 non
2127 295 2214 329 fallit

173 351 277 397 esset,
302 355 365 376 ¹¹08
390 351 508 397 cqfltsa
534 346 568 376 5¹¹
592 355 633 377 ‘³⁰
664 355 725 396 ΒΕΓ
748 343 960 395 ῡθῐζΡΟΙῈῙθῐΠ
988 346 1060 377 ‘³3¹¹ss
1084 345 1167 376 nati·
1219 353 1353 393 titulus,
1377 355 1438 387 sed
1462 356 1690 398 cuiuscunque
1713 362 1765 388 est
1788 358 1914 388 autoris
1939 367 2043 399 opuS‚
2077 363 2215 400 apparet

172 394 327 422 vitatem.
362 395 395 420 et
425 387 482 420 ille
511 399 644 421 rursum
674 399 705 420 tn
729 389 826 419 nobis
856 398 916 429 per
938 395 1165 419 sacramento-

172 443 246 465 rum
275 433 388 464 inesse
418 433 612 475 mysterium
636 432 847 470 crederetur,
879 441 920 462 ac
947 431 997 462 sic
1017 430 1167 473 perfecta

172 487 233 518 per
256 477 472 507 mediatorem
494 476 605 508 unitas
630 476 672 507 do
697 481 828 512 eretur,
851 484 926 506 cum
950 476 1048 506 nobis
1072 476 1105 506 in
1128 485 1167 506 se

171 520 444 561 permanentibus
474 520 547 561 ipse
574 524 725 550 maneret
753 519 784 549 in
815 524 924 559 patre,
960 524 991 549 et
1015 519 1047 549 in
1071 525 1166 560 patre

171 573 312 595 manens
335 563 410 605 ipse
432 568 582 595 maneret
604 563 637 593 in
661 562 776 601 nobis,
811 567 843 592 et
866 561 911 592 ita
941 562 983 592 ad
1008 562 1165 593 unitatem

170 606 432 649 proficeremus,
456 618 530 638 eum
554 606 609 648 qui
640 607 672 637 in
696 615 736 636 eo
761 604 957 636 naturaliter
981 605 1166 636 secundum

171 651 375 682 nativitatem
402 656 572 682 aeternam
587 650 685 686 inest,
709 658 772 679 nos
797 658 931 689 quoque
954 648 986 678 in
1007 659 1047 679 eo
1071 656 1166 680 natu-

173 692 288 725 raliter
321 695 530 732 inessemus,
564 694 639 733 ipso
667 692 700 723 in
730 692 829 723 nobis
860 690 1058 723 naturaliter
1092 703 1166 733 per-

1462 426 1530 447 non
1554 426 1631 448 esse
1654 426 1776 449 recens
1795 418 1968 460 scriptum.

1306 519 1408 550 Panis
1428 520 1490 551 iste
1515 531 1612 562 quem
1624 519 1790 552 Dominus
1814 519 1986 562 discipulis
2006 521 2214 563 porrigebat,

1219 572 1286 594 non
1310 561 1432 604 effigie,
1451 563 1510 594 sed
1535 570 1653 594 natura
1677 571 1834 602 mutatum,
1858 565 2095 605 omnipotentia
2120 565 2213 596 verbi

1219 604 1330 637 sactus
1355 613 1406 637 est
1430 617 1529 644 caro,
1553 613 1584 638 et
1613 607 1699 638 sicut
1724 608 1755 638 in
1779 618 1926 648 persona
1950 606 2076 639 Christi
2100 608 2213 639 huma-

1220 650 1307 680 nitas
1332 650 1517 686 videbatur,
1540 657 1571 681 et
1595 649 1721 681 latebat
1745 651 1917 689 divinitas,
1940 651 1985 682 ita
2001 657 2212 683 sacramento

1219 692 1340 724 visibili
1376 691 1586 724 ineffabiliter
1620 694 1731 725 divina
1765 705 1804 725 se
1827 693 1946 725 infudit
1980 696 2143 732 essentia,
2177 699 2213 726 ut

1220 742 1311 767 esset
1335 735 1487 779 religioni
1512 737 1603 768 circa
1627 744 1839 768 sacramenta
1863 738 2009 776 devotio,
2035 744 2065 769 et
2091 737 2133 768 ad
2158 747 2212 769 ve-

1220 780 1367 819 ritatem,
1405 781 1498 812 cuius
1530 791 1654 822 corpus
1684 788 1894 812 sacramenta
1925 787 2020 819 sunt,
2050 781 2213 813 sincerior

1219 830 1348 865 pateret
1382 834 1565 862 accessus,
1600 834 1709 866 usque
1745 824 1787 855 ad
1822 825 2111 866 participationem
2144 824 2211 866 spi-

1220 869 1313 899 ritus.

171 744 336 769 manente.
385 737 483 773 Quod
519 744 628 769 autem
659 734 855 767 naturaliter
891 735 923 766 in
959 736 1056 766 nobis
1080 735 1165 767 haec

170 782 282 812 unitas
307 782 369 819 sit,
404 782 477 822 ipse
500 781 545 812 ita
569 784 713 811 testatus
737 786 805 810 est:
838 780 893 820 qui
924 778 1000 810 edet
1031 789 1166 810 carnem

170 835 277 856 meam
307 831 340 856 et
371 825 452 855 bibit
480 824 680 866 sanguinem
710 833 829 861 meam,
859 823 892 853 in
923 832 975 854 me
999 829 1109 854 manet
1132 829 1165 854 et

171 878 236 911 ego
258 868 292 900 in
316 877 368 900 eo.

259 954 353 987 Sicut
375 955 463 986 misit
486 964 539 985 me
562 960 658 995 pater
686 954 825 991 vivens,
853 960 886 984 et
916 962 979 995 ego
1004 953 1081 984 vivo
1106 962 1165 994 per

169 1005 316 1051 patrem,
352 1004 385 1029 et
418 998 685 1049 qui-manducat
715 1007 850 1028 carnem
874 1006 1000 1034 meam,
1036 1002 1068 1027 et
1091 996 1164 1038 ipse
1188 871 1197 1056 Ι
1606 1012 1832 1045 ΙΗΕΝΑΕΠΒ

170 1049 261 1074 vtvet
292 1052 353 1084 per
376 1052 439 1079 me,
463 1048 543 1072 Vivit
570 1051 652 1082 ergo
676 1050 736 1081 per
759 1047 903 1081 patrem,
939 1046 972 1071 et
995 1041 1163 1081 quomodo
1187 1057 1195 1532 ι

1188 2083 1197 2484 i

169 1097 230 1128 per
264 1093 392 1137 patrem
428 1086 528 1124 vivit,
564 1085 681 1116 eodem
712 1085 810 1115 modo
841 1094 903 1114 nos
934 1094 994 1125 per
1029 1094 1164 1114 carnem
1305 1083 1379 1116 Lib.
1403 1083 1445 1115 V.
1470 1082 1596 1115 Contra
1621 1081 1910 1115 Valentinum.
1942 1082 2023 1126 Pag.
2048 1082 2124 1114 294.

170 1140 243 1162 eius
266 1139 429 1161 wvemuS.
475 1128 569 1160 Haec
593 1138 675 1169 ergo
700 1128 787 1159 vitae
812 1134 949 1158 nostrae
974 1138 1076 1158 causa
1100 1133 1164 1165 est,

170 1174 261 1216 quod
286 1174 317 1204 in
339 1174 436 1203 nobis
457 1179 644 1203 manentem
668 1181 728 1213 per
752 1182 887 1203 carnem
911 1170 1082 1202 Christum
1106 1170 1163 1201 lia-

170 1218 289 1249 bemus
314 1217 431 1248 victuri
455 1227 515 1257 per
537 1226 611 1247 eum
635 1226 674 1246 ea
700 1215 899 1248 conditione,
924 1225 989 1256 qua
1009 1215 1088 1246 vivit
1109 1213 1164 1245 ille

169 1272 230 1303 per
260 1267 400 1301 patrem.
448 1261 483 1291 Si
524 1270 606 1300 ergo
648 1269 711 1290 nos
753 1257 949 1290 naturaliter
979 1259 1163 1289 secundum

170 1314 304 1336 carnem
328 1314 389 1346 per
412 1314 487 1334 eum
507 1303 660 1340 vivimus,
685 1302 715 1333 id
730 1308 794 1339 cst,
819 1309 973 1333 naturam
992 1312 1073 1332 suae
1093 1312 1164 1333 car-

168 1349 221 1380 nis
240 1348 364 1389 adepti,
389 1347 557 1389 quomodo
583 1357 648 1377 non
673 1345 869 1377 naturaliter
892 1345 1075 1376 secundum
1099 1346 1163 1386 spi-

168 1393 266 1424 ritum
292 1393 324 1423 in
348 1401 386 1422 se
411 1398 537 1431 patrem
557 1389 690 1428 habeat,
715 1400 789 1421 cum
816 1390 905 1420 vivat
929 1390 1002 1430 ipse
1026 1399 1086 1430 per
1109 1399 1164 1430 pa-

169 1436 276 1468 trem?
322 1435 419 1473 ltem,
454 1434 547 1465 Haeo
588 1440 698 1464 autem
744 1433 869 1464 idcirco
906 1439 1167 1464 commemorata

169 1485 246 1510 sunt
274 1489 293 1510 a
322 1479 436 1513 nobiS,
466 1479 544 1519 quia
567 1476 750 1508 voluntatis
774 1484 900 1508 tantum
930 1477 1014 1507 inter
1039 1484 1166 1518 patrem

170 1528 201 1555 et
239 1521 340 1554 [ilium
379 1522 538 1553 unitatem
575 1521 741 1553 Haeretici
777 1521 992 1558 mentientes,
1032 1520 1166 1551 unitatis

169 1573 308 1598 nostrae
333 1566 374 1597 ad
400 1564 508 1596 Deum
527 1566 706 1596 utebantur
730 1563 903 1605 exemplo,
928 1571 1085 1605 tanquam
1109 1575 1166 1595 no-

170 1611 222 1642 bis
256 1610 299 1641 ad
336 1608 436 1640 filium
473 1615 503 1639 et
538 1619 599 1649 per
634 1608 735 1639 tilium
767 1608 808 1638 ad
841 1615 968 1649 patrem
1003 1609 1166 1649 obsequio

168 1660 296 1686 tantum
321 1659 353 1684 et
373 1651 544 1684 voluntate
570 1651 741 1694 religionis
767 1652 883 1689 unitis,
916 1650 1008 1682 nulla
1033 1662 1091 1693 per
1114 1662 1166 1683 sa-

171 1704 377 1730 cramentum
408 1697 519 1727 carnis
551 1703 583 1727 et
617 1695 790 1738 sanguinis
826 1693 990 1726 naturalis
1021 1706 1166 1726 commu-

169 1742 279 1774 nionis
300 1741 489 1782 proprietas
508 1739 750 1782 indulgeretur,
775 1750 850 1770 cum
873 1748 904 1770 et
925 1749 984 1780 per
1003 1739 1166 1770 honorem

169 1786 268 1817 nobis
294 1785 406 1816 datum
434 1783 495 1815 Dei
520 1783 593 1821 filii,
628 1790 659 1814 et
697 1794 756 1824 per
788 1790 975 1814 manentem
1011 1783 1042 1813 in
1068 1779 1165 1814 nobis

171 1827 351 1860 carnaliter
375 1826 488 1865 filium,
513 1834 545 1858 et
570 1829 600 1859 in
626 1838 666 1858 eo
691 1827 788 1858 nobis
820 1826 1040 1868 corporaliter
1064 1835 1094 1857 et
1120 1827 1166 1857 in-

170 1871 404 1914 separabiliter
435 1872 535 1903 unitis
567 1872 762 1913 mysterium
796 1880 897 1902 verae
927 1881 966 1902 ae
1002 1869 1166 1902 naturalis

170 1917 307 1948 unitatis
330 1917 373 1947 sit
396 1916 667 1958 praedicandum.

1304 1170 1392 1202 Vani
1416 1178 1525 1202 autem
1550 1171 1637 1202 omni
1662 1171 1774 1208 modo,
1798 1171 1853 1212 qui
1878 1171 2068 1201 universam
2099 1171 2211 1205 dispo-

1217 1215 1370 1246 sitionem
1396 1214 1458 1246 Dei
1483 1220 1710 1252 contemnunt,
1736 1222 1766 1245 et
1792 1214 1902 1245 carnis
1923 1212 2211 1255 salutemnegant‚

1218 1265 1249 1289 et
1283 1259 1571 1299 regenerationem
1614 1259 1686 1289 cius
1721 1265 1895 1298 spernunt,
1941 1258 2110 1294 dicentes,
2144 1267 2211 1288 non

1218 1313 1291 1333 eam
1315 1313 1473 1343 capacem
1497 1312 1575 1333 esse
1595 1300 1924 1341 incorruptibilitatis.
1961 1300 2018 1331 Sic
2033 1308 2141 1332 autem
2159 1310 2210 1331 se-

1219 1347 1362 1377 cundum
1387 1345 1471 1377 haec
1496 1345 1660 1379 videlicet,
1685 1356 1747 1376 nec
1769 1344 1932 1375 Dominus
1962 1345 2124 1385 sangnine
2147 1354 2210 1374 suo

1219 1390 1360 1421 redemit
1379 1400 1454 1427 nos,
1480 1399 1586 1430 neque
1611 1387 1697 1419 calix
1722 1387 1963 1423 eucharistiae,
1989 1388 2212 1418 communica·

1219 1434 1264 1464 tio
1289 1434 1462 1475 sanguinis
1486 1433 1577 1470 eius,
1611 1443 1719 1473 neque
1743 1433 1859 1473 panis,
1895 1442 1993 1473 quem
2018 1429 2212 1473 frangimus,

1219 1478 1477 1509 communicatio
1513 1477 1664 1517 corporis
1703 1477 1773 1507 eius
1811 1481 1873 1506 es-t.
1942 1475 2089 1515 Sanguis=
2125 1475 2212 1506 enim

1220 1532 1286 1552 non
1312 1527 1361 1551 est
1387 1522 1447 1552 nisi
1473 1531 1491 1551 a
1518 1520 1610 1551 venis
1632 1527 1663 1550 et
1689 1520 1858 1557 carnibus,
1885 1526 1916 1550 et
1941 1529 1961 1550 a
1985 1518 2111 1560 reliqua
2125 1528 2211 1559 quae

1220 1571 1273 1596 est
1304 1565 1486 1595 secundum
1522 1564 1687 1595 hominem
1723 1563 1924 1598 substantia,
1959 1573 2023 1603 qua
2061 1572 2139 1592 vere
2164 1561 2211 1593 sa·

1220 1615 1308 1639 ctum
1324 1610 1461 1639 verbum
1478 1607 1551 1645 Dei,
1575 1608 1739 1648 sanguine
1763 1617 1825 1638 suo
1846 1606 1981 1637 redemit
1997 1616 2068 1636 nos.
2090 1605 2211 1641 Quem·

1219 1652 1396 1683 admodum
1432 1658 1461 1682 et
1496 1650 1674 1692 apostolus
1709 1651 1781 1681 eius
1805 1651 1867 1681 ait:
1901 1649 1934 1680 ln
1959 1660 2025 1690 quo
2050 1648 2211 1680 habemus

1220 1696 1478 1736 redemptionem
1504 1705 1564 1735 per
1588 1695 1784 1735 sangninem
1810 1695 1892 1731 eins,
1923 1700 1953 1724 ct
1981 1693 2212 1724 remissionem

1219 1747 1446 1780 peccatorum.
1503 1738 1542 1769 Et
1568 1749 1722 1779 quomam
1748 1739 1896 1768 membra
1919 1738 1991 1767 cius
2011 1747 2145 1773 sumus,
2180 1740 2213 1767 et

1219 1794 1277 1824 per
1302 1789 1486 1813 creaturam
1510 1783 1682 1813 nutrimur.
1708 1780 1902 1812 Creaturam
1925 1786 2035 1811 autem
2060 1781 2131 1821 ipse
2155 1790 2212 1810 no-

1221 1828 1270 1857 bis
1307 1832 1466 1867 praestat,
1502 1824 1609 1856 solem
1629 1836 1724 1856 suum
1750 1825 1828 1855 oriri
1854 1823 2000 1861 faciens,
2035 1830 2068 1854 et
2093 1825 2211 1864 pluens

1219 1870 1496 1912 quemadmodum
1522 1868 1591 1900 vult
1616 1880 1690 1899 eum
1715 1867 1865 1905 calicem,
1890 1868 1944 1908 qui
1968 1874 2018 1898 est
2043 1874 2210 1905 creatura,

1219 1924 1314 1945 suuni
1339 1924 1464 1954 corpus
1490 1912 1712 1949 confirmavit,
1739 1922 1778 1942 ex
1802 1923 1868 1952 quo
1894 1919 2010 1941 nostra
2024 1916 2123 1951 anget
2139 1919 2211 1940 cor-

1218 1968 1312 1998 pora.
1358 1957 1500 1992 Quando
1526 1967 1608 1997 ergo
1633 1962 1663 1986 et
1690 1956 1807 1986 mixtus·
1833 1953 1932 1992 caliX,
1968 1960 1998 1984 et
2023 1952 2131 1984 sactus
2156 1963 2211 1994 pa-

1218 2002 1270 2033 nis
1306 2001 1442 2042 percipit
1480 2001 1617 2031 verbum
1643 1999 1722 2036 Dei,
1754 1999 1784 2029 iit
1813 1998 2014 2029 eucharistia
2038 1997 2210 2037 sanguinis

1193 2061 1197 2064 ·
1218 2051 1251 2076 et
1275 2046 1426 2085 corporis
1451 2043 1596 2081 Christi,
1630 2054 1670 2073 ex
1696 2043 1814 2083 quibus
1838 2048 1979 2083 augetur
2003 2047 2035 2071 et
2059 2040 2213 2071 consistit

1218 2090 1330 2120 carnis
1359 2094 1495 2119 nostrae
1530 2087 1728 2117 substantia.
1796 2085 1973 2120 Quomodo
1999 2095 2132 2115 carnea.
2156 2094 2213 2114 ne-

1219 2138 1299 2174 gant
1323 2142 1481 2173 capacem
1501 2141 1578 2162 esse
1603 2129 1794 2160 donationis
1822 2128 1895 2164 Dei,
1920 2129 1974 2169 qui
1996 2134 2047 2158 est
2068 2128 2132 2157 vita
2156 2137 2212 2158 ae-

1218 2182 1325 2213 terna,
1349 2185 1436 2217 quae
1458 2175 1623 2217 sanguine
1648 2180 1680 2204 et
1701 2183 1843 2213 corpore
1867 2171 1992 2203 Christi
2016 2171 2167 2202 nutritur.

538 2079 738 2112 CYPRIAN
745 2078 800 2111 US

531 2159 574 2190 ad
609 2157 802 2190 Caecilium.

1306 2262 1360 2293 Ad
1379 2260 1469 2292 hunc
1492 2261 1644 2298 modum,
1675 2265 1708 2290 et
1736 2257 1801 2290 alio
1824 2257 1902 2289 loeo
1932 2258 2086 2288 irenaeus
2111 2256 2212 2287 ratio-

1220 2306 1350 2337 cinatur
1383 2316 1450 2336 non
1486 2314 1587 2345 posse
1622 2313 1756 2334 caruem
1792 2312 1932 2343 prorsus
1968 2302 2093 2341 perire,
2135 2299 2212 2341 quia

1219 2359 1363 2391 corpore
1398 2347 1523 2380 Christi
1558 2347 1733 2384 nutriatur,
1767 2344 1824 2377 lib.
1859 2345 1887 2376 4.
1926 2351 2043 2375 contra
2074 2342 2210 2374 Valent.

1218 2394 1299 2436 Pag.
1324 2392 1399 2424 237.

259 2263 496 2300 Quaerendum
537 2270 589 2295 est
617 2263 702 2294 enim
731 2262 795 2304 ipsi
825 2273 923 2304 quem
953 2262 1019 2293 sint
1047 2262 1165 2293 secuti.

170 2308 255 2340 Nam
280 2308 308 2339 si
332 2309 363 2339 in
384 2307 572 2345 sacrificio,
607 2306 695 2349 quod
720 2306 876 2338 Christus
906 2312 976 2344 est,
1011 2316 1077 2337 non
1103 2306 1166 2336 nisi

173 2352 327 2384 Christus
351 2351 544 2393 sequendus
569 2357 639 2388 est,
669 2351 782 2392 utique
806 2351 838 2381 id
863 2361 925 2381 nos
950 2350 1111 2381 obaudire
1135 2355 1167 2380 et

172 2395 286 2427 facere
317 2403 467 2437 oportet,
497 2395 591 2437 >quod
616 2393 774 2426 Christus
804 2394 902 2433 fecit,
937 2400 970 2426 et
999 2394 1089 2435 quod
1119 2391 1166 2424 fa-

174 2440 327 2473 ciendum
352 2449 432 2471 esse
455 2439 636 2470 mandavit.

1309 2478 1484 2515 Quomodo
1509 2485 1619 2509 autem
1641 2486 1760 2508 rursus
1784 2476 1896 2506 dicunt
1922 2484 2056 2505 carnem
2080 2473 2112 2504 in
2136 2482 2210 2503 cor-

1221 2524 1408 2566 ruptionem
1432 2523 1603 2559 devenire,
1627 2527 1660 2552 et
1684 2531 1750 2551 non
1774 2519 1947 2560 percipere
1971 2518 2090 2555 vitam,
2125 2525 2212 2557 quae

1194 2578 1242 2641 la
1266 2576 1410 2609 corpore
1439 2565 1574 2597 Domini
1599 2571 1632 2596 et
1665 2564 1828 2606 sanguine
1856 2560 1979 2593 alitur‘.2
2034 2559 2077 2591 Et
2109 2557 2210 2602 paulo

1952 2620 2003 2645 47·
