2383 2990
150 125 212 158 115
775 121 888 154 PHIL.
911 120 1014 153 MEL.
1039 120 1229 154 SCRIPTA
1251 119 1531 153 DOGMATICA.
2103 119 2166 151 116

148 220 306 250 Baalitico.
355 221 465 256 Quare,
489 219 539 257 qui
564 218 672 247 servati
696 221 778 250 sunt,
804 227 863 256 quo
887 218 986 246 minus
1011 216 1067 246 has
1090 217 1263 256 impietates
1283 215 1373 245 corde
1397 225 1455 244 suo
1479 214 1686 249 adoraverint,
1713 213 1744 243 hi
1769 220 1849 243 certe
1869 214 1970 243 divina
1993 213 2165 248 clementia,

147 274 201 303 per
213 264 412 293 domesticum
426 262 652 295 catechismum,
677 262 726 299 qui
741 261 844 299 pueris
864 270 958 299 purus
978 270 1014 289 ac
1037 260 1168 299 simplex
1192 260 1274 289 initio
1295 259 1477 290 tradebatur,
1497 258 1609 287 servati
1629 261 1711 292 sunt,
1734 261 1767 287 ut
1785 256 1835 286 hic
1853 257 2070 291 catechismus,
2091 259 2165 296 opti-

147 318 195 336 mo
220 308 292 341 iure,
328 316 345 335 a
365 307 425 335 vita
448 311 552 334 nostra
572 304 677 341 religio
698 303 848 332 dicendus
867 304 916 333 sit.
962 303 1002 333 Et
1022 314 1110 332 omne
1134 313 1212 332 nunc
1235 302 1368 331 studium
1392 305 1528 330 nostrum
1549 302 1577 330 in
1601 301 1660 330 hoc
1684 300 1784 330 solum
1809 300 1991 335 collocatur,
2016 304 2049 330 ut
2072 300 2165 329 homi-

147 360 202 379 nes
221 360 274 389 per
292 353 463 378 renovatam
483 347 640 385 Evangelii
665 347 829 375 doctrinam
853 350 1031 376 revocentur
1053 347 1092 375 ad
1111 356 1177 375 eam
1200 345 1387 384 religionem,
1412 354 1500 384 quam
1530 344 1662 373 maiores
1691 344 1785 373 nostri
1809 344 1846 373 ab
1866 343 2016 383 apostolis
2040 353 2165 382 accepe-

146 397 223 425 runt,
243 397 273 422 et
296 392 383 420 nobis
404 391 483 419 domi
506 390 703 422 tradiderunt,
727 390 785 418 hoc
809 394 868 424 est,
888 393 931 424 ut,
966 389 1217 428 quemadmodum
1248 388 1396 428 propheta
1429 388 1488 420 ait,
1530 398 1581 416 cor
1612 387 1738 416 filiorum
1769 390 1959 416 convertatur
1992 386 2030 416 ad
2063 390 2166 426 patres

146 438 289 475 ipsorum.
313 434 379 463 Nec
393 434 474 463 aliud
495 437 619 462 conatur
632 433 725 462 Satan
745 443 799 472 per
822 434 932 472 impios
952 432 1118 461 Pontifices
1132 435 1161 461 et
1180 436 1335 471 tyrannos,
1356 431 1405 469 qui
1420 430 1608 469 Evangelion
1633 434 1866 469 persequuntur,
1887 440 1976 468 quam
1999 433 2032 459 ut
2055 439 2165 459 rursus

145 479 224 508 hunc
247 477 464 507 catechismum
484 478 512 505 in
532 476 665 506 ecclesia
689 476 841 506 obscuret.
888 476 985 505 Multa
1009 476 1129 514 quidem
1150 475 1209 504 alia
1231 478 1311 509 sunt,
1332 484 1410 513 quae
1433 474 1515 513 impii
1535 476 1714 513 praetexunt
1738 473 1953 512 persecutioni,
1977 476 2010 502 ut
2034 473 2165 511 ingenio-

146 532 201 551 sus
222 521 328 550 artifex
352 524 401 549 est
421 519 526 554 Satan,
550 520 586 548 ad
607 520 878 557 transfigurandum
892 530 927 548 se
941 520 969 548 in
994 518 1134 557 angelum
1158 518 1248 547 lucis.
1295 518 1359 546 Sed
1382 516 1453 545 mihi
1479 517 1578 551 crede,
1598 516 1656 545 hoc
1676 520 1777 555 agunt,
1802 520 1835 545 ut
1854 515 2083 550 catechismum,
2107 515 2167 545 hoc

145 569 203 599 est,
223 564 412 602 decalogum,
436 563 610 603 symbolum
635 562 852 603 apostolorum,
877 566 908 591 et
928 563 1093 591 orationem
1113 561 1293 590 dominicam
1317 571 1335 589 e
1358 560 1458 589 medio
1481 560 1597 590 tollant.
1667 558 1699 588 In
1733 558 1884 597 decalogo
1909 559 2052 588 docemur
2076 568 2167 597 agno-

144 618 232 637 scere
250 610 418 646 peccatum,
442 611 473 636 et
496 607 715 645 corruptionem
742 610 885 635 nostram.
921 605 962 634 At
982 606 1032 643 qui
1052 605 1163 633 docent
1181 604 1285 633 merita
1308 603 1437 632 humana
1456 604 1577 642 expiare
1601 606 1769 642 peccatum,
1789 606 1820 632 et
1842 602 1923 631 vires
1942 601 2090 631 humanas
2114 602 2166 631 im-

144 650 227 690 plere
245 660 341 689 posse
360 649 460 688 legem
484 648 560 680 Dei.
580 649 610 678 hi
631 650 806 688 gravitatem
830 648 948 688 peccati
967 649 1139 677 obscurant.
1186 646 1310 675 Tollunt
1333 646 1422 684 igitur
1445 646 1643 684 decalogum,
1670 646 1790 676 etiamsi
1814 646 1907 674 verba
1931 645 1999 683 ipsa
2022 644 2167 674 inviolata

144 694 321 732 relinquant.
367 692 399 721 ln
419 692 568 732 Symbolo
592 692 798 731 apostolorum
823 692 922 721 credis
943 692 970 720 in
996 690 1150 720 Christum
1174 700 1227 729 pro
1246 693 1276 718 te
1300 699 1427 729 passum
1451 693 1482 718 et
1499 693 1657 723 mortuum,
1682 692 1804 728 propter
1823 699 1914 727 quem
1936 688 2052 717 habeas
2065 687 2166 716 Deum

144 741 269 776 patrem,
293 736 454 775 placatum,
480 739 509 765 et
528 736 727 765 remittentem
751 739 886 774 peccata.
932 733 963 762 ln
988 734 1121 763 oratione
1142 733 1290 762 dominica
1310 733 1432 761 invocas
1456 732 1567 766 Deum,
1590 736 1721 771 patrem,
1741 735 1772 761 et
1794 732 1875 771 petis
1899 741 1952 770 per
1975 730 2166 760 clementiam

144 781 238 819 patris
263 781 290 808 in
312 779 372 808 filio
397 779 559 808 exhibitam
585 778 753 807 debitorum
778 778 998 807 remissionem.
1046 777 1088 805 At
1112 777 1163 815 qui
1183 776 1293 805 docent
1316 779 1346 804 et
1368 779 1488 813 urgent,
1509 775 1590 814 quod
1610 778 1827 814 persecutores
1850 773 2011 813 Evangelii
2040 773 2165 808 faciunt,

143 823 244 853 Deum
263 824 416 851 remittere
435 826 570 861 peccata,
594 832 653 850 non
677 824 798 861 propter
821 819 976 850 Christum
1003 819 1093 848 filium
1114 830 1214 853 suum,
1238 829 1292 857 per
1310 819 1415 852 fidem,
1439 818 1497 847 sed
1520 822 1642 857 propter
1660 819 1765 847 merita
1783 821 1951 847 nostrorum
1972 826 2113 856 operum,
2134 816 2165 845 hi

145 877 201 895 nec
223 866 323 895 Deum
343 869 467 905 patrem,
488 876 543 895 nec
568 865 660 893 tilium
686 865 753 893 eius
774 874 845 892 vere
868 873 1036 902 agnoscere
1050 862 1170 896 docent,
1194 862 1336 901 ideoque,
1357 865 1500 900 quantum
1524 862 1552 890 in
1578 862 1654 900 ipsis
1677 865 1736 895 est,
1760 861 1893 895 abolent,
1918 864 1977 889 tam
1991 858 2165 898 symbolum

144 908 363 949 apostolorum,
387 919 475 947 quam
501 909 665 936 orationem
686 908 873 936 dominicam.
921 906 1020 942 Quare
1044 916 1114 936 cum
1140 905 1280 934 defendis
1301 915 1367 933 eam
1391 905 1554 933 doctrinam
1578 903 1749 942 Evangelii,
1774 914 1862 942 quam
1885 902 2082 933 DOMINUS
2106 901 2165 931 hoc

144 956 278 992 tempore
302 951 454 980 ecclesiae
479 961 554 980 suae
579 951 743 979 clementer
762 949 904 985 restituit,
942 949 1020 978 scito
1044 952 1074 978 te
1098 948 1137 977 ad
1160 948 1348 977 retinendum
1373 947 1564 985 decalogum,
1598 946 1779 986 Symbolum
1803 946 2020 986 apostolorum,
2052 949 2083 974 et
2102 955 2165 974 ora-

143 997 256 1025 tionem
281 995 472 1029 dominicam,
492 1004 545 1032 pro
569 1004 639 1022 vera
662 994 757 1032 patria
779 992 935 1030 religione,
956 1002 992 1021 ac
1016 991 1145 1020 coelesti
1164 991 1264 1020 salute
1289 1001 1430 1029 pugnare.
1476 989 1546 1019 Non
1560 990 1675 1029 pudeat
1699 994 1798 1019 autem
1819 1000 1874 1018 nos
1900 990 1990 1023 omni,
2010 999 2070 1027 quo
2094 998 2164 1027 pos-

144 1049 263 1073 sumus,
288 1038 389 1067 studio
413 1048 524 1076 pueros
548 1037 603 1066 hac
628 1036 784 1065 catechesi
804 1036 930 1064 erudire.
977 1034 1065 1064 Plato
1089 1035 1162 1063 (li-cit
1190 1033 1240 1064 τὸν
1268 1035 1319 1072 τῆς
1342 1033 1482 1068 παιδείας
1504 1032 1682 1072 ἐπιμελητήν
1700 1043 1774 1062 esse
1792 1034 1953 1062 maximum
1978 1041 2165 1061 summorum

144 1082 173 1110 in
199 1082 320 1111 civitate
344 1082 558 1119 magistratum.
605 1079 644 1108 Et
663 1079 759 1108 addit:
789 1077 898 1113 παντὸς
921 1077 976 1119 γὰρ
1001 1077 1037 1115 δὴ
1062 1076 1189 1118 φυιοῧῆ
1212 1076 1316 1119 π’ροῖτη
1339 1076 1454 1116 βλάστη
1477 1077 1575 1112 καλῶς
1594 1075 1785 1117 ὁρμηθεῖσα,
1815 1075 1891 1117 πρὸς
1913 1074 2020 1116 ἀρετήν
2043 1075 2093 1112 τῆς
2111 1073 2164 1104 αὖ·

144 1125 196 1155 τοῦ
214 1124 344 1165 φύσεως,
364 1122 521 1165 κυριωτάτη
543 1125 623 1158 τέλος
641 1125 796 1152 ἐπιθεῖναι,
823 1121 856 1151 τό
876 1121 1055 1162 πρόςᾳορον.
1118 1120 1250 1149 Nostrae
1281 1119 1386 1149 literae
1406 1121 1554 1148 testantur
1577 1119 1704 1157 angelos
1729 1129 1803 1148 esse
1823 1119 1971 1148 custodes
1995 1127 2163 1157 puerorum.

145 1168 235 1204 Quod
258 1168 285 1196 si
306 1167 403 1205 angeli
429 1166 562 1195 serviunt
585 1167 698 1205 pueris,
723 1169 835 1203 quanto
860 1165 957 1203 magis
981 1174 1037 1193 nos
1061 1164 1209 1192 debemus
1232 1164 1279 1191 eis
1299 1173 1366 1191 cum
1391 1162 1471 1191 omni
1497 1161 1658 1190 officiorum
1683 1172 1805 1200 genere,
1829 1166 1891 1191 tum
1915 1162 2077 1200 praecipue
2102 1171 2166 1189 eru-

144 1211 257 1240 ditione
280 1211 402 1249 pietatis
426 1209 549 1239 servire.
596 1208 719 1237 Horum.
740 1209 846 1246 inquit,
867 1211 916 1236 est
936 1217 1058 1245 regnum
1082 1206 1244 1236 coelorum.
1292 1204 1427 1234 Pertinet
1451 1205 1540 1243 igitur
1563 1206 1600 1234 ad
1624 1206 1711 1244 ipsos
1731 1204 1878 1234 coelestis
1903 1204 2047 1238 doctriua,
2073 1213 2163 1242 quam

145 1264 210 1283 cum
235 1253 283 1282 hic
307 1253 431 1282 libellus
455 1252 544 1281 docte
567 1255 598 1281 et
620 1252 670 1290 pie
695 1251 836 1290 explicet,
861 1250 1042 1290 ἀμφοτέραις
1064 1252 1167 1290 χερσὶν
1196 1249 1234 1278 ab
1264 1249 1403 1278 omnihus
1426 1248 1549 1287 pietatis
1569 1248 1721 1277 studiosis
1746 1248 1963 1287 excipiendus,
1988 1251 2019 1276 et
2041 1246 2079 1276 ad
2103 1256 2164 1275 ma-

145 1307 213 1326 num
237 1306 359 1335 semper
382 1295 540 1325 habendus
565 1298 621 1324 est.
667 1294 757 1323 Vale.

300 1392 327 1421 2.
349 1390 618 1462 Melapssshonis
645 1388 793 1428 praefatio
817 1387 893 1416 libro
918 1397 975 1416 suo
1000 1388 1028 1416 in
1051 1386 1194 1416 Editione
1218 1385 1446 1424 Witebergensi
1469 1395 1494 1414 a.
1523 1386 1743 1414 1540—1543.
1775 1384 1907 1424 praefixa
1929 1388 1960 1413 et
1983 1384 2012 1412 iu
2036 1392 2165 1422 sequen—

349 1435 431 1463 tihus
506 1434 548 1463 itt.
573 1433 711 1471 repetita,

715 1619 923 1659 Philippus
960 1617 1193 1649 Melanthon
1223 1617 1285 1656 pio
1314 1616 1473 1645 Lectori
1501 1614 1533 1644 S.
1554 1614 1593 1645 D.

353 1716 473 1746 Utinam
508 1715 701 1755 Typographi
737 1716 766 1744 in
802 1714 975 1753 deligendis
1010 1713 1160 1746 materiis,
1196 1721 1273 1750 quas
1308 1710 1417 1740 edunt.
1453 1708 1666 1747 diligentiores
1690 1712 1812 1742 essent,
1837 1717 1872 1736 ac
1896 1717 1953 1736 non
1978 1710 2093 1735 tantum
2117 1707 2166 1735 sui

147 1761 325 1800 compendii,
350 1760 407 1789 sed
430 1761 519 1789 etiam
540 1759 678 1799 publicae
702 1758 844 1787 utilitatis
868 1758 1013 1787 rationem
1033 1757 1187 1789 haberent,
1212 1755 1389 1794 praesertim
1415 1754 1443 1781 in
1468 1752 1597 1781 edendis
1622 1752 1745 1791 scriptis
1765 1751 1802 1780 de
1822 1751 1957 1779 doctrina
1980 1747 2164 1779 Christiana.

145 1804 255 1835 Extant
289 1804 414 1833 aliorum
438 1803 546 1837 libelli,
583 1803 633 1841 qui
658 1801 735 1831 haec
759 1802 911 1830 elementa
936 1801 1060 1840 pietatis
1085 1799 1248 1831 continent,
1285 1807 1364 1836 quae
1397 1796 1482 1825 initio
1517 1796 1623 1834 pueris
1648 1798 1858 1834 proponuntur
1882 1795 1910 1822 in
1935 1791 2112 1826 Catechesi,
2135 1797 2168 1826 ut,

146 1847 236 1887 vulgo
260 1851 379 1878 vocant.
426 1845 503 1875 Cum
527 1849 627 1875 autem
651 1846 757 1884 prosit,
780 1855 893 1884 pueros
918 1844 956 1873 ad
981 1853 1080 1876 unam,
1106 1841 1276 1881 simplicem
1301 1844 1331 1869 et
1355 1839 1485 1868 similem
1501 1839 1656 1867 doctrinae
1684 1837 1807 1867 formam
1837 1836 2009 1869 adsuefieri,
2031 1839 2166 1874 optarem

147 1901 185 1920 ex
207 1890 270 1919 illis
294 1890 406 1920 libellis
431 1900 500 1919 eum
524 1892 637 1919 tantum
661 1889 775 1917 versari
801 1889 828 1917 in
853 1888 993 1917 manibus
1017 1886 1193 1919 iuventutis,
1218 1885 1268 1924 qui
1293 1887 1343 1913 est
1365 1881 1548 1921 locupletior
1572 1881 1710 1911 caeteris.
1756 1881 1845 1910 Nunc
1868 1879 1999 1908 subinde
2023 1878 2072 1907 alii
2098 1879 2166 1907 novi

146 1938 318 1967 nascuntur,
343 1944 400 1962 non
414 1933 540 1972 perinde
564 1931 713 1961 foeliciter
736 1932 852 1970 scripti.
877 1931 964 1960 Hunc
982 1940 1053 1959 vero
1077 1928 1225 1969 libellum,
1246 1928 1295 1966 qui
1315 1927 1374 1955 mei
1399 1926 1529 1954 nominis
1554 1924 1641 1954 titulo
1666 1924 1769 1953 editus
1800 1926 1865 1957 est,
1900 1932 2027 1962 prorsus
2053 1920 2167 1950 nollem

146 1987 222 2007 esse
240 1977 436 2016 publicatum.
471 1976 540 2006 Etsi
566 1977 644 2004 enim
669 1976 745 2004 inter
764 1974 980 2004 Scholasticos
1005 1973 1154 2012 quaedam
1178 1972 1216 2000 de
1239 1970 1290 2001 his
1316 1969 1477 1998 elementis
1501 1968 1625 2007 pietatis
1652 1967 1715 1996 sere
1746 1967 1774 1995 in
1801 1966 1878 1995 hanc
1902 1965 2085 1994 sententiam
2105 1964 2166 1993 dis-

147 2021 240 2054 serui,
264 2024 363 2049 tamen
389 2029 445 2049 nec
464 2020 573 2058 scripsi
598 2020 665 2058 ipse
687 2022 783 2048 totum
806 2017 955 2051 libellum,
980 2027 1036 2045 nec
1060 2015 1231 2054 recognovi.
1277 2013 1317 2043 Et
1338 2012 1485 2051 quaedam
1511 2011 1696 2043 dictasunt,
1721 2019 1799 2048 quae
1817 2012 1985 2048 congruunt
2008 2007 2046 2037 ad
2065 2008 2166 2036 iuven-

146 2066 250 2098 tutem,
276 2073 354 2102 quae
378 2063 406 2092 in
430 2063 489 2102 piis
513 2062 668 2092 Ecclesiis
692 2065 840 2096 versatur,
865 2071 923 2090 non
948 2061 1025 2089 inter
1048 2059 1251 2088 adversarios.
1296 2056 1369 2085 ldeo
1389 2055 1514 2095 optarim
1538 2053 1709 2087 Brentium,
1745 2053 1794 2091 qui
1827 2056 1858 2081 et
1877 2051 2044 2082 eruditione
2067 2049 2167 2080 excel-

146 2105 181 2135 lit
204 2110 234 2135 et
253 2107 375 2145 egregia
397 2106 511 2145 pietate
534 2106 689 2145 praeditus
714 2108 777 2140 est,
813 2105 841 2134 si
865 2108 964 2134 tamen
983 2102 1057 2132 vidit
1079 2102 1136 2131 has
1156 2100 1294 2141 pagellas
1319 2103 1388 2129 ante
1413 2096 1714 2131 editionem‚'limam
1739 2095 1937 2129 adhibuisse,
1968 2097 1999 2123 et
2017 2093 2167 2133 quaedam

146 2153 293 2179 mutasse.
339 2148 506 2188 Postquam
531 2153 630 2178 autem
654 2148 755 2178 editus
779 2152 829 2177 est
853 2148 921 2176 sine
945 2146 1167 2178 emendatione,
1188 2155 1254 2174 cum
1273 2142 1397 2173 abolere
1420 2144 1515 2171 totum
1539 2139 1677 2170 libellum
1697 2149 1755 2168 non
1774 2139 1903 2178 possim,
1928 2137 1998 2167 duxi
2022 2136 2165 2166 recuden-

149 2191 219 2221 dum
243 2202 328 2227 esse,
353 2196 383 2222 et
405 2201 504 2232 pauca
527 2192 675 2231 quaedam
700 2191 828 2221 dicenda
841 2190 1024 2220 distinctius.
1059 2188 1165 2218 Tenue
1189 2188 1333 2227 scriptum
1357 2189 1417 2220 est,
1441 2184 1524 2224 quod
1547 2184 1574 2212 si
1600 2184 1668 2222 quis
1688 2183 1806 2222 putabit
1824 2181 1900 2211 utile
1923 2190 1998 2210 esse
2010 2180 2168 2220 pueritiae,

149 2246 209 2264 non
242 2234 407 2274 prohibeo,
441 2245 503 2274 quo
532 2236 632 2265 minus
667 2238 774 2265 utatur.
827 2234 892 2263 Sed
917 2233 1043 2273 optarim
1061 2232 1091 2261 in
1110 2231 1168 2261 hoc
1192 2240 1303 2271 genere
1325 2228 1453 2259 aliorum
1471 2227 1535 2267 legi
1558 2227 1718 2257 uberiores
1740 2224 1874 2255 libellos.
1921 2224 2009 2254 Bene
2028 2222 2096 2253 vale
2117 2223 2169 2262 pie

150 2277 270 2309 Lector.
