2383 2990
156 149 221 182 653
924 150 995 181 Vll.
1045 150 1103 182 DE
1129 150 1438 184 POENITENTIA.
2131 156 2198 188 654

156 246 266 284 fidem,
292 256 356 287 qua
379 243 473 276 Deus
498 250 549 276 est
573 243 708 284 efficax,
732 246 787 288 qui
811 244 955 277 vivificat
987 255 1048 277 vos
1073 256 1149 277 cum
1290 246 1331 278 Et
1366 248 1456 279 initio
1492 248 1546 280 hic
1581 249 1664 280 ritus
1698 248 1892 291 probabiles
1917 260 2038 281 causas
2069 250 2196 283 habuit.

156 288 304 321 Christo.
361 287 492 320 Deinde
516 295 694 330 utramque
719 290 917 321 sententiam
941 299 1057 320 rursus
1076 287 1149 320 illu·
1203 290 1275 322 Fuit
1310 291 1396 322 enim
1420 290 1594 333 disciplina
1618 293 1783 331 instituta,
1819 300 1851 324 et
1874 299 1909 324 ut
1940 292 2196 334 explet-arentur

155 334 216 365 stri
240 333 349 376 figura
370 333 492 374 pingit:
513 333 711 364 condonans
735 333 845 364 omnia
856 339 1010 374 peccata,
1034 331 1149 363 delens
1203 333 1394 365 voluntates
1418 337 1625 367 redeuntium
1647 337 1691 367 ad
1714 335 1916 374 Ecclesiam,
1940 347 1982 368 an
2006 338 2096 369 serio
2120 349 2196 378 pro·

156 376 414 419 chirographum
449 377 539 418 quod
573 386 633 418 per
668 375 804 407 decreta
838 382 956 407 contra
990 385 1053 406 nos
1088 381 1149 414 est,
1204 378 1370 409 mitteient
1406 379 1681 417 emendationem,
1718 386 1750 410 et
1784 386 1820 411 ut
1856 379 1907 410 his
1944 379 2105 422 exemplis
2140 380 2196 413 alii

155 420 244 463 quod
270 428 338 452 erat
363 420 565 451 contrarium
590 420 698 451 nobis.
765 419 860 450 'l‘unc
884 424 993 450 autem
1017 419 1149 459 conspi-
1204 420 1459 452 commonefacti
1484 423 1608 453 maiore
1633 433 1714 454 cura
1738 424 1879 455 vitarent
1908 422 2037 465 lapsuS.
2106 424 2197 456 Non-

156 465 242 497 citui·
266 462 525 506 chirographum
548 463 710 504 scriptum
735 464 766 493 in
791 463 950 493 cordibus
974 462 1149 493 adversari
1203 464 1281 495 dum
1315 463 1542 507 affingebatur
1575 467 1698 507 opinio,
1736 466 1820 498 haec
1855 466 2052 508 spectacula
2076 469 2197 500 mereri

156 508 267 546 nobis,
290 518 364 538 cum
388 508 605 550 agnoscimus
629 507 662 538 in
686 506 774 537 veris
788 504 961 537 doloribus
982 516 1044 536 nos
1069 515 1151 537 reos
1203 507 1432 539 remissionem
1457 515 1682 550 peccatorum,
1717 510 1779 541 sed
1803 517 1921 552 postea
1951 511 2038 542 lianc
2069 512 2195 553 opinio-

156 561 243 583 esse.
270 551 342 582 Hoc
367 551 490 582 dictum
514 551 556 582 ad
581 550 812 581 contritionem
836 549 988 590 pertinet.
1021 548 1149 581 Deinde
1203 561 1278 582 nem
1303 551 1426 583 indocti
1450 553 1657 590 addiderunt,
1679 559 1711 584 ct
1736 554 1816 585 ritus
1840 554 2108 597 satisfactionum
2139 565 2195 586 cu-

156 595 198 626 ad
222 595 320 626 fidem
345 595 487 635 pertinet
511 594 601 635 qnod
624 593 777 624 additur:
815 591 919 623 deleti
948 592 1014 623 hoc
1039 591 1148 624 chiro·
1203 593 1379 625 mularunt.

156 637 320 681 graphum
344 649 548 678 suspensum
567 637 608 669 de
633 647 746 675 cruce,
771 635 861 667 sacta
885 636 1147 667 condonatione.

1291 681 1344 712 Ab
1376 681 1439 712 hac
1475 682 1578 713 veteri
1609 684 1850 715 consuetudine
1879 683 2050 716 confessio
2074 683 2195 716 intelli-

242 724 333 756 Haec
358 724 584 766 interpretatio
608 723 649 754 de
663 723 897 761 conversione,
923 728 974 753 est
991 720 1148 763 simplex,
1202 725 1291 766 gitur
1315 725 1521 756 enumeratio
1546 724 1744 758 delictorum
1768 726 1990 769 singulorum,
2015 738 2090 759 cum
2116 727 2194 760 olim

156 778 235 800 vera
258 774 291 799 et
314 768 442 810 propia,
463 778 561 809 quam
586 767 718 808 quidem
742 767 929 797 observare
942 766 1091 807 prodest,
1116 771 1148 797 et
1202 774 1327 799 tantum
1351 766 1471 799 delicta
1485 766 1558 799 aliis
1582 776 1660 800 nota
1684 770 1916 802 recitarentur.
1962 772 2088 803 Postea
2113 782 2195 803 vero

155 817 190 844 ut
215 809 308 843 Pauli
332 811 497 843 sententia
521 811 618 842 nobis
642 811 743 842 obvia
766 810 819 847 sit,
850 815 882 841 et
913 815 948 841 ut
975 816 1146 840 teneamus
1202 811 1337 843 decreta
1347 810 1435 843 lacta
1460 818 1537 844 suut
1561 812 1602 843 de
1626 814 1779 844 omnibus
1794 812 1925 845 delictis
1937 815 2034 846 etiam
2048 817 2194 847 arcanis.

154 855 379 887 testimonium
403 855 444 886 de
467 855 519 885 his
544 855 674 885 duabus
699 854 936 885 mutationibus
954 853 986 884 in
1007 863 1146 885 conver-

155 899 263 936 sione,
287 898 329 930 de
352 897 618 935 mortificatione,
643 903 675 928 et
697 897 935 934 vixificatione‚
960 897 992 927 id
1019 902 1082 934 est,
1106 897 1147 927 de
1287 897 1340 928 De
1364 897 1429 929 liae
1452 900 1701 930 enumeratione
1727 899 1949 942 singulorum,
1975 911 2119 933 necesse
2143 909 2196 933 est

156 942 367 980 contritione,
403 947 437 972 et
472 939 715 977 consolatione,
751 951 837 982 quae
871 940 906 971 tit
941 949 1000 981 per
1034 939 1145 977 fidem,
1199 941 1322 973 erudiri
1346 942 1599 981 conscientiam,
1624 953 1686 975 nec
1711 944 1774 974 iam
1795 945 1836 975 de
1859 943 1916 975 illa
1940 951 2072 976 vetusta
2096 946 2194 977 ‹lisci-

153 996 220 1028 qua
242 986 299 1017 tibi
323 985 386 1026 ipsi
410 985 521 1016 credis
544 985 664 1016 remitti
688 990 830 1026 peccata
863 990 1002 1026 propter
1022 983 1144 1014 media-
1199 984 1289 1027 plina
1325 985 1450 1025 primae
1485 985 1672 1024 Ecclesiae,
1708 993 1740 1018 et
1776 988 1817 1018 de
1852 988 2024 1019 atrocibus
2050 988 2195 1027 delictis,

151 1034 269 1061 torem.
1200 1039 1286 1070 quae
1310 1027 1383 1059 aliis
1407 1035 1486 1060 nota
1508 1035 1597 1067 sunt,
1618 1030 1768 1062 dicimus.
1838 1031 1979 1073 Semper
2008 1032 2093 1063 enim
2117 1033 2195 1063 inde

1200 1082 1307 1114 usque
1342 1073 1383 1102 ab
1408 1073 1501 1104 initio
1525 1073 1657 1112 mundi,
1683 1074 1764 1105 ritus
1796 1074 1929 1106 fuerunt
1953 1077 2035 1107 certi
2061 1086 2195 1107 excom-

1199 1116 1432 1147 municationis
1456 1116 1488 1146 in
1511 1115 1674 1153 Ecclesia,
1710 1124 1741 1149 et
1777 1119 1978 1159 receptionis
2003 1120 2197 1151 emendato·

239 1158 410 1190 Hactenus
436 1159 591 1197 recitavi,
627 1157 706 1198 quid
730 1158 762 1188 in
782 1157 935 1189 doctrina
959 1157 1001 1188 de
1026 1157 1145 1188 contri·
1200 1170 1282 1198 rum,
1308 1158 1349 1190 Et
1373 1166 1564 1200 optaremus
1589 1170 1627 1191 ea
1648 1162 1812 1202 gravitate
1836 1172 1921 1203 quae
1953 1163 2052 1194 decet
2076 1162 2193 1194 Eccle-

151 1203 239 1235 tione
264 1203 399 1234 retineri
424 1213 567 1233 nei-csse
590 1202 645 1239 sit,
682 1208 713 1232 et
746 1201 822 1242 quid
850 1201 955 1232 taxari
980 1206 1144 1241 oporteat,
1199 1203 1294 1240 siam,
1318 1203 1539 1234 administrari
1560 1206 1940 1236 excom-nimicationem
1965 1212 1998 1237 et
2030 1207 2193 1247 receptio-

151 1246 217 1278 dixi
241 1246 330 1283 item,
354 1246 538 1277 doctrinam
562 1246 603 1277 de
628 1244 694 1276 tide
718 1243 870 1286 speciali,
902 1254 967 1286 qua
992 1244 1050 1275 tibi
1075 1255 1146 1275 cre·
1199 1256 1285 1277 nem.
1331 1245 1372 1277 Et
1396 1253 1430 1278 ut
1453 1257 1556 1288 saepe
1580 1246 1664 1279 alias
1688 1248 1811 1280 dictum
1834 1255 1904 1287 est,
1932 1250 2136 1282 retineantur
2159 1250 2193 1281 in

151 1290 202 1321 dis
226 1289 357 1327 remitti,
382 1289 628 1331 adiungendam
652 1298 741 1327 esse,
766 1288 807 1319 de
829 1298 895 1329 qua
914 1299 1015 1329 supra
1039 1288 1071 1318 in
1096 1297 1146 1318 re·
1199 1288 1354 1321 Ecclesia
1389 1290 1558 1332 generalis
1593 1290 1776 1331 confessio,
1813 1298 1845 1324 et
1869 1293 1983 1333 petitio
2008 1292 2192 1325 absolutio-

149 1331 311 1364 sutatione
345 1332 487 1364 Articuli
524 1332 761 1374 praecipientis
797 1331 1053 1371 dubitationem,
1089 1341 1145 1361 co·
1167 1337 1173 1361 Ι
1199 1334 1261 1371 nis,
1285 1334 1363 1375 quia
1386 1334 1603 1366 ministerium
1637 1335 1789 1376 privatae
1822 1334 2044 1368 absolutionis
2068 1347 2192 1379 nequa—

150 1376 244 1418 piose
267 1377 390 1408 dictum
410 1384 470 1407 est.
1198 1387 1296 1418 quam
1319 1375 1444 1408 frustra
1468 1378 1652 1410 institutum
1676 1386 1739 1416 est,
1773 1385 1808 1410 ut
1842 1377 1927 1410 infra
1952 1381 2121 1421 copiosius
2145 1380 2192 1411 di·

1200 1430 1287 1459 cam,
1322 1427 1355 1453 et
1389 1431 1522 1462 semper
1545 1419 1606 1452 fuit
1629 1422 1662 1452 in
1687 1421 1844 1454 Ecclesia
1867 1423 2034 1465 generalis
2059 1423 2192 1455 confes—

237 1462 320 1494 Cum
343 1468 452 1495 autem
477 1461 560 1494 haec
585 1469 701 1494 nostra
724 1461 890 1493 sententia
914 1462 953 1492 sit
980 1461 1052 1502 ipsa
1079 1471 1144 1492 vox
1197 1465 1259 1501 sio,
1294 1470 1329 1495 ut
1363 1464 1403 1495 de
1428 1474 1558 1495 summo
1583 1466 1760 1497 sacerdote
1782 1466 1814 1497 in
1839 1465 1931 1508 Lege
1961 1467 2096 1498 dicitur:
2130 1466 2192 1499 Te-

150 1504 327 1548 Evangelii
352 1506 428 1537 inde
452 1516 559 1548 usque
583 1517 601 1537 a
627 1506 732 1546 prima
756 1506 979 1536 conversione
993 1504 1087 1536 Adae
1112 1511 1143 1535 ct
1198 1514 1275 1538 neat
1295 1508 1474 1546 wictimam,
1499 1514 1532 1539 et
1556 1509 1755 1544 confiteatur
1778 1516 1919 1550 peccata
1944 1509 2068 1552 populi,

148 1549 276 1588 Herae,
299 1559 426 1580 sonans
450 1549 483 1580 in
508 1559 588 1580 vera
600 1547 768 1586 Ecclesia,
792 1556 823 1580 et
838 1547 919 1580 niliil
937 1548 1142 1586 sitobscuri‚

148 1599 205 1625 aut
228 1593 371 1624 intricati
396 1593 428 1624 in
455 1593 516 1623 bac
540 1598 656 1623 nostra
681 1591 920 1634 explicatione:
951 1590 1050 1623 facile
1081 1593 1143 1623 erit
1284 1593 1324 1625 Et
1360 1595 1391 1625 in
1427 1594 1588 1626 Nehemia
1612 1596 1752 1627 dicitur:
1788 1596 1858 1628 Filii
1885 1596 1991 1629 lsrael
2014 1598 2192 1629 convenie-

148 1637 297 1668 iudicare
331 1637 466 1667 decreta
501 1636 630 1677 Synodi
666 1635 911 1673 Bononiensis,
947 1642 979 1667 et
1003 1646 1044 1666 ne
1068 1635 1142 1676 quis
1198 1639 1275 1668 bant
1299 1638 1331 1668 in
1355 1638 1489 1676 ieiunio,
1501 1644 1541 1669 ⁴et
1566 1639 1812 1672 confitebantur
1836 1647 1978 1682 peccata
2002 1651 2072 1673 sua.

148 1680 237 1711 dicat
261 1690 313 1711 me
337 1680 456 1721 lugere
479 1679 634 1710 iudicium
648 1677 823 1710 Ecclesiae
841 1677 918 1716 Dei,
937 1690 1003 1710 non
1028 1679 1141 1710 dubito

146 1733 336 1765 provocare
360 1724 401 1755 ad
426 1723 548 1754 iudicia
572 1723 717 1754 omnium
741 1722 881 1763 piorum,
905 1723 1040 1764 quinon
1065 1729 1141 1754 sunt
1283 1724 1325 1756 Et
1360 1726 1401 1756 de
1425 1726 1633 1757 auditoribus
1657 1726 1830 1767 Baptistae
1859 1728 1998 1759 dicitur:
2033 1728 2190 1770 Baptisa-

147 1767 248 1798 rudes
273 1766 509 1798 exercitiorum
533 1766 767 1806 poenitentiae.
1195 1769 1315 1800 bantur
1338 1769 1371 1799 in
1395 1768 1549 1807 iordane,
1573 1769 1773 1801 confitentes
1797 1777 1938 1812 peccata
1962 1782 2034 1803 sua.

1282 1854 1375 1887 Haec
1400 1865 1466 1886 non
1487 1862 1559 1887 erat
1582 1855 1790 1899 singulorum
1815 1858 2040 1895 enumeratio,
2075 1859 2137 1890 sed
2157 1860 2190 1891 in

1195 1909 1319 1941 genere
1349 1899 1597 1932 confitebantur
1632 1911 1669 1932 se
1705 1911 1781 1932 reos
1806 1911 1895 1940 esse,
1930 1908 1965 1933 ut
1989 1903 2087 1933 decet
2110 1912 2189 1934 esse

446 1947 505 1979 DE
525 1946 846 1979 CONFESSIONE.
1193 1952 1312 1974 vocem
1347 1943 1476 1983 piorum
1511 1944 1711 1975 tribuentem
1746 1944 1820 1977 Deo
1844 1945 2000 1976 iustitiam
2023 1946 2056 1976 in
2091 1947 2189 1978 nobis

1193 1986 1395 2017 accusandis
1420 1992 1452 2018 et
1476 1985 1618 2028 gloriam
1641 1988 1784 2020 iustitiae
1807 1996 1946 2030 propter
1975 1990 2113 2021 missum
2137 1989 2189 2021 Fi-

1193 2030 1281 2068 lium,
1304 2035 1339 2061 ut
1362 2028 1484 2061 Daniel
1510 2029 1670 2062 clamitat:
1706 2031 1779 2063 Tibi
1805 2032 1947 2064 Domine
1969 2033 2104 2072 iustitia,
2130 2044 2188 2065 no-

234 2068 388 2101 Necesse
422 2076 474 2101 est
503 2069 687 2102 iunioribus
712 2079 882 2110 exponere
906 2077 938 2101 et
962 2069 1139 2110 vocabula,
1193 2073 1245 2104 bis
1268 2080 1378 2104 autem
1403 2072 1556 2106 confusio
1576 2073 1683 2106 faciei.
1742 2075 1840 2107 Item:
1863 2075 1934 2107 Tua
1958 2082 2010 2107 est
2029 2077 2188 2118 propitia-

145 2118 178 2144 et
201 2122 314 2144 mores
339 2118 504 2144 vetustos.
572 2112 660 2144 Olim
694 2113 727 2144 in
751 2111 906 2145 Ecclesia
929 2115 1138 2145 consuetudo
1192 2116 1246 2148 tio.
1317 2116 1358 2148 Et
1392 2118 1477 2149 haec
1511 2119 1583 2159 ipsa
1607 2119 1773 2161 generalis
1794 2118 1983 2157 confessio,
2014 2126 2047 2152 et
2070 2121 2187 2161 petitio

150 2156 208 2188 fuit
232 2154 363 2197 lapsos,
386 2166 427 2187 ac
446 2166 524 2187 reos
544 2155 658 2188 talium
673 2155 851 2195 scelerum,
875 2167 961 2199 quae
984 2156 1057 2189 aliis
1082 2168 1139 2189 no·
1176 2156 1429 2198 absolutioni&
1455 2167 1599 2193 testatur
1616 2163 1649 2193 in
1673 2161 1830 2194 Ecclesia
1854 2163 1957 2205 recipi
1981 2161 2112 2205 lapsos.

146 2205 180 2231 ta
199 2206 306 2238 erant,
331 2209 398 2231 non
422 2199 585 2241 recipere,
623 2200 685 2231 nisi
709 2201 806 2242 signa
829 2199 1006 2232 manifesta
1029 2211 1139 2233 emcn-

146 2243 290 2275 dationis
323 2244 604 2285 praecessissent.
672 2243 751 2274 ldeo
787 2245 870 2276 certi
905 2244 989 2276 ritus
1032 2251 1137 2284 erant,
1279 2247 1347 2279 Sed
1371 2245 1436 2279 alia
1460 2248 1639 2290 disputatio
1664 2255 1716 2281 est
1739 2250 1781 2281 de
1805 2250 2054 2282 enumeratione
2073 2251 2187 2293 singu-

145 2296 286 2329 quorum
305 2296 426 2318 nomen
450 2284 510 2318 suit
533 2285 668 2328 publica
679 2288 895 2328 poenitentia.
940 2289 1057 2320 Stabat
1078 2288 1138 2320 ho·
1190 2288 1312 2329 lorum,
1336 2289 1515 2324 multorum
1539 2297 1596 2323 aut
1619 2294 1765 2324 omnium
1789 2292 1997 2332 delictorum,
2028 2304 2069 2325 ac
2092 2304 2187 2336 prae-

144 2330 266 2361 micida
287 2327 343 2361 vel
366 2328 497 2362 adulter
510 2340 622 2361 coram
636 2329 817 2373 Episcopo,
843 2337 875 2362 et
898 2332 1057 2363 narrabat
1082 2333 1138 2364 de·
1190 2335 1306 2366 sertim
1336 2344 1550 2373 arcanorum,
1586 2335 1640 2367 hic
1674 2337 1811 2368 taxandi
1841 2342 1919 2368 sunt
1944 2344 2013 2368 tres
2038 2347 2185 2370 erroreS.

144 2372 259 2406 lictum
283 2383 391 2412 suum,
416 2379 452 2405 ut
475 2373 665 2415 Episcopus
689 2375 822 2406 modum
835 2375 1066 2417 castigationis
1088 2376 1137 2407 in·
1190 2377 1334 2417 Primus,
1367 2378 1457 2420 quod
1492 2378 1658 2411 tinxerunt
1687 2380 1777 2411 hanc
1812 2381 2096 2413 enumerationem
2119 2391 2185 2413 me-

145 2417 290 2456 diceret,
325 2427 411 2459 quae
439 2418 624 2449 vocabatur
646 2416 854 2457 satisfactio,
879 2418 1001 2450 Graeci
1023 2419 1137 2451 mode·
1190 2422 1255 2453 reri
1279 2422 1513 2454 remissionem
1536 2428 1674 2465 propter
1696 2424 1868 2464 pudorem.

144 2460 230 2491 stius
253 2461 465 2492 nominarunt
487 2463 634 2501 ἐπιτίμια,
666 2461 699 2492 id
724 2468 795 2500 est,
829 2467 928 2494 notas
951 2473 1010 2495 seu
1035 2464 1137 2495 casti-

144 2504 311 2545 gationes.
356 2503 442 2536 Cum
464 2505 550 2536 enim
574 2503 640 2537 alia
663 2503 786 2537 delicta
809 2504 884 2537 aliis
907 2507 1013 2538 modis
1043 2508 1137 2548 puni-

143 2552 278 2586 rentur,
311 2557 372 2580 seu
395 2552 445 2587 (ut
468 2549 512 2580 ita
536 2548 660 2589 dicam)
682 2555 890 2588 notarentur,
914 2551 1033 2592 exponi
1056 2550 1136 2583 deli-

144 2595 234 2622 ctum
258 2600 344 2633 opus
367 2597 452 2630 erat,
474 2597 510 2623 ut
528 2593 648 2624 modus
670 2602 801 2634 poenae
824 2593 1037 2633 indiceretur,
1059 2600 1137 2637 post

145 2642 217 2665 eam
240 2635 494 2677 castigationem
519 2637 725 2677 sequebatur
743 2635 921 2669 absolutio.

1276 2508 1456 2541 Secundus
1491 2519 1598 2549 error,
1634 2510 1726 2551 quod
1759 2510 1852 2542 aiunt
1875 2511 2105 2544 recitationem
2125 2522 2185 2544 ne-

1190 2553 1373 2584 cessariam
1398 2562 1488 2591 esse,
1511 2558 1546 2585 ut
1569 2553 1734 2585 indicatur
1756 2553 1956 2587 satisfactio.

1275 2639 1408 2672 Tertius
1432 2650 1540 2679 error,
1565 2641 1655 2683 quod
1679 2641 1875 2673 necessaria
1899 2642 1942 2673 sit
1965 2644 2183 2682 enumeratio,
