2383 2990
225 140 290 172 435

225 236 271 267 dit
301 236 557 274 invocationem,
592 241 624 267 et
658 234 742 266 alios
770 235 844 276 pios
875 240 996 267 motus.
1042 235 1103 267 Est
1126 237 1212 268 enim

224 278 379 311 Ecclesia
402 291 539 322 regnum
561 278 695 316 Christi,
720 289 785 310 non
810 285 933 310 tantum
958 279 1034 321 quia
1057 279 1211 311 Christus

225 330 277 355 est
303 324 447 361 victima,
482 323 543 353 sed
574 324 670 353 etiam
702 323 779 364 quia
803 324 888 353 omni
915 328 1062 364 tempore
1086 323 1212 365 colligit

224 365 423 404 Ecclesiam,
446 374 477 397 ct
502 367 687 397 immediate
711 372 762 397 est
786 365 908 398 efficax
933 377 1006 398 cum
1029 368 1134 399 verbo
1154 378 1212 399 vo-

225 409 300 447 cali,
330 412 414 441 sicut
438 410 556 451 inquit:
590 409 663 451 Ego
695 419 768 440 sum
804 410 892 448 vitis,
926 420 989 441 vos
1025 411 1105 442 estis
1140 409 1212 452 pal—

223 455 336 485 mites:
375 454 450 485 Sine
486 464 537 484 me
573 452 653 484 nibil
687 454 827 493 potestis
862 453 974 485 facere
1006 460 1069 486 etc.
1117 454 1210 485 Haec

223 496 406 528 declaratio
431 496 520 528 utilis
545 503 607 534 est,
632 504 664 527 ut
690 497 888 538 cogitemus,
914 508 980 539 quo
1006 498 1121 529 ordine
1144 498 1210 529 sint

223 540 319 572 simul
342 550 510 582 personae
533 541 565 571 in
590 541 776 572 conversis.

309 627 515 669 Agnoscitur
540 626 639 658 Pater
668 637 727 668 per
750 625 878 666 Filium,
913 627 968 669 qui
1003 633 1035 659 et.
1056 627 1212 669 Evange-

221 671 300 702 lium
325 670 460 711 protulit
483 681 523 701 ex
547 671 621 701 sinu
644 671 769 701 aeterni
784 671 905 709 Patris,
931 677 963 702 et
987 671 1019 702 in
1044 672 1211 702 mentibus

221 715 371 746 accendit
397 715 558 752 notitiam,
582 714 667 745 sicut
691 715 815 755 inquit:
838 714 944 745 Nemo
968 715 1058 745 novit
1081 714 1211 745 Patrem

221 759 284 789 nisi
309 757 423 795 Filius,
454 764 487 788 et
517 758 569 788 cui
593 757 685 788 volet
708 757 811 788 filius
842 756 1013 790 revelare:
1046 764 1078 789 et
1111 757 1212 789 simul

222 802 305 833 dans
326 802 482 843 Spiritum
508 807 673 839 sanctum,
695 800 889 832 consolatur
913 802 1027 833 corda.

308 888 376 919 lam
400 888 565 919 addantur
594 886 690 928 plura
716 888 917 926 testimonia,
954 898 1041 929 quae
1065 885 1211 918 refutant

222 930 431 973 Pelagianos,
476 931 569 967 Quae
594 932 724 973 quidem
749 941 815 962 non
839 932 883 961 ita
907 931 1098 971 accipienda
1122 937 1211 969 sunt,

220 983 255 1007 ut
291 976 485 1006 confirment
521 975 803 1015 prophanitatem,
845 980 902 1005 aut
944 964 1240 1020 desperationcml

220 1018 392 1056 adferant,
438 1018 498 1049 sed
540 1025 574 1048 ut
608 1019 751 1048 sciamus
787 1018 947 1048 immensa
982 1018 1211 1049 misericordia

834 139 947 171 PHlL.
971 139 1073 171 MEL.
1097 139 1287 174 SCRlPTA
1310 141 1591 173 DOGMATIUA.

1236 741 1240 793 l
1267 757 1282 788 ὁ
1304 757 1378 794 θε1“ς
1410 762 1465 797 μὲν
1493 758 1582 796 ἕλκει,

1235 797 1241 829 Ι
1265 800 1343 832 (Jor.
1367 801 1398 832 6.
1425 802 1554 832 dicitur.
1589 802 1639 833 Ne
1664 800 1788 834 frustra
1813 803 1952 845 gratiam
1976 802 2040 834 Dei
2065 803 2254 844 accipiatis:

2189 145 2253 178 436

1266 243 1385 269 sancto
1421 236 1638 268 confirmante
1673 238 1788 275 corda,
1821 248 1885 269 nec
1919 244 2027 270 tamen
2060 239 2186 272 habent
2215 251 2254 273 se

1266 280 1363 311 Mens
1387 287 1419 312 et
1444 279 1610 311 Voluntas
1640 286 1675 311 ut
1705 287 1826 313 statua.
1873 282 1951 313 ldeo
1982 283 2135 315 dixerunt
2163 292 2254 316 vete-

1265 334 1332 362 reS,
1358 324 1586 355 Praecedente
1610 325 1726 365 gratia,
1759 325 1936 356 comitante
1959 326 2141 365 voluntate,
2166 329 2255 360 bona

1236 377 1240 423 Ι
1266 378 1369 409 opera
1399 367 1479 399 fieri.
1526 368 1567 398 Et
1596 367 1742 398 Basilius
1772 368 1895 410 inquit:
1925 369 2017 409 μόνον
2045 374 2176 409 θέλησον
2204 374 2255 402 καὶ

1265 411 1339 447 θεὸς
1372 412 1559 456 προαπαντᾷ.

1267 461 1389 486 curret.

1617 410 1758 443 Tantum
1790 411 1888 451 velis,
1923 418 1956 444 et
1988 413 2082 445 Deus
2116 425 2255 456 praeoc—

1353 539 1447 571 Deus
1482 541 1659 571 antevertit
1693 550 1778 580 1105,
1814 546 1846 572 et
1879 548 2000 581 vocat,
2047 543 2135 574 edita
2167 553 2254 576 voce

1265 582 1453 625 Evangelii,
1478 585 1575 615 docet
1589 591 1620 615 et
1634 583 1735 615 trahit
1757 590 1898 616 mentem
1922 596 1983 626 per
2005 585 2140 621 filiunt:
2166 586 2254 619 Con·

1266 628 1374 659 firmat
1394 638 1452 659 cor
1476 627 1600 669 Spiritu
1624 634 1756 666 sancto,
1792 629 1851 659 sed
1886 639 1949 659 nos
1984 630 2178 669 viderimus,
2211 641 2255 662 ne

1265 681 1502 712 repugnemus·
1560 670 1700 702 Constat
1728 672 1813 703 enim
1844 673 1920 703 oriri
1950 679 2123 713 peccatum
2152 684 2172 704 a
2194 684 2254 704 no·

1265 715 1328 752 bis,
1360 725 1425 745 non
1456 725 1475 745 a
1507 713 1680 746 voluntate
1708 714 1783 746 Dei.
1836 714 2099 757 Chrysostomus
2133 717 2253 758 inquit:

1618 758 1667 788 τόν
1689 759 1867 799 ῥἰκυλόμενον
1890 758 1921 790 δε
1945 759 2031 790 ἕλκει.
2092 759 2134 790 Et
2155 760 2188 790 2.
2211 761 2255 791 ad

1266 844 1357 882 Item,
1391 844 1532 876 Habenti
1558 846 1699 876 dabitur.
1747 845 1836 884 ltem,
1867 845 2000 881 Quanto
2025 847 2132 889 magis
2155 846 2256 877 Pater

1264 897 1377 919 vester
1412 888 1570 919 coelestis
1605 889 1697 919 dabit
1732 890 1889 930 Spiritum
1931 897 2082 921 sanctum
2117 890 2255 931 petenti-

1265 932 1339 963 bus.
1395 931 1472 962 Non
1507 933 1607 974 igitur
1643 933 1829 973 cogitemus
1864 933 2038 974 prophana
2072 934 2252 964 securitate

1265 976 1492 1016 expectandos
1516 985 1594 1006 esse
1618 974 1783 1006 violentos
1806 984 1931 1017 raptus,
1966 977 2051 1007 sicut
2074 975 2256 1018 loquuntur

1264 1017 1520 1055 Emhusiastae,
1563 1018 1625 1048 sed
1667 1020 1862 1050 obediamus
1903 1019 1977 1050 Deo
2014 1019 2156 1051 trahenti
2190 1030 2255 1051 nos

221 1062 332 1094 offerri
346 1061 502 1093 auxilium
525 1061 678 1092 omnibus
692 1059 962 1102 confugientibus
982 1063 1024 1092 ad
1039 1060 1153 1092 Filium
1178 1062 1210 1092 in
1235 1076 1240 1096 1
1264 1072 1348 1093 voce
1372 1060 1558 1103 Evangelii,
1582 1068 1613 1092 et
1637 1062 1669 1092 in
1695 1072 1776 1092 vero
1801 1062 1917 1094 dolore
1940 1064 2121 1101 discamus,
2145 1061 2253 1105 qualis

221 1107 310 1138 veris
335 1104 524 1137 doloribus:
549 1105 643 1136 Sicut
666 1105 738 1146 ipse
757 1104 921 1136 Dominus
946 1105 1066 1146 inquit:
1091 1104 1210 1136 lenite

221 1151 263 1182 ad
287 1160 338 1180 me
362 1159 476 1180 omnes
501 1148 555 1190 qui
578 1147 739 1179 laboratis
764 1154 796 1179 et
819 1149 949 1179 onerati
973 1149 1066 1186 estis,
1090 1154 1121 1179 et
1146 1159 1211 1190 ego

220 1194 368 1224 reficiam
404 1202 478 1223 vos.
536 1191 627 1230 Item,
662 1191 768 1222 Petite
803 1197 836 1222 et
875 1192 1059 1233 accipietis.
1117 1191 1209 1230 item,

222 1236 354 1272 Quanto
375 1236 482 1278 magis
504 1235 602 1266 Pater
625 1241 739 1266 vester
763 1233 919 1266 coelestis
944 1235 1033 1266 dabit
1052 1235 1210 1276 Spiritum

221 1287 373 1311 sanctum
399 1278 614 1320 petentibus?
648 1289 713 1310 11011
745 1279 789 1309 ait
813 1279 1120 1318 contemnentibus,
1155 1284 1212 1309 aut

220 1323 424 1365 fingentilus
455 1333 492 1353 se
523 1328 758 1363 expectaturos
788 1332 865 1352 esse
896 1321 1060 1353 violentos
1084 1328 1211 1363 raptus,

219 1374 256 1398 ut
279 1366 518 1398 Enthusiastae
542 1366 680 1407 fingunt.
712 1365 779 1397 Sed
804 1364 873 1396 vult
897 1365 991 1397 Deus
1016 1376 1078 1396 nos
1097 1365 1211 1396 audire

221 1421 339 1441 vocem
363 1409 549 1451 Evangelii,
586 1420 651 1440 non
686 1408 757 1440 vult
792 1419 855 1440 nos
886 1409 1060 1451 indulgere
1085 1409 1212 1440 dubita-

220 1454 380 1491 tionibus,
405 1460 435 1484 et
461 1452 672 1491 diffidentiae,
704 1451 773 1483 vult
796 1462 859 1483 nos
883 1451 1015 1491 luctari,
1038 1459 1071 1483 ut
1096 1462 1211 1483 assen-

220 1499 340 1529 tiamur
364 1498 480 1534 verbo,
515 1502 547 1526 et
577 1503 691 1537 petere
722 1494 890 1534 auxilium,
926 1496 1017 1527 Sicut
1044 1496 1212 1537 Propheta

221 1539 359 1572 clamat:
394 1539 560 1570 Converte
591 1549 644 1570 me
668 1545 701 1570 et
726 1545 915 1570 convertar.
962 1539 1003 1570 Et
1027 1538 1083 1570 ille
1107 1540 1211 1580 inquit

221 1585 309 1625 apud
334 1583 500 1614 Marcum:
537 1582 646 1613 Credo
672 1582 826 1621 Domine,
861 1583 921 1614 sed
953 1593 1050 1624 opem
1082 1582 1131 1613 fer
1154 1583 1212 1613 im-

220 1626 393 1658 becillitati
417 1637 520 1658 meae.
568 1627 618 1657 Ac
641 1637 850 1668 nequaquam
875 1626 1050 1668 fingendae
1079 1632 1156 1657 sunt
1180 1626 1211 1656 in

220 1670 294 1701 Deo
330 1670 610 1701 contradictoriae
645 1672 845 1700 voluntates:
882 1670 966 1700 Nam
1001 1671 1076 1701 ideo
1108 1668 1211 1700 Filius

219 1713 284 1745 Dei
310 1725 350 1745 ex
374 1715 447 1744 sinu
473 1714 599 1745 aeterni
625 1713 733 1744 Patris
758 1712 978 1755 Evangelium
1002 1712 1152 1754 protulit,
1176 1719 1213 1744 ut

221 1759 366 1789 sciamus
398 1757 484 1788 lianc
517 1758 623 1797 ipsam
657 1766 734 1787 esse
769 1755 972 1788 voluntatem
1005 1756 1090 1795 Dei,
1126 1766 1212 1798 quae

220 1811 281 1842 per
305 1800 424 1832 Filium
450 1802 618 1841 patefacta
642 1806 702 1831 est.

307 1887 368 1918 Est
389 1893 496 1919 autem
515 1893 656 1928 utraque
673 1887 877 1928 praedicatio
896 1885 1109 1924 universalis,
1133 1896 1209 1916 con-

223 1932 274 1962 cio
299 1932 524 1972 poenitentiae
554 1941 699 1972 arguens
735 1936 876 1971 peccata
913 1930 943 1960 in
980 1931 1144 1968 omnibu-z,
1179 1937 1240 1974 et}

220 1975 400 2016 promissio
436 1975 581 2016 gratiae,
618 1975 702 2004 sicut
738 1974 839 2015 inquit
874 1973 1055 2004 Dominus:
1092 1973 1240 2004 Venite‘

221 2019 263 2049 ad
288 2028 339 2049 me
358 2029 473 2049 omnes
497 2019 551 2059 qui
576 2016 735 2048 laboratis
760 2024 791 2048 et
810 2018 936 2048 onerati
961 2017 1053 2048 estis.

308 2104 381 2135 Non
405 2105 505 2146 igitur
528 2114 727 2146 quaeramus
751 2102 878 2135 alienas
902 2103 1145 2144 disputationes
1170 2103 1210 2134 de

1264 1106 1306 1136 sit
1331 1105 1414 1136 haec
1438 1104 1525 1135 lucta
1551 1104 1744 1143 voluntatis,
1779 1106 1873 1141 Quae
1910 1107 1937 1136 si
1973 1105 2114 1137 haberet
2147 1116 2186 1137 se
2220 1111 2256 1137 ut

1264 1155 1387 1187 statua,
1410 1147 1537 1180 nullum
1561 1155 1653 1179 esset
1677 1155 1854 1180 certamen.
1889 1149 1982 1180 Haec
1998 1150 2051 1191 pie
2076 1150 2256 1192 cogitanda

1265 1199 1352 1230 sunt,
1388 1199 1419 1223 et
1452 1193 1605 1223 addenda
1641 1199 1692 1223 est
1715 1192 1897 1230 lnvocatio,
1933 1193 2018 1224 sicut
2041 1193 2165 1224 (lictum
2188 1198 2254 1224 est:

1265 1236 1369 1267 Petite
1394 1243 1426 1267 et
1449 1236 1631 1277 accipietis.

1353 1322 1413 1353 His
1438 1322 1660 1354 consideratis
1684 1320 1880 1353 dulcescent
1902 1320 2005 1353 multa
2029 1322 2127 1360 dicta,
2157 1321 2257 1363 quale

1264 1365 1330 1397 hoc
1353 1372 1416 1404 est,
1452 1365 1545 1397 Deus
1577 1366 1630 1407 qui
1655 1363 1757 1396 efficit
1782 1371 1817 1396 ut
1841 1364 1963 1403 velitis,
2000 1365 2123 1396 efficiet
2157 1366 2255 1396 etiam

1264 1417 1299 1441 ut
1322 1410 1515 1451 perficiatis,
1547 1415 1580 1439 ut
1612 1409 1674 1449 ipsi
1699 1415 1796 1449 grata
1830 1407 1920 1439 fiant.
1964 1407 2159 1439 Consolatio
2191 1414 2255 1446 est,

1265 1464 1330 1494 qua
1355 1464 1414 1484 eos
1440 1451 1626 1489 confirmat,
1651 1453 1704 1493 qui
1731 1462 1794 1482 11011
1819 1459 1895 1482 sunt
1921 1452 2053 1483 omnino
2080 1450 2254 1493 prophani,

1264 1497 1324 1527 sed
1349 1495 1524 1527 trahuntur
1547 1502 1578 1525 et
1603 1495 1798 1536 confugiunt
1828 1495 1869 1525 ad
1894 1494 2035 1529 DEUM,
2065 1500 2256 1536 agnoscunt

1264 1546 1372 1571 autem
1403 1538 1516 1580 aliquo
1548 1539 1660 1576 modo,
1695 1544 1725 1569 et
1756 1538 1921 1579 propriam
1953 1537 2186 1576 infirmitatem,
2222 1543 2256 1569 et

1264 1584 1408 1624 ingentia
1433 1583 1677 1622 impedimenta,
1704 1592 1789 1623 quae
1813 1581 1896 1612 soris
1914 1582 2089 1620 accedunt,
2113 1581 2166 1612 his
2178 1591 2255 1622 pro-

1265 1627 1362 1658 mittit
1385 1626 1479 1657 Deus
1504 1636 1597 1657 suam
1620 1626 1845 1666 praesentiam
1868 1631 1901 1656 et
1924 1623 2092 1656 armiliam.

1353 1712 1404 1744 Ac
1429 1711 1605 1754 diligenter
1629 1711 1876 1744 consideranda
1904 1717 1957 1742 est
1979 1711 2171 1754 magnitudo
2194 1710 2253 1742 hu-

1265 1767 1384 1788 manae
1407 1766 1569 1787 miseriae.

1352 1843 1496 1874 Primum
1520 1843 1552 1873 in
1577 1842 1674 1873 nobis
1698 1842 1780 1883 ipsis.
1804 1852 1925 1883 magna
1949 1839 2059 1882 caligo
2083 1846 2145 1879 est,
2168 1851 2254 1883 quae

1265 1892 1317 1918 est
1345 1897 1447 1917 causa
1482 1885 1658 1917 multorum
1695 1896 1843 1917 errorum
1878 1886 1909 1915 in
1945 1883 2253 1923 deliberationibus,

1266 1931 1362 1961 etiam
1385 1936 1589 1967 sanctorum,
1609 1936 1639 1960 ct
1664 1929 1856 1960 habentium
1881 1939 2000 1969 magna
2025 1928 2121 1959 (lona.
2167 1927 2254 1959 Sunt

1265 1980 1295 2004 ct
1330 1975 1362 2004 in
1382 1973 1554 2005 voluntate
1578 1979 1609 2003 et
1645 1974 1675 2003 in
1708 1972 1810 2003 corde
1840 1972 2036 2003 aversiones
2059 1982 2079 2002 a
2102 1971 2190 2010 Deo,
2219 1976 2254 2003 et

1264 2015 1366 2048 multa
1389 2017 1541 2048 incendia
1564 2016 1759 2047 vitiosorum
1783 2015 1971 2046 affectuum.

1352 2102 1509 2134 Secundo
1532 2101 1614 2133 foris
1645 2102 1808 2132 accedunt
1838 2099 2036 2132 Diabolicac
2056 2101 2195 2132 insidiae
2219 2106 2252 2132 et

222 2146 399 2186 electione,
423 2149 481 2179 sed
506 2159 525 2179 a
549 2158 633 2179 voce
653 2146 827 2188 Evangelii
852 2147 1032 2185 ordiamur,
1057 2152 1088 2177 et
1112 2157 1211 2187 0111111-
1235 2143 1239 2188 l
1263 2145 1491 2188 impulsiones,
1516 2147 1597 2177 sicut
1618 2145 1782 2176 Dominus
1807 2145 1928 2186 inquit:
1959 2144 2167 2186 Depoposcit
2190 2154 2251 2175 vos

221 2202 397 2223 vest-<amus
432 2192 600 2233 agnitione
634 2192 703 2222 irae
728 2191 790 2222 Dei
824 2191 988 2221 adversus
1024 2197 1210 2231 peccatum,

222 2242 252 2265 et
279 2234 510 2277 ‹·oosugia1nus
538 2235 579 2265 ad
604 2233 732 2272 filium,
767 2241 799 2266 et
833 2240 985 2275 petamus
1020 2234 1105 2264 sicut
1130 2233 1210 2263 Pro-

220 2278 321 2319 pheta
346 2279 468 2320 inqoit:
493 2278 661 2309 Converte
685 2289 736 2309 me
761 2284 790 2309 ct
816 2284 1005 2309 convertar.
1041 2277 1111 2307 Hoc
1136 2288 1209 2307 cum

221 2324 269 2359 iit,
294 2329 495 2353 concurrunt
519 2322 583 2353 hae
608 2332 741 2359 causae,
774 2332 838 2352 vox
862 2320 1047 2363 Evangelii,
1082 2327 1114 2350 nt
1139 2321 1209 2361 ipse

221 2364 324 2396 Filius
348 2365 409 2397 Dei
446 2366 533 2396 intus
569 2376 630 2396 nos
667 2366 803 2402 docens,
839 2371 871 2395 et
905 2363 1003 2396 smiul
1038 2363 1209 2395 effundens

223 2409 374 2449 Spiritum
400 2416 571 2446 sanctum,
602 2411 657 2450 qui
682 2420 741 2440 001·
765 2408 951 2446 confirmat,
983 2414 1019 2439 ut
1053 2408 1209 2438 assensio

223 2458 255 2482 et
290 2453 475 2483 obedientia
510 2452 719 2484 inchoentur.
773 2453 950 2483 Concurrit
985 2457 1015 2482 et
1051 2449 1209 2482 voluntas

222 2501 339 2525 nostra
373 2494 519 2533 luctans,
554 2502 589 2527 ut
612 2497 815 2527 assentiatur
838 2497 942 2527 verbo
966 2494 1041 2532 Dei,
1077 2501 1107 2525 et
1144 2505 1208 2525 non

222 2545 395 2579 repugnet.
443 2540 564 2570 Posset
587 2540 671 2571 enim
707 2547 877 2576 excutere,
912 2545 949 2570 ut
983 2538 1104 2569 excutit
1129 2536 1210 2569 Saul

223 2591 284 2611 sua
308 2588 439 2621 sponte.
487 2583 520 2613 ln
546 2582 609 2614 hoc
635 2584 812 2615 certamine
836 2583 1034 2614 adiuvantur
1057 2580 1154 2612 Mens
1179 2587 1211 2612 et

223 2623 391 2656 Voluntas
424 2636 445 2657 a
478 2625 560 2658 filio
595 2626 660 2658 Dei
693 2627 783 2659 intus
817 2627 978 2665 docente,
1019 2631 1052 2657 et
1086 2625 1211 2667 Spiritu

1264 2191 1379 2228 Satan,
1403 2197 1438 2221 ut
1462 2190 1606 2221 cribaret
1630 2199 1703 2220 vos.

1350 2276 1461 2308 Tertio
1481 2277 1711 2317 impedimenta
1733 2276 1893 2306 bonarum
1915 2275 2081 2305 actionum
2105 2273 2251 2305 innume-

1263 2319 1381 2352 rabilia
1417 2320 1598 2351 offertmtm·
1623 2331 1641 2350 a
1667 2318 1760 2350 malis
1796 2318 1994 2354 hominibus,
2030 2324 2064 2349 ut
2087 2316 2251 2348 Davidem

1263 2363 1454 2395 militantem
1476 2364 1605 2404 impedit
1633 2361 1724 2394 Saul.
1770 2362 1913 2404 Tyranni
1938 2361 2119 2402 impediunt
2141 2370 2250 2392 emen·

1264 2408 1428 2439 dationem
1454 2406 1637 2444 Ecclesiae,
1662 2405 1867 2448 languebunt
1891 2406 1990 2436 animi
2014 2405 2099 2436 odiis
2132 2405 2250 2436 adver-

1263 2453 1416 2490 santium,
1441 2449 1612 2482 calumniis
1636 2456 1669 2482 ct
1692 2450 1842 2481 saevitia.

1350 2537 1490 2575 Quarto,
1522 2537 1607 2569 Sunt
1632 2543 1662 2568 et
1686 2536 1838 2567 locorum
1863 2541 1895 2566 et
1918 2540 2103 2576 temporum
2124 2533 2249 2564 incom-

1264 2581 1372 2612 moda.
1420 2581 1524 2612 losias
1549 2582 1658 2612 bonus
1684 2580 1754 2611 Rex
1780 2579 1891 2610 incidit
1920 2579 1951 2609 in
1985 2584 2113 2619 tempus
2144 2575 2249 2608 infeli-

1264 2625 1347 2656 cius.
1398 2624 1514 2656 Multis
1548 2630 1673 2656 nocent
1706 2622 1796 2656 mala
1829 2619 1980 2663 exempla
2012 2626 2045 2652 et
2073 2619 2248 2659 scandala,
