2383 2990
190 127 255 160 553
835 130 878 167 V.

189 231 320 264 evellas
350 237 383 264 et
416 232 592 270 destruas,
622 230 752 263 scilicet
787 232 961 275 arguendo
996 236 1183 273 peccatum.

188 276 232 309 Et
254 277 297 308 ad
315 275 425 307 Titum
447 275 478 307 2.
547 275 663 317 Argue
687 285 747 307 eos
772 286 845 306 eum
866 276 953 306 omni
978 275 1127 316 impet-in,
1151 274 1184 305 id

190 326 260 359 est,
295 319 532 362 praecipiendo
568 330 644 351 cum
680 319 935 351 comminatione
970 320 1039 350 irae
1064 317 1128 349 Dei
1154 323 1185 349 et

189 374 371 406 poenarum
396 369 620 395 aeternarum.
690 361 795 394 Simul
814 369 923 394 autem
949 363 1048 394 docet
1067 360 1186 393 Eccle-

189 408 251 446 sia,
288 407 378 449 quod
412 418 511 438 nemo
546 406 630 449 Legi
654 405 719 438 Dei
742 405 939 444 satisfaciat,
974 412 1005 437 et
1028 405 1186 447 proponit

188 449 409 493 Evangelium
445 451 486 481 de
520 451 719 482 remissione
752 456 968 491 peccatorum
1004 455 1035 480 et
1060 449 1185 480 iustitia

187 494 276 533 fidei,
301 505 387 536 quae
412 495 555 526 donatur
578 494 693 525 Gratis
717 499 856 536 propter
879 492 1117 531 Mediaterem,
1153 498 1185 523 et

188 537 263 570 sola
288 538 354 569 fide
373 538 547 579 accipitur.
596 537 720 569 Postea
746 547 839 575 ver0,
863 538 1031 578 quomodo
1050 535 1185 579 placeat

188 592 278 614 nova
302 582 504 620 obedientia,
530 591 593 612 suo
619 580 696 612 loco
722 581 863 612 dicetur.

275 667 408 700 Tertius
443 678 527 700 usus
563 674 626 707 est,
662 667 785 699 docere
809 671 957 704 renatos,
993 667 1047 708 qui
1073 664 1185 697 cultus

190 712 263 744 Deo
286 711 453 754 placeant.
510 711 584 743 Etsi
612 711 698 742 enim
722 710 891 752 quomodo
913 711 1018 741 renati
1039 716 1069 740 et
1094 709 1186 740 iusti-

187 754 278 788 ficati
302 755 380 794 fide,
403 756 470 786 sint
493 753 589 786 liberi
613 766 631 793 a
656 753 760 796 Lege,
781 754 956 785 dicendum
982 758 1032 784 est
1047 763 1109 784 suo
1134 751 1183 784 lo-

188 809 247 831 co:
271 798 358 831 Sunt
377 799 463 830 enim
482 797 578 830 liben’
601 808 622 830 a
644 797 749 840 Lege,
773 798 804 828 id
818 803 881 835 est,
907 808 925 828 a
950 795 1186 828 maledictione

187 853 249 875 seu
272 843 322 874 ira
345 842 421 881 Dei,
444 852 531 884 quae
553 844 585 873 in
605 841 698 883 Lege
722 841 931 883 proponitur,
956 839 1085 871 scilicet
1110 850 1185 871 eum

186 885 286 918 fidem
320 887 483 924 retinent,
507 893 539 917 et
563 886 685 917 fiducia
710 883 783 915 Filii
806 883 870 915 Dei
896 889 1083 927 repugnant
1107 894 1185 925 pec-

188 931 272 962 catis
297 935 331 961 et
352 930 491 961 vincunt
514 935 664 961 terrores
688 929 832 971 peccati:
857 931 993 970 Semper
1017 934 1128 959 tamen
1152 927 1185 957 in

189 972 256 1005 hae
279 974 348 1005 vita
372 973 528 1005 docenda
551 979 604 1006 est
626 971 710 1003 Lex.

276 1067 435 1107 Primum,
471 1074 505 1100 ut
541 1068 726 1100 habeamus
761 1067 985 1099 testimonium
1010 1065 1093 1105 Dei,
1130 1067 1185 1108 qui

189 1111 299 1145 cultus
325 1113 354 1144 ei
378 1111 546 1155 placeant,
570 1113 649 1154 quia
673 1117 777 1143 totam
801 1111 1025 1142 obedientiam
1054 1110 1185 1141 interio-

188 1166 259 1188 rem
293 1163 326 1187 et
363 1156 562 1187 exteriorem
586 1158 658 1197 regi
682 1154 751 1188 vult
777 1156 882 1187 verbo
906 1165 988 1193 suo,
1024 1154 1113 1185 iuxta
1138 1154 1184 1184 di-

188 1206 297 1232 ctum:
321 1199 357 1230 In
381 1200 574 1241 praeceptis
598 1200 680 1231 meis
705 1198 885 1230 ambulate.
913 1198 1005 1236 Item,
1030 1197 1185 1230 Lucerna

188 1243 329 1286 pedibus
354 1243 437 1275 meis
462 1244 602 1275 verbum
626 1249 730 1275 tuum.

274 1337 390 1370 Manet
419 1339 517 1370 etiam
554 1338 638 1369 ordo
672 1344 831 1369 aeternus
863 1344 896 1368 et
920 1335 1129 1368 immutabilis
1153 1337 1186 1367 in

187 1387 297 1414 mente
321 1383 444 1420 divina,
479 1388 515 1414 ut
538 1388 693 1413 creatura
717 1380 891 1412 rationalis
915 1380 990 1412 Deo
1015 1382 1185 1422 obtempe-

186 1430 238 1457 ret
268 1425 360 1456 iuxta
394 1425 536 1457 dietum:
561 1425 638 1456 Non
662 1424 756 1456 Deus
780 1423 900 1455 volens
924 1425 1126 1466 impietatem
1151 1430 1186 1455 tu

155 1485 158 1489 ·
187 1478 237 1500 eS.
284 1468 363 1500 Ideo
387 1469 524 1501 dicitur:
556 1468 622 1500 Per
646 1468 743 1500 fidem
768 1467 840 1499 Lex
863 1467 1043 1507 stabilitur,
1068 1468 1099 1499 id
1124 1473 1186 1507 est,

187 1511 254 1544 fide
276 1511 452 1544 inchoattu·
476 1513 667 1544 obedientia
692 1518 724 1544 et
747 1510 868 1553 placet.

275 1607 434 1639 Secundo
459 1619 534 1639 eum
557 1608 590 1639 in
615 1608 739 1639 renatis
763 1608 829 1639 sint
849 1605 1010 1649 reliquiae
1043 1607 1186 1650 peccati,

188 1661 345 1683 crescere
369 1652 607 1692 poenitentiam
632 1658 775 1693 oportet.
844 1650 887 1682 Ut
919 1652 1020 1693 igitur
1044 1658 1186 1693 peccata

187 1695 296 1736 magis
328 1695 503 1737 magisque
539 1702 770 1737 agnoscantur
800 1705 885 1726 voce
909 1694 1025 1736 LegiS,
1048 1696 1098 1726 ira
1121 1694 1184 1726 Dei

186 1739 407 1770 monstranda
441 1746 506 1777 est,
541 1745 574 1771 ut
611 1745 745 1770 crescat
776 1749 857 1770 vera
893 1739 1067 1777 contritio,
1100 1739 1186 1770 sicut

187 1782 348 1823 scriptum
373 1787 439 1813 est:
463 1781 517 1813 Ad
541 1793 638 1824 quem
663 1782 853 1824 respiciam,
876 1782 940 1813 nisi
963 1783 1006 1813 ad
1030 1782 1184 1822 Spiritum

188 1825 367 1857 contritum
391 1831 423 1856 et
447 1831 642 1857 trementem
666 1836 840 1857 sermones
864 1836 969 1857 meos.
1003 1824 1046 1856 Et
1070 1825 1185 1857 Domi-

187 1879 250 1900 nus
286 1869 391 1910 inquit
427 1869 470 1900 ad
504 1880 586 1900 suos
617 1868 815 1911 discipulos:
850 1869 923 1901 Nisi
946 1870 1183 1911 poenitentiarii

187 1912 337 1955 egeritiS,
364 1923 481 1944 omnes
505 1912 654 1945 similiter
678 1914 841 1955 peribitis,
864 1920 895 1944 et
911 1911 1036 1944 Paulus
1061 1913 1184 1955 inquit:

187 1956 305 1998 Argue
339 1966 398 1988 eos
431 1968 507 1988 cum
542 1957 631 1988 omni
663 1957 817 1999 imperio,
853 1956 983 1988 scilicet
1012 1957 1107 1988 vocis
1139 1957 1185 1988 di-

186 2010 295 2032 vinae.
1090 2017 1093 2019 >

275 2095 390 2138 Itaque
424 2102 561 2137 propter
596 2095 755 2139 reliquias
790 2098 934 2138 peccati,
955 2097 1053 2127 etiam
1077 2097 1184 2128 renati

187 2139 330 2171 docendi
355 2145 433 2171 sunt
467 2140 509 2171 de
537 2140 637 2181 Lege,
671 2141 757 2172 sieut
782 2147 813 2172 et
844 2141 876 2171 in
900 2139 1001 2172 Deut.
1025 2141 1184 2181 scriptum

187 2189 254 2215 est:
279 2182 428 2225 Repetas
452 2194 513 2215 seu
532 2194 636 2214 acuas
661 2184 710 2215 eis
734 2190 916 2225 praecepta
941 2195 1025 2215 mea.
1095 2184 1185 2219 Quo-

187 2227 288 2258 modo
312 2234 424 2258 autem
448 2226 665 2269 intelligenda
688 2228 731 2258 sit
755 2228 909 2259 doctrina
927 2228 968 2259 de
987 2226 1184 2259 liberatione

187 2281 208 2301 a
229 2269 335 2312 Lege,
359 2281 422 2302 suo
446 2270 524 2303 loco
548 2271 721 2312 copiosius
745 2272 875 2303 dicitur.

276 2366 462 2408 Postquam
484 2366 570 2398 haec
593 2367 636 2398 de
665 2367 772 2399 tribus
806 2368 924 2400 usibus
948 2367 1050 2409 Legis
1074 2366 1184 2400 Mora-

186 2408 228 2441 lis
253 2410 341 2441 dicta
363 2417 461 2449 sunt,
490 2411 704 2452 procedimus
727 2411 770 2442 ad
795 2410 965 2454 Decalogi
990 2410 1185 2452 explicatio-

185 2463 263 2485 nem
287 2452 628 2496 quantulamcunque,
651 2455 707 2486 ubi
727 2455 868 2497 primum
882 2456 1096 2498 cogitandum
1120 2461 1184 2494 est,

187 2496 300 2533 Quare
336 2496 409 2529 Lex
442 2496 594 2537 Moralis,
627 2508 702 2530 cum
725 2504 844 2530 natura
868 2505 947 2530 nota
977 2499 1039 2538 sit,
1071 2505 1183 2530 tamen

186 2551 273 2572 voce
296 2541 410 2572 divina
433 2551 536 2583 saepe
559 2542 701 2584 repetita
725 2543 769 2574 sit
791 2548 825 2574 et
855 2544 988 2586 magnis
1013 2542 1183 2574 miraculis

187 2584 404 2617 audientibus
451 2586 621 2617 sexcentis
667 2584 811 2618 millibus
853 2587 1001 2618 virorum
1036 2585 1183 2629 promul-

187 2633 266 2671 gata
289 2629 342 2660 sit.

906 131 1175 168 EXPLICA'i‘io
1201 133 1403 167 SYMBOLI
1427 133 1587 166 MCENI.

2167 133 2232 165 554

1327 229 1468 262 PRIMA
1493 240 1597 262 causa
1616 235 1680 268 est,
1708 228 1793 265 Quia
1818 234 1894 270 post
1919 234 2096 270 peceatum
2121 227 2231 271 caligo

1238 275 1399 312 accessit,
1425 284 1510 315 quae
1522 272 1709 305 naturalem
1722 274 1871 304 notitiam
1891 271 1967 303 fecit
1989 273 2233 310 obscuriorem,

1240 317 1327 349 sicut
1350 317 1562 349 manifestum
1586 324 1637 348 est
1662 316 1823 348 Etlmicos
1849 317 1914 347 cito
1945 317 2117 357 recepisse
2141 316 2234 346 inro-

1241 361 1390 392 cationes
1426 360 1602 393 multorum
1638 361 1806 391 numinum
1831 367 1863 391 et
1888 359 2103 391 confusiones
2128 359 2234 390 libidi-

1240 415 1328 435 num.
1398 405 1478 436 ltem
1513 405 1598 435 ratio
1631 414 1697 435 non
1729 405 1863 435 damnat
1888 404 2041 435 vitiosam
2077 403 2234 444 concupi-

1240 449 1414 487 scentiam,
1438 458 1524 490 quae
1547 449 1722 479 nobiscum
1745 448 1905 479 nascitur.
1952 447 2153 482 Quotidiana
2180 456 2235 477 ex-

1240 493 1400 533 perientia
1424 493 1455 522 in
1481 492 1634 523 omnibus
1659 491 1849 523 hominibus
1874 491 2019 522 ostendit
2050 491 2121 532 rapi
2145 501 2234 522 men-

1240 542 1304 574 teS,
1338 542 1373 566 ut
1403 536 1512 566 minus
1544 546 1663 567 severe
1697 536 1853 573 indicent,
1890 546 1963 566 eum
1989 535 2092 566 corda
2116 534 2235 566 ardent

1240 589 1345 610 coeco
1371 579 1504 617 affectu,
1529 579 1614 610 sicut
1638 579 1774 610 dicitur:
1810 579 1905 614 Quae
1930 577 2045 609 volunt
2071 577 2235 617 homineS,

1239 620 1381 654 libenter
1417 623 1566 654 credunt.
1635 622 1737 661 Item,
1770 623 1814 665 τῷ
1838 622 1895 664 γάρ
1919 623 2011 664 ἔρωτι
2035 622 2070 653 τὰ
2093 621 2135 661 μή
2158 622 2235 653 καλὰ

1239 666 1314 697 καλά
1338 670 1499 707 πέφανται.

1328 751 1541 784 SECUNDA
1567 762 1669 784 causa
1694 751 1973 795 promulgationis
1993 758 2055 791 est,
2079 753 2154 794 quia
2177 764 2236 784 vo·

1239 795 1299 828 luit
1322 796 1417 828 Deus
1443 802 1559 828 extare
1583 795 1715 827 illustre
1739 797 1974 834 testimonium,
2011 797 2099 838 quod
2125 803 2236 828 osten-

1240 841 1333 872 deret
1368 840 1432 871 has
1469 840 1604 871 notitias
1640 839 1811 871 naturales
1837 841 1877 871 ab
1903 840 1978 881 ipso
1998 841 2095 871 nobis
2119 841 2236 871 insitas

1241 895 1331 922 esse,
1356 890 1387 915 et
1412 884 1567 916 iudicium
1600 884 1827 914 conscientiae
1858 890 1889 914 et
1915 894 2079 925 pavores,
2114 884 2168 926 qui
2193 894 2235 915 ex

1239 927 1305 959 illis
1341 928 1467 959 notitiis
1503 928 1672 965 oriuntur,
1708 938 1786 959 esse
1821 927 1883 957 Dei
1914 928 2081 965 iudicium,
2106 935 2136 958 et
2161 938 2236 969 poe·

1239 982 1300 1003 nas
1326 972 1501 1003 interiores
1526 977 1558 1002 et
1582 972 1777 1009 exteriores,
1803 982 1888 1012 quae
1902 977 2086 1012 sequuntur
2099 970 2235 1010 delicta,

1239 1026 1306 1046 non
1330 1015 1486 1046 accidere
1520 1025 1620 1053 casu,
1652 1016 1712 1046 sed
1742 1016 1857 1045 ordine
1881 1015 2003 1053 divino,
2028 1021 2058 1045 et
2083 1015 2148 1046 hac
2172 1025 2236 1054 sa-,

1238 1060 1361 1101 pientia
1397 1065 1428 1090 et
1462 1057 1527 1089 hoc
1562 1059 1683 1090 iudicio
1708 1057 1809 1090 voluit
1836 1059 1907 1099 ipse
1931 1059 2045 1090 doceri
2072 1055 2235 1090 homines‘

1239 1102 1349 1145 qualis
1385 1103 1427 1134 sit
1462 1101 1574 1141 Deus,
1610 1101 1762 1134 videlicet
1801 1103 1920 1141 iustus,
1945 1113 2068 1141 verax,
2106 1108 2234 1135 castus,

1238 1147 1360 1178 vindex
1395 1145 1585 1184 scelerum,
1632 1152 1663 1177 et
1696 1144 1784 1177 velle
1823 1145 1928 1177 Deum
1964 1156 2001 1177 se
2036 1146 2182 1177 discerni
2217 1156 2237 1177 a

1238 1189 1334 1222 malis
1378 1190 1516 1228 naturis,
1557 1190 1647 1222 iuxta
1690 1190 1829 1221 dictum:
1876 1190 1952 1221 Non
1987 1189 2081 1221 Deus
2116 1189 2235 1221 volens

1239 1235 1439 1276 impietatem
1464 1240 1500 1265 tu
1525 1244 1574 1265 es.

1326 1320 1490 1352 TERTIA
1514 1331 1616 1352 causa
1639 1319 1919 1363 promulgationis
1944 1326 2012 1359 est,
2037 1320 2123 1356 Quia
2141 1320 2235 1352 Deus

1240 1363 1312 1396 vult
1341 1371 1455 1396 extare
1490 1365 1668 1396 discrimen
1704 1374 1765 1395 sua
1791 1375 1875 1396 voce
1899 1370 2122 1396 monstratum
2145 1364 2237 1396 iusti-

1241 1409 1307 1439 tiae
1341 1407 1443 1450 Legis
1479 1414 1510 1439 et
1534 1409 1678 1449 peccati,
1704 1414 1735 1438 et
1760 1407 1829 1439 vult
1856 1408 1935 1439 sciri
1961 1408 1993 1439 in
2018 1413 2088 1439 toto
2113 1418 2236 1450 genere

1240 1451 1384 1483 humano
1411 1452 1559 1483 d-nnnari
1582 1457 1768 1494 peccatum,
1793 1457 1824 1482 et
1846 1462 1975 1493 poenas
2002 1463 2066 1483 uon
2082 1453 2237 1484 accidere

1242 1506 1335 1533 casu,
1360 1496 1420 1526 sed
1445 1496 1562 1527 ordine
1585 1496 1709 1533 divino,
1735 1502 1766 1526 et
1791 1494 1888 1527 simul
1913 1496 2011 1527 etiam
2023 1494 2095 1527 vult.
2119 1506 2236 1527 omnes

1240 1539 1392 1571 homines
1418 1537 1606 1581 intelligere
1640 1550 1713 1570 cum
1740 1538 1809 1570 Lex
1835 1550 1853 1570 a
1880 1539 1951 1570 Deo
1976 1538 2164 1572 hominibus
2189 1541 2236 1571 in-

1240 1583 1303 1614 sita
1328 1583 1371 1614 sit
1390 1588 1422 1614 et
1447 1585 1606 1624 repetita,
1632 1594 1775 1614 necesse
1799 1589 1850 1613 est
1875 1594 1946 1614 eam
1971 1583 2154 1626 aliquando
2178 1584 2236 1615 im·

1239 1625 1335 1668 pleri,
1360 1633 1392 1658 et
1417 1627 1547 1658 restitui
1572 1627 1735 1669 integram
1761 1627 1993 1658 obedientiam.
2040 1627 2088 1659 lta
2107 1627 2178 1659 Lex
2198 1627 2236 1659 il-

1238 1670 1345 1702 lustre
1370 1677 1422 1702 est
1446 1671 1670 1702 testimonium
1692 1671 1734 1701 de
1759 1669 1869 1702 futura
1893 1671 1971 1703 vita.
1996 1670 2123 1713 Legem
2138 1682 2236 1714 opor-

1238 1720 1285 1745 tet
1310 1715 1438 1756 integre
1458 1714 1548 1746 fieri:
1572 1714 1647 1746 Non
1669 1714 1702 1745 fit
1727 1715 1758 1745 in
1782 1715 1845 1745 hac
1871 1715 1949 1754 vita,
1975 1715 2068 1758 Ergo
2094 1726 2236 1748 necesse

1238 1764 1289 1789 est
1315 1765 1442 1790 restare
1467 1756 1564 1789 aliam
1588 1759 1701 1796 vitam,
1724 1759 1754 1789 in
1773 1770 1838 1801 qua
1853 1758 1906 1791 vel
1930 1760 1968 1790 sit
1996 1761 2126 1801 integra
2150 1760 2235 1792 haec

1237 1802 1373 1833 iustitia.
1405 1800 1458 1833 vel
1494 1802 1537 1833 sit
1565 1812 1674 1844 poena
1699 1803 1848 1845 aequalis
1873 1804 2092 1846 magnitudini
2116 1814 2236 1845 pecea-

1247 1852 1368 1884 torum,
1392 1844 1521 1877 scilicet
1547 1852 1694 1877 aeterna.

1328 1931 1411 1964 Cum
1436 1939 1546 1965 autem
1571 1933 1714 1975 Legem,
1748 1941 1924 1975 peccatum
1948 1943 1979 1969 ct
2004 1947 2131 1978 poenas
2157 1947 2234 1968 con-

1238 1977 1439 2015 sideramus,
1474 1978 1620 2009 sciamus
1656 1977 1722 2008 hoe
1759 1979 1912 2011 iudicium
1948 1992 2014 2012 non
2045 1981 2118 2012 ideo
2144 1992 2235 2012 mon-

1239 2027 1379 2051 stratum
1417 2032 1506 2060 esse,
1540 2027 1576 2053 ut
1610 2026 1714 2053 totum
1751 2033 1860 2065 genus
1895 2025 2072 2056 humanum
2107 2031 2236 2067 pereat,
2272 2062 2275 2063 ⁷

1239 2065 1317 2106 quia
1350 2063 1446 2096 Deus
1480 2066 1593 2096 iurans
1619 2067 1738 2108 inquit:
1777 2067 1864 2099 Vivo
1889 2078 1965 2110 ego,
1990 2068 2069 2100 nolo
2094 2075 2235 2100 mortem

1238 2109 1442 2148 peccatoris,
1466 2109 1527 2140 sed
1552 2116 1585 2141 ut
1611 2116 1828 2142 convertatur
1851 2118 1881 2143 et
1896 2113 2000 2144 vivat:
2025 2112 2234 2149 Quaerafnus

1237 2152 1350 2193 igitur,
1385 2153 1553 2194 quomodo
1589 2159 1620 2184 et
1653 2164 1715 2195 per
1748 2165 1845 2197 quem
1881 2155 1958 2187 velit
1989 2166 2053 2188 nos
2077 2155 2233 2189 liberare.

1237 2195 1315 2227 ldeo
1352 2195 1475 2228 Paulus
1509 2196 1630 2238 inquit:
1653 2197 1735 2239 gLex
1759 2204 1809 2229 est
1829 2201 2051 2243 paedagogus
2077 2202 2108 2232 in
2139 2199 2234 2232 Chri-

1238 2245 1338 2277 stum,
1372 2240 1568 2279 iudicamur,
1604 2247 1639 2272 ut
1663 2249 1892 2284 agnoscentes
1916 2252 2094 2285 peceatum
2118 2243 2234 2276 confu-

1238 2283 1368 2324 giamus
1394 2284 1437 2315 ad
1460 2283 1691 2318 Mediatorem.
1750 2286 1792 2318 Et
1816 2288 1904 2328 apud
1928 2288 2069 2320 Iesaiam
2094 2289 2231 2320 dicitur:

1237 2326 1331 2358 Facit
1355 2325 1498 2359 alienum
1522 2339 1618 2370 opuS,
1642 2335 1677 2361 ut
1701 2328 1803 2362 faeiat
1829 2342 1914 2373 opus
1939 2333 2121 2374 proprium.
2190 2331 2232 2363 Et

1237 2371 1324 2412 apud
1349 2370 1550 2404 Michaeam:
1575 2372 1661 2404 Iram
1685 2373 1822 2406 Domini
1845 2377 2000 2416 portabo,
2035 2376 2095 2407 sed
2119 2375 2232 2407 Domi-

1237 2425 1301 2445 nus
1325 2416 1388 2446 erit
1410 2415 1468 2446 lux
1493 2426 1577 2447 mea.
1612 2416 1707 2448 Haec
1725 2419 1897 2458 prooemia
1922 2420 1963 2450 de
1985 2429 2050 2451 usu
2072 2418 2176 2462 Legis
2200 2426 2232 2451 et

1238 2458 1279 2489 de
1314 2459 1428 2490 causis
1460 2458 1785 2502 promulgationum,
1822 2473 1956 2504 semper
1986 2463 2020 2494 in
2044 2469 2231 2505 conspectu

1237 2502 1313 2540 sint,
1339 2508 1370 2533 et
1394 2504 1436 2534 de
1458 2503 1676 2544 amplitudine
1699 2505 1883 2547 sapientiae
1906 2506 2022 2549 Legis,
2047 2512 2080 2538 et
2104 2508 2230 2539 ordinis

1237 2545 1339 2578 divini
1362 2556 1465 2588 saepe
1488 2547 1696 2590 multumque
1720 2550 1926 2592 cogitemus.
1960 2551 2050 2592 qaod
2073 2557 2109 2582 ut
2127 2549 2231 2583 facia-

1236 2599 1322 2628 muS,
1353 2591 1534 2622 admonent
1563 2602 1626 2622 nos
1661 2602 1752 2624 mors
1788 2599 1821 2625 et
1855 2592 2018 2635 plurimae
2040 2595 2230 2626 horrendae

1234 2642 1366 2674 poenae
1395 2634 1428 2666 in
1461 2635 1526 2667 hac
1561 2635 1638 2674 vita,
1673 2647 1813 2679 quarum
1837 2638 1982 2670 omnium
2003 2639 2228 2670 consideratio
