2383 2990
161 143 226 175 619
773 140 885 172 PHIL.
910 139 1010 171 MEL.
1035 129 1223 172 SCRti‘TA
1246 139 1526 171 DOGMATwA.
2128 139 2194 171 62ss

249 236 302 268 De
327 247 431 268 coena
455 235 590 268 Domini
614 246 655 267 ex
674 235 919 278 chrysostomo
943 234 1026 266 satis
1049 240 1154 276 patet,

162 280 274 313 nullas
297 279 403 312 fuisse
426 280 572 320 privatas
596 279 733 311 Missas.
757 278 926 310 Describit
950 279 1036 309 enim
1059 288 1152 320 pres-

163 326 314 367 byterum
352 330 493 355 stantem
519 323 560 354 ad
584 333 695 361 aram,
729 329 762 353 et
784 329 960 354 vocantem
979 321 1150 364 populum,

163 374 198 400 ut
221 368 361 400 accedat
383 367 427 398 ad
451 367 724 398 communionem.

1174 401 1179 438 Ι

251 453 284 484 ln
309 452 421 484 libello
447 453 487 483 de
511 452 670 495 dignitate
689 452 868 484 sacerdotii
887 452 1013 483 erudite
1026 451 1150 483 discer-
1174 453 1179 472 ¹

163 498 210 529 nit
233 496 362 528 civilem
387 501 418 527 et
441 495 714 527 Ecclesiasticam
737 502 948 536 potestatem,
972 501 1071 537 negat
1088 494 1150 526 Ec-

164 540 386 573 clesiasticam
410 538 533 571 habere
557 541 628 571 eius
651 540 828 570 coercendi
852 539 884 570 vi
908 538 1085 580 corporali.

499 706 562 746 De
595 705 828 746 Ambrosio.

250 841 374 875 Multas
399 851 520 873 causas
544 841 675 883 attingit
698 841 909 878 Ambrosius,
931 838 1087 871 videlicet
1111 840 1152 870 de

164 887 334 924 Trinitate,
359 892 475 917 contra
498 884 725 922 Nox-atianos,
749 884 790 914 de
819 882 1064 915 iustificatione.
1111 882 1153 913 Et

164 940 352 973 quanquam
375 929 406 959 in
432 928 676 959 commentariis
699 927 863 958 interdum
887 924 1064 957 dissimiles
1078 936 1153 957 sen-

163 974 286 1005 tentiae
320 973 547 1014 reperiuntur,
582 972 637 1012 qui
671 981 737 1002 non
769 976 836 1001 tam
864 971 906 1001 ab
930 970 1003 1011 ipso
1027 969 1153 1010 scnipfi,

164 1028 262 1059 quam
286 1017 327 1048 ab
351 1014 424 1047 aliis
443 1016 591 1055 excerpti
615 1024 693 1045 esse
715 1014 880 1052 videntur,
899 1018 1007 1044 tamen
1026 1012 1154 1054 perspi-

163 1071 261 1092 cuum
296 1065 348 1091 est
381 1069 423 1090 ex
446 1059 517 1089 eius
540 1056 747 1099 longioribus
773 1056 1055 1098 disputationibus
1078 1066 1154 1087 sen-

164 1105 251 1135 sisse
276 1114 349 1135 eum
374 1103 415 1133 de
438 1102 545 1144 gratia
564 1107 597 1132 et
620 1102 661 1132 de
688 1100 943 1138 iustificatione,
978 1100 1068 1142 quod
1090 1109 1154 1131 nos

164 1148 333 1179 docemus.

251 1233 285 1264 ld
310 1237 451 1263 testatur
472 1230 625 1273 Epistola
649 1230 692 1261 ad
714 1230 887 1262 irenaeum
901 1230 942 1261 de
955 1228 1095 1260 Paulino
1109 1229 1155 1260 di·
1179 1253 1184 1286 1

166 1284 242 1309 cto:
288 1275 358 1306 Lex
382 1275 464 1306 iram
488 1273 602 1312 efficit,
622 1272 773 1315 Epistola
797 1274 849 1304 71.
878 1273 934 1304 ubi
958 1274 1007 1304 sic
1038 1274 1155 1314 inquit:
1180 1289 1184 1293 -

164 1320 214 1351 Ex
239 1319 396 1360 operibus
409 1318 511 1360 Legis
529 1328 626 1348 nemo
650 1316 858 1355 iustihcatur,
882 1316 914 1347 id
939 1322 1001 1354 est,
1026 1327 1086 1358 per
1110 1315 1155 1347 le-

166 1374 240 1407 gem
263 1367 438 1404 peccatum
463 1362 697 1404 cognoscitur,
731 1361 792 1391 sed
816 1359 914 1401 culpa
938 1371 1004 1391 non
1029 1359 1157 1391 relaxa-

164 1413 227 1438 tur.
275 1406 423 1437 Veniens
446 1403 723 1447 igiturDoniinus
741 1405 833 1436 Iesus
857 1409 1030 1445 peccatum
1054 1404 1157 1434 omni-

166 1451 241 1488 bus,
264 1450 355 1491 quod
379 1459 476 1481 nemo
500 1453 630 1490 poterat
653 1448 789 1485 evitare,
809 1448 956 1485 donavit,
993 1453 1025 1478 et.
1049 1446 1157 1477 chiro-

168 1493 331 1535 graphum
354 1498 506 1524 nostrum
539 1493 589 1522 sui
625 1492 797 1533 sanguinis
829 1491 991 1522 effusione
1025 1488 1158 1528 delevit,

164 1537 231 1568 hoc
254 1542 317 1574 est,
341 1537 429 1578 quod
452 1536 572 1577 inquit:
593 1534 882 1576 Superabundavit
899 1540 1074 1575 peccatum
1097 1543 1158 1575 per

164 1579 286 1623 legem,
320 1579 604 1621 superabundavit
626 1579 733 1619 gratia
762 1589 822 1619 per
845 1578 954 1609 Iesum
977 1577 1158 1613 Christum,

165 1625 252 1655 sicut
275 1622 440 1654 lohannes
462 1622 582 1664 inquit:
626 1621 716 1653 Ecce
740 1632 849 1664 agnus
871 1621 954 1659 Dei,
988 1621 1044 1663 qui
1073 1619 1157 1651 tollit

167 1672 309 1709 peccata
333 1672 395 1698 etc.
422 1666 500 1697 Ideo
525 1676 621 1696 nemo
646 1664 807 1707 glorietur
830 1666 862 1696 in
886 1665 1056 1705 operibus,
1080 1664 1157 1705 quia

166 1721 265 1742 nemo
288 1709 386 1741 sactis
410 1710 480 1741 suis
504 1709 714 1747 iustificatur‚
739 1709 798 1740 sed
823 1709 877 1751 qui
900 1709 1008 1739 iustus
1023 1713 1087 1745 est,
1100 1707 1157 1738 do-

168 1761 282 1786 natum
316 1752 428 1791 habet,
463 1752 538 1794 quia
573 1763 635 1794 per
658 1751 828 1784 Christum
862 1751 1060 1783 iustificatus
1095 1756 1158 1782 est..

167 1798 266 1829 Fides
302 1806 383 1838 ergo
409 1802 476 1836 est,
512 1806 597 1837 quae
620 1794 739 1827 liberat
763 1806 823 1837 per
845 1795 1039 1837 sanguinem
1065 1793 1158 1825 Chri-

166 1841 220 1879 sti,
245 1841 321 1882 quia
346 1841 462 1871 beatus
486 1837 554 1878 ille,
578 1839 818 1881 euipeccatum
837 1839 1023 1875 remittitur,
1047 1843 1078 1869 et
1104 1847 1159 1868 ve·

166 1886 220 1915 nia
243 1884 396 1915 donatur.

1181 1825 1185 1851 Ι

255 1970 297 2001 Et
331 1968 456 2001 similes
498 1969 683 2000 sententiae
718 1967 843 2010 aliquot
878 1968 1088 2009 reperiuntur
1127 1967 1160 1998 in

169 2014 243 2045 aliis
277 2012 361 2045 locis
396 2013 484 2054 apud
508 2012 596 2044 hunc
627 2013 838 2053 scriptorem,
862 2018 898 2043 ut
917 2012 957 2042 de
982 2011 1160 2042 vocatione

171 2057 328 2100 gentium.
374 2056 455 2088 Item
489 2057 531 2087 ad
554 2055 802 2087 Demetriadem
826 2055 1000 2097 virginem,
1033 2055 1091 2086 ubi
1113 2054 1160 2085 in-

169 2101 252 2142 quit:
271 2100 343 2131 Nec
366 2101 410 2131 ob
433 2098 522 2130 aliud
542 2100 640 2130 datur
663 2104 888 2140 praeceptum,
917 2099 980 2129 nisi
1004 2104 1039 2129 ut
1063 2107 1162 2139 quae-

170 2150 262 2175 ratur
286 2143 519 2184 praecipientis
542 2141 711 2174 auxilium.
770 2141 946 2173 Caeterum
971 2142 1042 2172 cius
1066 2139 1161 2172 titulo

172 2192 285 2218 extant
308 2187 470 2229 quaedam
494 2185 767 2227 praeparationes
792 2185 834 2216 ad
857 2185 1008 2223 Missam,
1042 2189 1074 2215 et
1097 2183 1162 2215 alia

171 2230 333 2272 quaedam
352 2230 473 2268 inania,
491 2239 577 2271 quae
596 2229 749 2260 videntur
773 2238 850 2259 esse
873 2227 1100 2270 suppositicia.

478 2397 543 2437 De
575 2396 840 2451 Hieronymo.

259 2533 482 2577 Hieronymus
513 2534 546 2564 in
570 2533 782 2564 versionibus
805 2529 917 2563 utilem
941 2540 1077 2573 operam
1100 2529 1164 2561 Ec-

172 2577 298 2609 clesiae
318 2577 464 2615 navavit,
483 2582 515 2608 et
539 2586 727 2619 quanquam
761 2575 991 2607 enarrationes
1015 2573 1164 2614 Prophe-

173 2628 281 2652 tarum
311 2627 388 2653 sunt
422 2626 557 2657 tenueS,
597 2625 708 2651 tamen
743 2619 955 2650 historiarum
989 2615 1165 2659 explicatio

1204 240 1337 276 sumpta
1359 244 1380 265 a
1402 233 1571 265 veteribus
1595 239 1647 265 est
1668 233 1770 265 utilis.
1805 234 1859 266 De
1880 235 2091 276 dogmatibus
2113 245 2194 275 pau-

1205 288 1246 310 ca
1279 277 1424 318 scripsit.
1470 277 1646 308 Adversus
1670 277 1873 309 lovinianum
1897 277 1995 309 valde
2019 277 2194 309 confirmat

1203 320 1311 352 falsas
1346 326 1379 351 et
1411 321 1665 361 superstitiosas
1689 321 1863 362 opiniones
1894 322 1936 352 de
1959 321 2193 353 traditionibus

1203 364 1366 395 humanis.
1422 362 1596 405 Vituperat
1630 364 1843 406 coniugium,
1887 371 1919 396 et
1952 363 2195 396 contumeliosa

1204 408 1355 439 oratione
1399 407 1606 445 insectatur,
1648 417 1734 449 quae
1766 418 1975 449 nequaqnam
2010 408 2110 449 digna
2143 412 2196 438 est

1203 450 1405 482 Christiano.
1451 448 1586 492 Colligit
1608 449 1694 482 male
1717 451 1865 482 detortas
1899 451 2083 483 sententias
2107 450 2195 482 Scri-

1202 501 1332 536 pturae,
1356 493 1451 535 quasi
1475 494 1662 534 vituperent
1686 494 1885 534 coniugium,
1919 500 1971 526 ut:
2017 494 2053 526 Si
2076 503 2195 525 secun-

1203 539 1281 569 dum
1305 547 1438 568 carnem
1460 537 1621 574 vinei-iti&
1645 538 1838 575 moriemini,
1861 543 1893 569 et
1916 536 2061 576 similes,
2085 542 2118 569 et
2140 546 2195 568 ex·

1203 590 1322 623 presse
1345 580 1436 618 dicit,
1461 590 1528 611 non
1553 579 1685 611 differre
1708 582 1915 612 ameretrice
1926 582 2104 613 nubentem
2119 584 2197 621 post

1204 624 1372 655 secundas
1406 624 1550 664 nuptias.
1608 623 1711 662 ltem,
1741 625 1961 665 spectandum
1995 634 2094 659 esse,
2128 632 2197 654 non

1204 667 1282 709 quid
1316 667 1478 698 concedat
1511 666 1618 705 Deus,
1652 668 1713 698 sed
1748 667 1824 709 quid
1851 666 1947 706 velit,
1982 667 2078 709 quasi
2100 666 2196 698 Deus

1204 720 1271 741 non
1295 708 1375 741 velit
1398 710 1600 752 coniugium.
1647 710 1822 741 Postremo
1858 710 1990 742 ethnico
2013 720 2106 742 more
2129 707 2197 740 col-

1204 752 1276 795 ligit
1296 752 1449 795 vulgaria
1472 753 1623 785 convicia
1658 764 1762 785 sexus
1799 752 1981 792 muliebris,
2017 760 2050 785 et
2083 753 2196 785 coniu-

1205 797 1261 838 gii,
1297 797 1338 827 (le
1373 797 1492 838 quibus
1516 796 1727 828 Christianus
1751 795 1852 840 longe
1875 796 1970 828 aliter
1993 798 2117 829 sentire
2140 797 2196 827 de-

1206 840 1272 877 bet,
1307 839 1361 880 qui
1396 840 1461 871 scit
1490 850 1628 871 causam
1660 840 1862 871 infirmitatis
1891 841 1923 871 in
1946 847 2091 882 utroque
2112 849 2198 871 sexu

1206 892 1283 913 esse
1307 888 1446 913 naturae
1470 883 1738 922 corruptionem,
1774 890 1805 914 et
1830 889 1939 915 tamen
1969 890 2107 925 propter
2130 882 2197 914 De·

1206 936 1260 956 um
1285 926 1380 956 sexui
1405 925 1614 956 tribuendum
1637 935 1715 956 esse
1738 925 1919 964 honorem,
1949 932 1982 957 et
2005 937 2080 958 cum
2103 925 2198 956 Deus

1206 979 1272 1000 non
1307 967 1431 999 frustra
1456 969 1641 999 condiderit
1664 967 1752 999 hunc
1776 979 1913 1007 sexum,
1946 968 2197 1011 agnoscendum

1206 1022 1283 1043 esse
1318 1022 1403 1053 opus
1426 1011 1501 1049 Dei,
1535 1018 1568 1042 et
1598 1012 1838 1054 ordinationem
1872 1013 2015 1043 divinam
2038 1009 2198 1055 magnifa-

1208 1055 1368 1087 ciendam.
1414 1055 1486 1085 Nec
1520 1060 1571 1086 est
1605 1055 1713 1086 minor
1745 1055 1919 1086 infirmitas
1953 1056 2137 1087 animorum
2165 1055 2200 1085 in

1208 1099 1301 1137 viris,
1326 1099 1358 1129 in
1381 1098 1538 1140 negotiis,
1564 1108 1649 1139 quae
1669 1099 1748 1129 viris
1774 1099 1953 1130 commissa
1976 1106 2070 1137 sunt,
2106 1097 2199 1130 Chri-

1208 1143 1337 1173 stianus
1370 1148 1482 1173 autem
1515 1147 1652 1182 propter
1676 1141 1782 1173 Deum
1806 1140 1871 1173 fert
1894 1147 1927 1173 et
1949 1143 2076 1186 mitigat
2098 1143 2198 1173 imbe-

1208 1184 1378 1217 cillitatem
1412 1186 1444 1216 in
1480 1185 1582 1216 sociis
1607 1185 1703 1216 huius
1726 1186 1814 1216 vitae
1843 1185 1999 1216 divinitus
2024 1185 2198 1222 adiunctis,

1209 1235 1241 1260 et
1265 1229 1509 1260 cohaeredibus
1533 1235 1689 1260 aeternae
1713 1227 1852 1271 gloriae,
1875 1235 1909 1260 et
1927 1229 1992 1260 scit
2003 1229 2113 1260 Deum
2132 1227 2200 1260 vel-

1208 1272 1252 1311 le,
1281 1278 1317 1302 ut
1351 1270 1427 1303 illas
1452 1282 1620 1310 euremuS,
1654 1278 1811 1313 tanquam
1835 1278 1962 1313 partem
1986 1273 2119 1314 generis
2141 1271 2200 1303 hu-

1209 1316 1314 1353 mani,
1351 1326 1417 1346 non
1452 1316 1673 1356 despiciamus
1696 1314 1871 1347 Diabolica
1894 1317 2062 1356 superbia.
2108 1315 2201 1347 Haec

1209 1366 1309 1401 atque
1332 1357 1397 1390 alia
1420 1359 1451 1389 in
1476 1358 1563 1390 hanc
1593 1360 1791 1390 sententiam
1822 1360 1854 1390 in
1879 1358 2067 1390 Christiana
2090 1359 2201 1400 dispu-

1209 1405 1335 1434 tatione
1368 1403 1479 1443 potius
1515 1403 1654 1433 dicenda
1689 1409 1800 1440 erant,
1835 1413 1932 1444 quam
1966 1401 2024 1433 illa
2046 1401 2201 1434 scurrilia

1211 1446 1363 1478 convicia
1387 1455 1489 1477 sexus
1513 1452 1544 1477 et
1563 1446 1694 1477 divinae
1718 1446 1948 1477 ordinationis.

1296 1532 1348 1564 De
1371 1532 1563 1563 discrimine
1588 1533 1736 1564 ciborum
1760 1531 1873 1564 laudat
1896 1532 1977 1563 ritus
2001 1532 2074 1563 sine
2096 1532 2202 1564 verbo

1209 1576 1272 1607 Dei
1306 1576 1487 1613 institutos,
1521 1582 1677 1617 tanquam
1713 1574 1822 1607 cultus
1845 1574 1921 1614 Dei,
1955 1575 2023 1606 lmo
2046 1581 2203 1618 tanquam

1209 1618 1458 1662 perfectionem.
1506 1618 1657 1650 Ridicula
1691 1629 1757 1650 vox
1785 1624 1848 1656 est,
1883 1629 1981 1660 quam
2015 1619 2122 1660 pouit:
2170 1619 2201 1651 Si

1210 1664 1261 1695 vis
1285 1661 1454 1704 perfectus
1479 1672 1568 1701 esse,
1605 1663 1728 1693 bonum
1763 1668 1814 1693 est
1850 1663 1961 1693 vinum
1984 1672 2051 1693 non
2077 1664 2202 1700 bibere,

1210 1714 1243 1738 et
1277 1717 1412 1738 carnem
1442 1716 1510 1737 non
1545 1706 1768 1742 manducare,
1802 1706 1858 1736 ubi
1882 1704 1970 1736 male
1994 1706 2133 1737 detorsit
2156 1706 2203 1737 di-

1211 1757 1298 1781 ctum
1313 1749 1418 1787 Pauli,
1442 1750 1498 1791 qui
1518 1760 1593 1780 cum
1615 1749 1737 1790 inquit:
1761 1748 1890 1780 Bonum
1915 1755 1966 1779 est
1990 1759 2124 1780 carnem
2136 1758 2203 1780 non

1210 1795 1322 1831 edere,
1347 1793 1449 1831 addit,
1470 1793 1498 1823 si
1521 1791 1616 1823 fratri
1640 1798 1759 1823 noceat
1784 1790 1980 1833 exemplum.
2027 1791 2112 1823 cum
2147 1803 2204 1824 au-

1210 1843 1275 1868 tem
1300 1846 1442 1867 necesse
1465 1836 1519 1873 sit,
1543 1835 1629 1867 tales
1654 1836 1909 1877 superstitiones
1932 1835 1965 1866 in
1978 1834 2134 1866 Ecclesia
2152 1845 2204 1867 re-

1211 1879 1382 1922 prehendi,
1416 1880 1548 1921 pariunt
1583 1879 1669 1910 enim
1703 1878 1789 1910 alios
1813 1877 1934 1910 multos
1960 1888 2104 1917 errores,
2126 1889 2205 1921 pru·

1212 1924 1330 1955 denter
1364 1924 1404 1954 de
1428 1921 1495 1954 illis
1520 1923 1768 1954 inconsiderate
1787 1922 1883 1953 dictis
1906 1922 2117 1953 iudicandum
2140 1928 2203 1954 est.

1299 2009 1335 2040 ln
1360 2009 1494 2051 dialogo
1519 2015 1637 2040 contra
1660 2007 1831 2050 Pelagium
1855 2014 1946 2039 recte
1971 2009 2129 2049 disputat,
2151 2018 2205 2040 re-

1211 2053 1425 2085 novationem
1448 2063 1515 2083 non
1539 2051 1608 2083 fieri
1633 2057 1762 2083 tantum
1787 2052 1913 2082 viribus
1947 2050 2043 2083 liberi
2067 2051 2206 2090 arbitrii,

1212 2097 1273 2128 sed
1293 2107 1378 2139 opus
1402 2106 1480 2127 esse
1503 2093 1625 2126 auxilio
1649 2095 1789 2136 Spiritus
1813 2095 1930 2126 sancti.
1976 2094 2083 2127 Recte
2106 2094 2206 2126 etiam

1213 2147 1314 2183 negat
1327 2139 1473 2173 Sanctos
1497 2148 1572 2170 esse
1596 2139 1669 2170 sine
1691 2144 1852 2180 peccato,
1875 2144 1908 2169 et
1930 2139 2022 2179 ponit
2045 2148 2206 2170 memora·

1213 2183 1279 2215 bile
1303 2183 1439 2214 dictum:
1463 2181 1558 2213 Tunc
1581 2182 1658 2213 iusti
1682 2191 1818 2220 sumus,
1842 2182 1976 2223 qnando
1999 2191 2062 2213 nos
2085 2191 2206 2223 pecca-

1214 2233 1305 2258 tores
1329 2236 1406 2257 esse
1429 2224 1588 2263 fatemur,
1625 2230 1658 2256 et
1687 2224 1811 2256 iustitia
1834 2231 1951 2256 nostra
1975 2235 2042 2255 non
2066 2235 2107 2256 ex
2129 2234 2207 2267 pro-

1213 2270 1284 2311 prio
1318 2269 1454 2307 merito,
1501 2269 1562 2300 sed
1593 2278 1634 2299 ex
1668 2267 1732 2299 Dei
1769 2268 1999 2299 misericordia
2033 2268 2206 2311 contingit.

1214 2313 1280 2344 Sed
1305 2318 1425 2354 postea
1448 2322 1514 2343 non
1539 2312 1620 2343 satis
1646 2312 1739 2349 dicit,
1773 2318 1913 2352 peccata
1937 2311 2137 2342 Sanctorum
2159 2311 2207 2343 in-

1214 2355 1318 2398 telligi
1343 2356 1384 2387 de
1407 2354 1594 2387 actualibus
1617 2354 1784 2397 peccatis,
1816 2361 1851 2385 ut
1873 2354 2013 2386 flammis
2037 2353 2207 2386 libidinum

1215 2406 1271 2431 aut
1294 2399 1496 2437 iracundiae,
1520 2404 1553 2430 et
1576 2399 1750 2436 similibus,
1775 2408 1842 2429 non
1865 2396 2020 2440 intelligit
2042 2398 2083 2429 de
2107 2398 2207 2429 inter-

1214 2444 1305 2482 iore,
1339 2448 1372 2474 et
1406 2448 1567 2484 perpetua
1590 2441 1806 2480 dubitatione,
1830 2442 2022 2479 securitate,
2052 2441 2206 2482 eoncupi-

1215 2487 1353 2518 scentia.
1389 2485 1529 2517 Constat
1552 2485 1653 2527 igitur
1675 2483 1799 2516 multos
1822 2495 1900 2516 esse
1922 2485 1955 2516 in
1978 2485 2113 2526 scriptis
2131 2484 2206 2516 Hie·

1215 2529 1345 2572 ronymi
1368 2540 1435 2561 non
1459 2528 1600 2572 exiguos
1625 2527 1754 2571 lapsuS.

2358 2889 2373 2990 V—„nv-
