2383 2990
151 133 216 166 357
226 131 231 134 “

151 227 330 266 scelerum,
365 232 474 258 tamen
507 236 575 257 non
610 232 723 267 potest
756 233 915 266 statuere,
949 238 993 259 an
1024 233 1056 259 et
1082 239 1141 259 cur

151 271 358 309 exaudiatur,
381 271 447 301 imo
460 269 636 311 dupliciter
659 276 761 309 errat,
785 277 818 301 et
837 272 878 302 de
903 271 1050 302 essentia
1066 271 1141 309 Dei,

150 320 182 346 et
206 315 247 345 de
270 313 441 345 voluntate
465 313 540 344 Dei.
588 313 659 345 Hac
684 315 914 345 distributione
927 320 1060 345 utamur
1084 316 1141 345 do-

149 358 247 397 cendi
282 367 397 396 causa,
431 363 467 388 ut
501 355 618 388 melius
654 358 851 399 cogitemus,
885 358 963 398 quid
987 358 1029 388 sit
1051 357 1142 389 idola

149 401 367 432 comminisci.
435 400 508 431 Etsi
544 401 628 431 enim
657 401 769 432 dicunt
793 400 938 437 Ethnici,
973 400 1086 432 ludaei
1110 407 1142 432 et

146 442 415 482 Mahometistae,
450 453 488 474 se
522 443 588 475 hoc
622 445 793 476 nominare
816 443 939 483 Deum,
975 445 1065 485 quod
1089 450 1141 475 est

147 486 338 529 intelligens
363 487 521 525 essentia,
557 492 705 525 aeterna,
741 489 840 525 bona,
872 488 969 527 iusta,
991 489 1140 528 omnipo-

147 535 234 568 tens,
261 530 425 561 conditrix
449 530 572 568 mundi,
595 536 703 561 tamen
727 537 851 572 negant
876 530 965 562 hunc
986 542 1063 562 esse
1086 542 1140 562 ve-

146 583 221 604 rum
239 573 377 611 Deu1n,·
394 575 449 615 qui
473 584 509 605 se
528 574 562 604 in
584 573 741 604 Ecclesia
760 573 935 614 patefecit,
972 575 1027 615 qui
1051 573 1139 605 affir-

146 622 214 647 mat
248 627 326 647 esse
360 628 459 648 unam
493 619 672 647 essentiam
708 617 870 655 divinam,
913 618 1140 655 conditricem,

146 659 293 698 Patrem,
329 659 448 692 Filium
483 666 515 691 et
549 660 707 700 Spiritum
737 667 901 691 sanctum.
969 661 1141 692 Aberrant

147 703 247 744 igitur
270 714 290 734 a
314 714 393 735 vero
417 703 505 741 Deo,
529 705 583 744 qui
609 714 646 734 se
671 704 772 735 certis
797 709 827 734 et
842 702 1028 734 illustribus
1049 704 1140 735 testi-

146 747 266 777 moniis
290 745 460 787 patefecit,
484 753 515 777 et
540 747 669 788 tingunt
692 747 755 777 sibi
779 746 902 788 aliquid
923 757 1000 777 esse
1020 746 1140 785 Deum,

147 790 220 821 sine
243 789 468 831 patefactione
492 790 620 828 divina,
655 796 688 821 et
711 788 764 821 alii
785 788 869 820 alios
893 789 1027 821 furores
1051 802 1140 821 com·

146 834 376 872 niiniscuntur,
400 840 435 864 ut
460 833 565 864 Stoici
589 834 739 876 cogitant
763 833 874 864 Deum
898 844 974 865 esse
998 840 1139 865 mentem

145 875 290 908 infusam
314 878 446 915 inundo,
471 887 557 918 qnae
577 887 642 908 non
668 878 776 919 possit
794 876 890 908 aliter
903 888 1017 920 agere,
1041 889 1140 920 quam

145 920 233 951 sicut
258 920 345 951 cient
368 930 450 952 suos
475 926 586 951 motus
611 931 736 952 causae
761 922 942 952 secundae.

232 1005 357 1038 Postea
381 1012 493 1038 errant
526 1006 670 1045 Etlinici,
704 1006 829 1045 Iudaei,
866 1007 1138 1045 Mahomctistae,

144 1055 178 1082 et
211 1049 265 1081 alii
299 1050 416 1082 hostes
451 1049 629 1093 Evangelii
663 1051 761 1082 etiam
790 1051 831 1082 de
862 1050 1034 1082 voluntate
1064 1050 1140 1089 Dei,

145 1094 223 1135 quia
245 1094 402 1136 ignorant
420 1092 642 1125 Mediatorem
666 1100 699 1125 et
722 1095 982 1136 promissioneS,
1017 1106 1057 1126 ac
1082 1096 1140 1127 du-

145 1137 261 1173 bitant,
297 1148 340 1168 an
374 1138 579 1177 recipiantur
613 1144 646 1168 et
680 1139 902 1169 exaudiantur
936 1150 955 1169 a
989 1138 1077 1177 Deo,
1109 1145 1141 1170 et

146 1191 337 1222 quanquam
356 1181 388 1211 in
413 1182 514 1212 rebus
538 1181 695 1212 secundis
720 1182 817 1212 otiosi
841 1182 990 1223 cogitant
1014 1192 1052 1213 se
1064 1182 1139 1213 Deo

147 1234 249 1255 curae
273 1234 362 1262 esse,
385 1230 497 1255 tamen
521 1231 640 1265 postea
663 1225 695 1255 in
718 1225 852 1263 iudicio,
876 1231 931 1256 aut
956 1224 1140 1264 doloribus,

146 1276 242 1298 suam
278 1260 515 1299 dubitationem
540 1267 754 1306 confitentur,
787 1268 843 1300 vel
867 1268 1021 1310 Epicurei
1047 1269 1140 1307 fiunt,

146 1309 201 1341 vel
223 1310 414 1342 irascuntur
437 1311 533 1349 Deo,
567 1322 607 1343 ae
631 1308 774 1343 fremunt
796 1313 962 1343 adversus
986 1313 1142 1344 iudicium

145 1362 228 1384 81115.

208 1438 271 1470 Η18
284 1439 384 1481 igitur
406 1449 551 1471 necesse
563 1445 616 1471 est
634 1446 751 1471 tenere
765 1440 952 1471 doctrinam
966 1451 1068 1483 saepe
1091 1452 1142 1473 re-

142 1482 281 1524 petitam
305 1493 325 1514 a
348 1481 432 1514 Filio
455 1481 534 1513 Dei:
560 1482 624 1518 Qui
648 1494 715 1514 non
738 1482 882 1515 honorat
905 1483 1044 1523 Filium,
1073 1495 1141 1516 non

144 1526 289 1557 honorat
307 1525 454 1558 Patrem.
498 1525 593 1565 Item,
619 1526 726 1558 Nemo
750 1527 841 1558 venit
862 1528 905 1558 ad
919 1527 1053 1560 Patrem
1076 1529 1141 1560 nisi

142 1580 204 1611 per
226 1568 357 1601 Filium.
424 1569 518 1608 Item,
554 1569 647 1602 Haec
673 1575 726 1602 est
748 1571 816 1601 vita
839 1577 989 1610 aeterna,
1024 1578 1059 1603 ut
1083 1582 1139 1603 co-

143 1619 311 1654 gnoscant
335 1618 368 1644 te
391 1611 500 1644 solum
524 1624 640 1645 verum
664 1613 786 1651 Deum,
821 1621 855 1645 et
889 1625 987 1655 quem
1022 1616 1141 1647 misisti

142 1655 254 1687 lesum
277 1666 355 1687 esse
379 1655 559 1688 Christum.
584 1656 675 1695 Item,
695 1657 733 1688 Si
756 1658 831 1698 quis
856 1657 963 1700 diligit
982 1669 1046 1697 me,
1070 1669 1141 1690 ser-

143 1709 277 1737 monem
300 1710 408 1731 meum
431 1701 591 1739 servabit,
614 1706 648 1731 et
670 1706 765 1742 pater
788 1711 883 1732 meus
915 1700 1031 1743 diliget
1053 1712 1140 1741 eum,
1165 1689 1169 1724 1

144 1747 178 1773 et
199 1743 242 1774 ad
266 1752 343 1774 eum
376 1743 562 1782 veniemus,
597 1749 630 1775 et
652 1745 860 1775 mansionem
883 1745 971 1786 apud
995 1756 1071 1777 eum
1092 1745 1141 1777 fa-

145 1786 282 1817 ciemus.
327 1787 419 1824 Item,
444 1796 520 1818 cum
543 1797 611 1818 non
634 1793 752 1818 nosset
782 1788 924 1819 mundus
947 1788 1057 1820 Deum
1080 1800 1141 1830 per

143 1829 353 1870 sapientiam,
387 1828 513 1871 placuit
547 1831 577 1861 ei
610 1841 671 1871 per
697 1830 832 1862 stultam
854 1832 1140 1873 praedicationem

142 1871 260 1904 salvos
284 1871 399 1904 facere
423 1873 610 1905 credentes.
657 1873 720 1910 Qui
743 1884 811 1906 non
835 1876 941 1907 credit
964 1876 997 1906 in
1008 1875 1139 1916 Filium,

141 1915 192 1947 ira
209 1914 275 1947 Dei
298 1922 412 1948 manet
435 1926 538 1958 super
561 1927 648 1949 eum.

229 2001 324 2034 Haec
347 2009 381 2035 et
399 2001 519 2035 similia
542 2003 632 2035 dicta
654 2002 821 2036 affirmant
843 2014 912 2035 non
924 2011 1017 2036 recte
1036 2015 1140 2048 agno-

141 2046 191 2078 sci
213 2045 323 2078 Deum
353 2048 426 2078 sine
456 2048 574 2079 notitia
596 2047 792 2079 Mediatoris
818 2053 852 2079 et
868 2049 1138 2090 promissionum.

139 2089 347 2122 Discernunt
369 2091 470 2133 igitur
488 2090 679 2123 Ecclesiam
703 2102 723 2122 a
746 2092 887 2123 caeteris
911 2093 1081 2134 «ξς-8111111115,
1106 2100 1140 2126 et

140 2134 175 2165 in
209 2144 290 2165 vera
320 2134 546 2173 invocatione,
582 2134 736 2177 singulae
770 2146 938 2177 personae
962 2136 1139 2169 intuendae

141 2182 232 2215 sunt,
256 2183 289 2208 et
312 2178 526 2220 cogitandum
550 2184 613 2217 est,
638 2189 725 2221 quae
747 2180 813 2210 sint
833 2178 964 2218 officia,
995 2186 1027 2211 et
1051 2190 1139 2222 quae

142 2220 351 2263 singularum
371 2222 446 2252 sint·
458 2223 694 2262 proprietates,
717 2223 858 2255 invocas
881 2222 981 2254 simul
1004 2223 1138 2256 Patrem

142 2270 327 2303 aeternum,
351 2263 471 2296 Filium
495 2271 527 2296 et
550 2266 711 2307 Spiritum
733 2273 898 2304 sanctum,
919 2273 952 2297 et
975 2269 1138 2309 agnoscis

143 2317 203 2339 805
222 2318 302 2339 8558
324 2318 424 2339 unam
448 2310 631 2341 essentiam
650 2310 813 2347 divinam,
848 2311 1064 2342 conditricem
1086 2321 1138 2342 re-

141 2361 226 2389 rum,
260 2356 294 2382 et
328 2351 586 2392 opitulatricem,
621 2352 719 2385 simul
752 2355 851 2385 etiam
886 2354 996 2385 credis
1020 2352 1138 2386 Filium

142 2404 220 2426 esse
242 2395 393 2433 missum,
417 2400 452 2426 ut
475 2396 518 2426 sit
540 2397 755 2438 propitiator,
784 2403 923 2438 propter
947 2408 1045 2439 quem
1068 2403 1138 2430 tota

142 2438 298 2470 divinitas
322 2443 355 2469 te
379 2439 498 2479 recipit
520 2445 553 2470 et
577 2441 722 2479 exaudit,
747 2447 779 2472 et
803 2442 859 2483 qui
883 2447 934 2472 est
969 2441 1057 2481 λόγος
1080 2452 1138 2482 pa-

141 2479 285 2513 tefactor
318 2481 511 2524 Evangelii,
547 2488 579 2514 et
608 2494 727 2516 revera
757 2491 809 2516 est
833 2483 956 2516 efficax
980 2486 1012 2516 in
1036 2486 1138 2517 corde

142 2529 201 2555 tuo
226 2536 302 2557 cum
321 2536 406 2557 voce
426 2525 602 2568 Evangelii
626 2532 660 2558 te
683 2534 866 2567 sustentas,
889 2529 921 2560 in
946 2539 1011 2570 qua
1025 2530 1138 2562 cea-nis

142 2567 349 2600 voluntatem
383 2568 468 2608 Dei,
503 2576 536 2601 et
570 2570 707 2603 effundit
740 2572 899 2613 Spiritum
929 2578 1084 2603 sanctum
1106 2576 1138 2604 in

143 2621 204 2643 cor
226 2617 331 2652 tuum,
365 2618 398 2644 et
431 2611 592 2646 laetitiam
615 2621 649 2646 et
671 2621 781 2647 motus
804 2615 880 2647 Deo
911 2622 1138 2658 congruentes

790 131 832 164 V.
856 132 1127 165 EXPLICATIO
1157 133 1358 166 SYMBOLI
1385 134 1546 167 NiCENl.

2121 137 2186 170 358

1193 230 1347 304 {ccentkljit
1383 230 1474 262 iuxta
1503 231 1644 262 dictum:
1670 230 1724 262 De
1747 231 1873 272 Spiritu
1896 238 2016 264 saneto
2041 243 2104 265 suo
2128 234 2186 265 da-

1218 278 1241 303 11
1259 283 1302 304 vo
1329 274 1368 304 is.

1281 358 1428 390 Primum
1461 366 1570 391 autem
1604 361 1671 391 sint
1704 362 1737 392 in
1772 367 1958 404 conspectu
1982 363 2186 401 testimonia,

1194 412 1280 443 quae
1315 401 1481 433 affirmant
1511 414 1609 434 unam
1633 414 1710 434 esse
1735 407 1917 436 essentiam
1942 406 2097 444 divinam,
2133 416 2188 437 ae·

1194 451 1336 482 ternam,
1360 447 1541 476 immensae
1564 448 1759 488 sapientiae,
1783 449 2132 488 potentiae,tiustitiae
2156 455 2189 480 et

1195 489 1364 527 bonitatis,
1400 490 1597 520 creatricem
1624 490 1707 521 coeli
1732 498 1763 522 et
1787 499 1910 530 terrac,
1934 491 2132 533 angelorum
2156 498 2189 524 et

1193 530 1374 571 hominum,
1396 540 1426 563 et
1446 531 1586 564 aliarum
1599 545 1708 564 reruni
1723 536 1878 573 omnium,
1903 546 1988 577 quae
2012 547 2079 567 non
2099 542 2189 574 sunt,

1194 582 1350 606 aeternus
1386 576 1496 614 Pater,
1529 585 1728 608 coaeternus
1764 578 1885 616 filius,
1921 586 1952 610 et
1989 586 2188 611 coaeternus

1195 620 1334 659 Spiritus
1368 626 1519 651 sanctus.
1577 620 1624 652 lta
1656 622 1774 652 dicitur
1798 623 1838 653 de
1862 624 1985 653 unitate
2009 624 2189 655 essentiae.

1193 661 1294 693 Deut.
1318 663 1349 693 6.
1395 664 1483 694 Audi
1507 663 1623 702 lsrael,
1658 664 1823 696 Dominus
1844 665 1936 697 Dens
1961 673 2088 703 noster,
2121 666 2189 698 Do-

1194 706 1303 737 minus
1327 717 1414 737 unus
1440 714 1503 745 est,
1530 708 1561 738 id
1582 715 1644 746 est,
1668 708 1729 739 llic
1753 708 1847 740 Deus
1873 711 1927 751 qui
1952 711 1983 740 in
2004 709 2108 740 lsrael
2131 720 2189 751 pa-

1194 747 1339 780 tefactus·
1375 756 1427 780 est
1463 762 1525 781 suo
1550 753 1665 790 verbo,
1697 758 1729 782 et
1753 754 1807 793 qui
1832 752 1990 794 populum
2014 754 2125 784 eduxit
2150 764 2191 784 ex

1194 792 1367 834 Aegypto,
1392 792 1488 824 solus
1514 800 1565 825 est
1591 795 1697 833 Deus,
1723 803 1754 826 et
1780 807 1846 827 non
1869 796 1934 827 alia
1961 797 2191 828 commenticia,

1194 836 1342 873 numina,
1378 847 1465 877 quae
1499 838 1541 868 ab
1577 837 1650 868 aliis
1686 840 1842 880 gentibus
1878 841 2090 871 nominantur
2124 840 2190 871 Dii.

1195 878 1306 914 Quare
1331 880 1363 910 in
1388 886 1478 911 textu
1503 882 1665 921 scriptum
1690 889 1750 920 est,
1787 882 1882 914 Deus
1908 889 2036 921 noster,
2069 884 2102 913 id
2126 889 2192 921 est,

1194 922 1384 962 patefactus
1409 923 1441 953 in
1466 923 1582 957 lsrael,
1610 924 1698 956 hunc
1723 937 1837 957 verum
1862 926 1970 957 Deum
2000 927 2192 968 agnoscito,

1195 972 1226 996 et
1252 966 1434 997 discernito
1472 968 1514 997 ab
1551 968 1704 999 omnibus
1729 967 1803 999 aliis
1829 970 1974 1009 gentium
1999 970 2190 1001 continenti-

1195 1009 1255 1039 ciis
1275 1010 1464 1041 numinibus
1489 1016 1520 1041 et
1545 1009 1657 1049 Idolis,
1693 1012 1779 1043 sicut
1804 1013 1995 1043 mamlatum
2015 1019 2084 1043 est:
2121 1012 2191 1044 Do—

1193 1052 1316 1084 minum
1340 1053 1449 1085 Deum
1472 1060 1564 1085 tuum
1587 1055 1757 1094 adorabis,
1781 1062 1813 1087 et
1837 1056 1867 1087 ei
1891 1055 1956 1086 soli
1979 1057 2121 1088 servies.

1281 1139 1342 1171 Est
1376 1146 1487 1171 autem
1521 1141 1672 1172 adoratio
1703 1141 1893 1181 confessio,
1924 1143 2013 1185 quod
2036 1141 2095 1174 illa
2118 1141 2192 1175 sola

1194 1184 1353 1221 essentia,
1378 1194 1477 1225 quani
1501 1183 1682 1226 alloqueris
1706 1192 1742 1216 ut
1762 1186 1889 1218 Deum.
1926 1198 2003 1218 vere
2035 1187 2078 1217 sit
2102 1186 2191 1224 talis,

1194 1232 1229 1257 nt
1266 1237 1367 1268 supra
1404 1228 1435 1258 in
1460 1229 1687 1269 descriptione
1710 1228 1774 1260 Dei
1799 1230 1921 1261 dictum
1945 1236 2008 1268 est,
2044 1236 2075 1261 et
2100 1231 2192 1271 quod

1195 1271 1351 1301 exaudiat
1374 1278 1511 1312 propter
1535 1271 1663 1311 filium,
1689 1284 1729 1304 ac
1753 1280 1933 1314 propterea
1963 1275 2004 1305 ab
2028 1272 2092 1304 hac
2116 1273 2192 1305 sola

1195 1314 1410 1354 omnipotenti
1436 1316 1594 1347 essentia.
1620 1317 1761 1357 sapienti
1781 1323 1814 1348 et
1846 1318 1952 1356 bona,
1985 1327 2080 1348 mens
2110 1317 2192 1358 petit

1195 1356 1365 1395 auxilium,
1391 1364 1422 1388 et
1446 1358 1523 1389 huic
1546 1360 1615 1401 agit
1640 1362 1780 1400 gratias,
1805 1361 1837 1391 id
1862 1367 1929 1399 est,
1953 1359 2076 1392 fatetur
2100 1361 2192 1402 quod

1194 1401 1237 1431 ab
1262 1411 1301 1431 ea
1325 1403 1493 1441 acceperit
1525 1403 1624 1441 bona,
1648 1403 1771 1434 fatetur
1794 1404 1872 1434 item
1901 1404 1991 1446 quod
2022 1404 2101 1435 huic
2126 1403 2191 1435 soli

1195 1445 1364 1475 essentiae
1388 1455 1517 1476 summa
1541 1447 1733 1479 obedientia
1746 1448 1921 1486 debeatur,
1944 1454 1978 1479 et
1996 1448 2088 1489 quod
2110 1457 2191 1479 vere

1194 1489 1308 1528 puniat
1329 1494 1542 1520 contemtum.

1282 1565 1397 1597 Sciant
1421 1572 1532 1598 autem
1555 1567 1703 1598 iuniores
1723 1567 1985 1609 appellationem
2008 1569 2094 1616 ΠΪΠᾌ
2114 1579 2190 1610 pro-

1193 1625 1299 1666 priam
1334 1636 1412 1658 esse
1447 1627 1517 1658 veri
1553 1626 1617 1658 Dei
1640 1627 1804 1668 patefacti
1830 1630 1945 1670 primis
1968 1631 2132 1671 patribus,
2158 1636 2192 1662 et

1192 1669 1225 1699 in
1250 1668 1377 1708 lsrael,
1413 1681 1479 1712 qua
1513 1671 1605 1701 initio
1637 1682 1719 1702 vera
1744 1671 1899 1704 Ecclesia
1924 1674 2071 1704 distinxit
2095 1683 2191 1705 suam

1192 1712 1441 1744 invocationem
1464 1715 1506 1744 ab
1531 1713 1682 1754 Edmica,
1708 1715 1795 1746 sicut
1819 1726 1882 1746 nos
1907 1717 2058 1748 dicimus.
2094 1716 2189 1748 Deus

1193 1756 1249 1797 qui
1284 1762 1316 1788 te
1351 1756 1539 1798 patefecisti
1561 1759 1665 1789 misso
1690 1757 1773 1790 Filio
1799 1759 1943 1792 Domino
1972 1767 2089 1792 nostro
2113 1760 2189 1792 Iesu

1193 1798 1342 1839 Christo,
1367 1800 1527 1833 crucifuto
1552 1808 1586 1833 et
1608 1803 1823 1834 resuscitato.

1279 1877 1355 1910 Huc
1388 1879 1453 1910 iam
1482 1879 1649 1911 addantur
1671 1879 1768 1921 plura
1791 1881 1992 1920 testimonia,
2027 1887 2065 1913 ut
2086 1880 2188 1913 Deut.

1191 1921 1223 1952 4.
1258 1920 1304 1953 Ut
1339 1923 1428 1953 scias
1460 1923 1550 1964 quod
1572 1923 1739 1955 Dominus
1774 1931 1826 1956 est
1849 1924 1955 1963 Deus,
1991 1931 2022 1956 et
2045 1936 2114 1956 non
2138 1930 2189 1957 est

1192 1963 1278 1996 alius
1312 1971 1445 2006 praeter
1479 1977 1566 1998 eum.
1622 1966 1724 1999 Deut.
1759 1967 1812 1999 32.
1867 1968 1986 1999 Videte
2009 1969 2098 2010 quod
2123 1979 2188 2011 ego

1191 2008 1255 2039 sim
1278 2008 1385 2048 solus,
1410 2016 1441 2040 et
1465 2020 1534 2040 non
1558 2016 1611 2041 est
1635 2010 1721 2042 alius
1746 2017 1878 2052 praeter
1901 2022 1964 2042 1118.
1988 2012 2109 2043 Esaiae
2133 2012 2187 2044 45.

1190 2051 1265 2094 Ego
1290 2062 1363 2084 sum
1386 2053 1494 2091 Deus,
1519 2059 1551 2084 et
1570 2065 1637 2085 non
1661 2061 1713 2085 est
1736 2054 1826 2086 ullus
1845 2061 2031 2096 praeterea,
2054 2062 2188 2097 praeter

1190 2106 1243 2127 me
1267 2106 1334 2127 non
1357 2102 1409 2127 est
1431 2096 1526 2127 Deus
1549 2097 1698 2129 formans
1723 2096 1844 2136 lucem,
1880 2105 1912 2129 et
1947 2109 2067 2130 creans
2098 2105 2188 2131 tene-

1191 2139 1283 2170 bras.
1329 2139 1421 2178 Item,
1444 2140 1519 2171 Non
1544 2147 1596 2172 est
1619 2140 1706 2172 alius
1730 2141 1826 2172 Deus
1845 2148 1980 2183 praeter
2002 2153 2067 2182 1118,
2092 2142 2187 2175 Deus

1190 2183 1298 2214 iustus
1322 2189 1354 2214 et
1377 2182 1516 2215 salvans
1540 2195 1608 2216 non
1633 2191 1684 2216 est
1704 2191 1839 2226 praeter
1857 2196 1921 2216 me.

1279 2268 1491 2312 Colligantur
1513 2276 1546 2301 et
1570 2271 1612 2302 de
1636 2269 1777 2312 singulis
1801 2272 1968 2302 attributis
1992 2271 2087 2309 Deo,
2111 2282 2185 2313 per-

1191 2313 1307 2354 spicua
1331 2315 1530 2352 testimonia,
1554 2320 1590 2346 ut
1614 2316 1703 2356 quod
1728 2315 1768 2345 sit
1782 2316 1930 2356 sapiens,
1955 2314 2053 2353 liber,
2077 2316 2185 2346 iustus

1190 2362 1254 2387 etc.
1278 2362 1314 2387 ut
1338 2357 1367 2388 1.
1391 2357 1534 2389 Tintoth.
1562 2358 1589 2388 1.
1636 2357 1708 2389 Soli
1731 2359 1871 2399 sapienti
1894 2358 1969 2389 Deo
1989 2359 2117 2394 honos,
2153 2364 2187 2390 et

1191 2400 1221 2431 1.
1246 2399 1391 2442 Paralip.
1421 2400 1474 2433 28.
1521 2401 1640 2432 Omnia
1665 2403 1767 2433 corda
1791 2407 1962 2432 scrutatur
1993 2401 2096 2432 Deus.
2143 2401 2186 2433 Et

1190 2444 1231 2518 pe
1255 2442 1408 2476 libertate
1430 2443 1555 2476 Psalm.
1582 2446 1653 2477 114.
1701 2445 1819 2477 Omnia
1833 2455 2052 2487 quaecunque
2081 2444 2186 2478 voluit

1206 2488 1281 2520 ecit.

1277 2574 1439 2606 Monendi
1468 2580 1547 2607 sunt
1570 2581 1602 2607 et
1624 2575 1689 2607 hoc
1711 2574 1872 2613 iuniores,
1906 2583 1980 2606 cum
2006 2575 2184 2617 opponitur

1190 2617 1284 2650 Deus
1320 2620 1497 2658 creaturis,
1533 2619 1569 2651 fit
1610 2619 1734 2651 mentio
1757 2619 1911 2658 unitatis,
1942 2619 2020 2660 quia
2042 2629 2108 2650 una
2131 2624 2184 2650 est

1924 2678 1974 2704 23*
