2383 2990
199 116 245 150 69
757 92 761 97 ’
883 111 920 143 11.

202 212 411 248 suscitatum,
435 210 520 250 λόγον
543 210 593 239 καὶ
616 207 715 238 εἰκόνα
739 218 792 238 σου
815 205 934 244 ἀΐδιον,
964 215 1062 247 quem
1091 203 1196 235 volui-

202 257 246 287 sti
267 265 328 296 pro
347 254 445 285 nobis
470 262 547 284 esse
570 251 756 289 victimam,
780 253 830 280 καὶ
852 254 994 290 μεσίτην,
1017 250 1068 279 καὶ
1090 250 1196 286 ἱκέτην,

203 304 236 334 et
261 297 436 329 sanctifica
459 306 511 327 me
535 295 661 337 Spiritu
684 300 800 325 sancto
825 300 895 332 tuo,
916 298 978 324 etc.

291 383 396 415 Simul
420 383 521 413 etiam
544 381 669 423 cogitet
692 390 787 411 mens
817 380 859 410 de
882 379 1095 410 distinctione
1124 387 1198 417 per-

204 439 374 461 sonarum.
421 426 522 457 Pater
556 432 607 456 est
638 433 786 465 persona
822 433 910 464 quae
939 422 1051 464 genuit
1082 419 1199 450 Filium

205 472 311 512 λόγον,
341 477 373 502 et
410 480 471 511 per
502 479 576 500 eum
600 467 670 499 vult
694 468 924 503 innotescere,
949 472 980 496 et
1011 475 1086 496 cum
1116 462 1199 494 Filio

205 521 238 546 et
283 514 410 556 Spiritu
455 518 574 543 sancto
615 520 731 542 omnes
773 516 946 541 creaturas
984 508 1131 539 condidit
1168 514 1200 537 et

207 563 386 595 sustentat,
413 563 445 587 et
467 557 499 587 in
518 555 691 597 Baptismo
714 552 788 584 Filii
812 553 906 584 dicit:
930 552 991 583 Hic
1023 558 1073 583 est
1097 549 1199 581 filius

206 612 300 634 meus
325 599 479 638 dilectus,
504 605 567 630 etc.

293 686 397 719 Filius
421 686 610 717 nominatur
633 683 730 723 λόγος,
755 689 787 714 01
806 688 963 723 respectu
976 681 1099 718 Patris,
1123 681 1201 722 quia

208 738 260 764 est
283 732 413 772 integra
432 730 502 760 eius
520 729 643 769 imago,
664 734 693 758 et
717 733 876 768 respectu
893 726 1011 763 nostri,
1030 725 1106 766 quia
1127 734 1201 765 per-

208 785 293 807 sona
317 781 379 811 est,
403 773 445 804 ad
468 771 659 802 Ecclesiam
682 771 805 807 missa,
829 775 863 800 ut
887 770 1027 810 primum
1051 766 1199 808 proferat

208 829 250 850 ex
274 819 349 849 sinu
377 816 489 847 Patris
519 815 704 846 mirandum
737 814 908 844 decretum
939 813 980 843 de
1004 810 1201 842 reconcilia-

207 863 297 893 tione
322 866 354 892 et
377 859 586 891 restitutione
610 859 697 889 vitae
724 864 902 894 aeternae,
932 856 1021 898 quod
1046 855 1200 886 onmibus

209 905 372 937 creaturis
408 903 558 944 ignotum
592 907 662 939 est,
698 907 729 931 et
748 898 924 940 'deinceps
954 908 1087 939 semper
1116 898 1203 929 adsit

207 947 396 984 Ecclesiae,
421 945 566 977 illustret
594 945 850 985 promissionem
882 944 911 973 in
941 942 1136 983 Prophetis,
1171 947 1203 971 et

209 997 376 1023 sustentet
400 996 431 1020 et
456 990 610 1020 restituat
633 988 850 1018 ministerium
874 985 1066 1028 Evangelii,
1093 992 1123 1016 et
1147 986 1203 1015 im-

208 1036 351 1066 mediate
380 1032 504 1064 efficax
533 1033 575 1063 sit
607 1034 639 1062 111
663 1042 703 1062 eo
735 1031 930 1067 ministerio,
968 1037 1001 1060 et
1029 1035 1203 1069 assumpta

208 1077 353 1109 humana
378 1083 510 1108 natura·
529 1076 571 1106 sit
594 1075 786 1116 propitiatio
810 1084 871 1115 pro
895 1074 1012 1111 nobis,
1037 1079 1067 1103 et
1093 1079 1204 1103 osten-

210 1122 282 1160 dat,
314 1120 481 1163 quomodo
514 1118 614 1149 Pater
638 1118 878 1160 agnoscendus
903 1118 943 1148 sit
977 1117 1051 1157 ipso
1075 1116 1203 1157 agnito,

211 1172 244 1197 et
271 1171 308 1196 ut
337 1166 410 1205 ipse
439 1164 479 1194 sit
509 1161 633 1193 efficax
657 1163 689 1192 in
714 1161 913 1198 ministerio,
938 1160 1025 1190 dicat
1050 1157 1205 1191 consola-

213 1209 338 1240 tionem
369 1217 455 1238 voce
480 1204 671 1246 Evangelii,
696 1204 837 1235 vivificet
866 1204 1061 1240 credentes,
1090 1207 1205 1233 servet

211 1251 431 1282 ministerium
451 1248 638 1290 Evangelii.
664 1249 755 1278 iuxta
780 1248 918 1278 dictum:
945 1246 1010 1277 Dat
1036 1247 1124 1277 dona
1147 1245 1206 1276 ho-

211 1295 367 1331 minibus,
391 1299 454 1324 010.
490 1291 532 1322 Et
556 1302 614 1333 per
638 1292 746 1333 ipsum
771 1292 866 1322 detur
889 1290 1036 1330 Spiritus
1054 1296 1206 1325 sanctus,

211 1338 300 1368 sicut
334 1346 497 1377 expresse
521 1336 553 1366 in
578 1336 673 1366 Actis
699 1334 836 1370 divitur,
869 1334 978 1373 capite
1001 1334 1032 1363 2.
1078 1331 1207 1363 Dextra

210 1379 275 1412 Dei
292 1378 457 1411 exaltatus
472 1378 729 1419 promissionem
748 1376 892 1418 Spiritus
912 1377 1018 1406 saneti
1036 1376 1207 1416 accipiens

213 1433 234 1455 a
257 1422 369 1460 Patre,
393 1421 505 1453 effudit
530 1432 616 1459 eum,
640 1426 705 1452 ete.
750 1420 792 1451 Et
817 1426 910 1451 recte
933 1420 1036 1461 inquit
1060 1419 1208 1450 Athana-

210 1467 297 1498 sius:
339 1466 683 1506 Quandocunque
729 1464 887 1495 dicitur
932 1474 1030 1494 esse
1064 1464 1103 1494 in
1137 1461 1208 1493 ho—

210 1511 314 1545 mine
333 1508 523 1550 Spiritus
548 1514 739 1546 sanctus,
765 1512 830 1538 est
853 1507 908 1538 ibi
932 1517 1003 1549 per
1027 1507 1207 1538 verbum.

300 1596 483 1637 Spiritus
503 1601 671 1625 sanctus
696 1601 747 1625 est
771 1594 916 1636 agitator
935 1600 1093 1635 tanquam
1116 1592 1209 1624 1111111-

213 1649 280 1678 1113,
304 1649 390 1681 quae
409 1639 562 1670 accendit
595 1638 736 1669 affectus
767 1638 798 1668 in
831 1638 932 1668 corde
962 1636 1065 1675 tales,
1097 1635 1207 1678 qualis

211 1683 286 1724 ipse
310 1688 373 1720 est,
399 1693 545 1713 amorem
570 1681 646 1719 Dei,
672 1688 704 1712 et
728 1680 886 1712 laetitiam
910 1682 941 1712 111
955 1680 1041 1718 Deo,
1067 1687 1098 1711 et
1125 1678 1208 1710 alias

213 1727 365 1758 virtutes.
395 1726 480 1765 λόγος
504 1726 647 1757 ostendit
674 1726 772 1755 menti
787 1724 919 1755 Patrem
944 1732 973 1755 et
999 1723 1207 1755 voluntatem

212 1769 337 1808 Patris,
361 1779 446 1801 voce
458 1768 635 1810 Evangelii
660 1769 808 1799 notitiam
833 1768 1037 1805 a‹··cendens,
1063 1767 1207 1809 Spiritus

213 1818 353 1846 sanetus
377 1819 429 1844 est
452 1813 531 1844 viva
553 1812 687 1844 ssanuna
711 1812 866 1853 agitatrix
889 1812 931 1852 in,
946 1812 1059 1842 corde.

301 1899 373 1931 Hae
384 1900 606 1941 proprietates
620 1909 840 1940 personarum
853 1898 884 1928 in
898 1908 979 1928 vera
997 1897 1210 1929 invocatione

215 1944 416 1985 cogitandae
440 1949 536 1980 sunt,
567 1949 598 1973 et
622 1954 724 1983 saepe
748 1942 917 1984 professio
948 1940 1098 1983 Symboli
1129 1942 1209 1972 reci-

217 1987 319 2020 tanda
342 1992 405 2025 est,
430 1993 462 2018 et
483 1987 705 2018 discernenda
730 1992 847 2017 nostra
870 1985 1040 2017 invocatio
1063 1985 1106 2016 ab
1130 1984 1210 2024 Eth-

214 2031 300 2062 nicis
325 2036 357 2061 et
379 2030 454 2062 aliis
480 2031 666 2068 erroribus,
693 2036 757 2061 ete.

303 2119 338 2149 ΙΙ.
375 2117 567 2149 Secunda
592 2117 886 2148 consideratio
911 2121 961 2146 est
981 2120 1209 2156 praeceptum.

217 2158 441 2202 Cogitandum
465 2166 534 2198 est,
564 2159 674 2191 Deum
698 2159 785 2191 velle
812 2158 876 2190 coli
899 2160 1058 2201 petitione
1083 2159 1211 2201 gratiae

217 2209 251 2234 et
273 2202 413 2234 aliorum
436 2204 611 2241 donorum,
634 2209 670 2235 ut
689 2204 900 2235 discernatur
920 2214 939 2234 a
959 2201 1054 2233 malis
1070 2203 1211 2241 naturis,

218 2252 250 2277 et
275 2247 440 2278 tribuatur
463 2247 492 2278 ei
510 2246 566 2277 hic
589 2246 711 2285 honos,
735 2248 825 2288 quod
851 2248 894 2277 sit
917 2245 1065 2288 sapiens,
1089 2247 1210 2285 bonus,

217 2289 406 2327 beneficus,
442 2290 539 2320 dator
568 2291 674 2328 vitae,
703 2291 904 2331 sapientiae,
936 2296 966 2320 et
991 2288 1131 2320 aliorum
1155 2290 1212 2320 ho-

217 2343 349 2370 norum,
375 2338 407 2363 et
430 2333 520 2374 quod
539 2333 619 2364 velit
643 2343 704 2364 sua
727 2335 815 2365 bona
839 2334 937 2365 nobis
955 2333 1211 2371 communicare,

218 2377 305 2407 sicut
328 2375 465 2407 Psalmo
489 2376 542 2407 49.
566 2377 690 2419 inqui-t,
726 2387 763 2408 se
787 2376 874 2408 velle
905 2377 968 2408 1100
999 2376 1099 2407 1110110
1129 2375 1211 2408 0011;

217 2419 343 2451 Invoca
366 2430 419 2450 me
442 2420 474 2450 in
500 2420 553 2451 die
576 2418 820 2459 tribulationis,
851 2427 881 2452 et
906 2421 1041 2461 eripiam
1068 2426 1119 2458 te,
1148 2426 1211 2451 010.

217 2463 271 2494 Αο
307 2469 339 2495 111
373 2462 512 2494 violatio
542 2464 730 2505 praecepti,
764 2465 840 2496 Non
871 2465 1025 2502 occides,
1060 2462 1214 2504 displicet

217 2505 305 2545 Deo,
331 2507 380 2538 sic
404 2506 559 2548 displicet
578 2513 611 2538 et
634 2506 769 2538 violatio
793 2509 934 2545 secundi
956 2507 1136 2549 praecepti,
1159 2517 1212 2538 ne-

219 2549 342 2602 glectio
366 2551 602 2589 invocationis,
627 2561 703 2583 eum
726 2552 850 2584 dictum
872 2552 933 2583 sit:
965 2550 1073 2582 Petite
1102 2556 1135 2582 et
1158 2561 1213 2582 ae-

219 2594 359 2636 capietis.

1217 209 1224 223 t

1221 226 1224 240 Ι

1245 2039 1252 2046 ⁴

966 108 1158 142 EXAMEN
1183 103 1567 141 ORDINANDORUM.
2197 105 2241 139 ⁷0

1336 205 1384 235 ΙΙΙ.
1430 202 1577 234 Tertia
1609 201 1898 233 consideratio
1922 207 1973 232 est
1997 201 2240 232 conversionis.

1249 245 1350 278 Dicat
1375 246 1462 277 enim
1485 244 1620 287 aliquis:
1646 245 1731 280 Quid
1754 244 1888 286 petam?
1912 255 1986 276 cum
2006 245 2167 286 scriptum
2185 245 2241 275 sit:

1250 289 1456 321 Peccatores
1490 288 1586 320 Deus
1621 299 1689 320 11011
1725 289 1869 320 exaudit.
1917 288 1979 318 Hic
2014 288 2158 319 tenenda
2192 293 2243 319 est

1251 343 1318 364 vox
1342 333 1530 364 iuramenti:
1556 332 1644 363 Vivo
1668 342 1743 373 ego,
1768 332 1844 362 dicit
1859 331 2033 367 Dominus,
2058 330 2137 361 nolo
2157 342 2243 362 mor·

1251 383 1318 407 tem
1340 376 1550 417 peccatoris.
1581 376 1640 406 5011
1664 382 1698 406 111
1724 381 1939 405 convertatur
1969 381 2000 405 et
2022 375 2122 405 vivat.
2167 374 2244 404 Non

1252 425 1447 461 perseveret
1472 420 1632 449 invocans
1657 419 1689 449 in
1712 417 1901 449 sceleribus
1926 425 2043 449 contra
2069 417 2245 449 conscien-

1251 464 1341 501 tiam,
1360 463 1421 493 sed
1446 473 1525 493 vere
1551 468 1766 493 convertatur
1784 462 1825 492 ad
1840 461 1960 493 Deum.
1990 461 2032 492 Et
2046 462 2078 491 in
2095 459 2244 502 qualibet

1252 516 1333 537 vera
1356 506 1569 537 invocatione
1594 505 1628 536 fit
1652 511 1706 536 aut
1732 506 1853 535 crescit
1878 505 2057 536 conversio
2081 515 2143 535 seu
2166 514 2246 545 poe-

1252 550 1389 581 nitentia
1412 550 1455 580 ad
1479 548 1599 580 Deum.
1647 547 1713 579 1001
1738 548 1769 578 2.
1816 548 1966 579 Scindite
1991 548 2095 580 corda
2118 554 2246 586 vestra,

1253 600 1285 624 et
1310 593 1539 624 convertimini
1564 592 1605 623 ad
1629 591 1807 623 Dominum
1831 591 1941 622 Deum
1972 598 2138 630 vestrum,
2169 591 2247 632 quia

1252 637 1444 668 misericors
1468 642 1533 674 est,
1557 642 1587 666 et
1610 636 1757 676 poenitet
1782 645 1856 665 eum
1880 634 1968 666 mali.

1341 716 1400 745 1111.
1447 712 1605 749 Quarta
1636 712 1931 743 consideratio
1968 718 2020 743 est
2049 709 2248 742 Promissio-

1254 758 1317 788 nis.
1363 757 1481 799 Neque
1515 757 1692 787 conversio
1722 756 1764 787 ad
1794 754 1923 794 Deum,
1949 766 2057 797 neque
2080 755 2248 786 invocatio

1255 800 1325 832 fieri
1349 807 1473 841 potest,
1498 800 1560 831 nisi
1585 799 1683 831 simul
1706 799 1929 841 promissione
1954 798 2089 830 Gratiae
2113 804 2143 829 et
2168 798 2250 829 fidu·

1255 846 1306 875 cia
1330 844 1525 875 Mediator-is
1550 844 1737 884 erigamur,
1768 848 1801 873 ut
1833 843 2036 873 accedamus
2061 842 2102 873 ad
2126 841 2249 879 Deum,

1255 889 1345 919 iuxta
1369 888 1492 919 dictum
1521 888 1562 918 ad
1588 887 1771 928 Ephesios:
1806 885 1869 917 Per
1892 886 1981 917 1111110
2011 885 2172 916 audemus
2197 895 2251 915 ac-

1257 932 1378 963 cedere
1415 931 1622 963 confidenter
1650 941 1710 971 per
1742 930 1841 961 tidem
1874 930 1905 960 in
1929 931 2047 971 ipsum.
2099 928 2253 959 Necesse

1256 981 1306 1006 est
1330 976 1430 1017 igitur
1452 976 1592 1017 primum
1617 974 1682 1005 fide
1707 975 1863 1015 accipere
1882 973 2110 1004 remissionem
2131 982 2252 1013 pecca-

1256 1025 1376 1057 torum,
1401 1025 1431 1049 et
1457 1016 1775 1055 reconciliationem,
1800 1024 1830 1047 et
1856 1023 2020 1054 statuere,
2045 1016 2134 1057 quod
2161 1016 2253 1046 invo-

1257 1064 1345 1093 catio
1371 1061 1501 1103 placeat
1528 1061 1621 1098 Deo,
1652 1072 1715 1091 1100
1746 1061 1789 1091 511
1821 1061 1921 1091 irrita.
1968 1059 2098 1091 Deinde
2123 1065 2155 1089 et
2179 1069 2254 1089 cae·

1257 1113 1349 1137 terae
1374 1106 1617 1146 promissiones
1642 1105 1682 1135 de
1705 1103 1778 1135 aliis
1805 1104 1975 1135 beneficiis
1996 1110 2025 1133 et
2048 1103 2253 1145 mitigatione

1259 1149 1482 1181 calamitatum
1524 1149 1703 1180 intuendae
1748 1154 1835 1179 sunt.
1887 1147 2038 1178 Necesse
2073 1153 2123 1176 051
2166 1146 2254 1176 0111111

1258 1204 1392 1233 semper
1416 1193 1447 1224 in
1472 1199 1656 1233 conspeetu
1680 1202 1757 1223 esse
1776 1191 1961 1222 doctrinam
1981 1191 2022 1222 de
2041 1190 2254 1221 distinctione

1258 1237 1532 1278 promissionum.

1346 1313 1457 1344 Prima
1483 1320 1514 1345 et
1538 1322 1666 1344 summa
1690 1312 1870 1355 promissio
1891 1318 1954 1349 est,
1978 1312 2155 1352 promissio
2171 1310 2254 1342 Gra-

1259 1358 1324 1388 tiae
1348 1364 1379 1388 et
1412 1358 1499 1388 vitae
1526 1364 1683 1388 aeternae
1711 1362 1848 1397 propter
1877 1355 2094 1386 Mediatorem
2125 1354 2255 1385 dandae

1261 1402 1379 1443 gratis.
1427 1400 1500 1431 Hoc
1523 1411 1686 1431 summum
1712 1401 1835 1430 bonum
1861 1405 1924 1436 est,
1950 1399 2040 1440 quod
2064 1397 2136 1429 vult
2163 1398 2254 1430 treus

1260 1445 1384 1485 accipi,
1415 1445 1514 1475 etiam
1543 1444 1695 1474 (111111111115
1728 1443 1825 1474 bonis
1851 1440 2083 1483 corporalibus
2108 1441 2254 1479 amissis,

1260 1488 1352 1519 iuxta
1377 1488 1500 1519 dictum
1525 1487 1600 1517 lob:
1633 1486 1772 1518 Etiamsi
1805 1486 1935 1517 occidet
1965 1495 2030 1524 me,
2053 1486 2198 1526 sperabo
2223 1485 2255 1516 in

1262 1542 1346 1562 011111.
1374 1531 1446 1562 Νο0
1471 1532 1535 1571 peti
1559 1529 1623 1561 alia
1655 1531 1741 1562 bona
1768 1536 1922 1571 possunt,
1952 1529 2014 1559 nisi
2040 1527 2257 1570 praelucente

1262 1575 1485 1617 promissione
1500 1575 1648 1611 Gratiae,
1672 1575 1763 1605 iuxta
1783 1574 1921 1604 dietum:
1943 1572 2049 1603 Nemo
2067 1578 2179 1613 potest
2201 1582 2257 1604 ae-

1262 1619 1383 1650 cedere
1402 1619 1444 1649 ad
1468 1617 1611 1656 Patrem,
1631 1618 1694 1648 11151
1717 1628 1778 1659 per
1802 1615 1931 1648 Filium.

1349 1696 1444 1728 Item:
1469 1695 1645 1731 Quomodo
1669 1696 1886 1734 invocabunt,
1910 1695 1973 1725 nisi
1998 1693 2158 1725 credant?

1349 1765 1445 1797 Item:
1488 1765 1654 1807 Quicquid
1689 1765 1850 1807 petieritis
1885 1764 2020 1796 Patrem
2055 1764 2088 1795 in
2123 1763 2257 1795 nomine

1261 1820 1347 1848 meo,
1371 1810 1461 1840 dabit
1484 1810 1593 1841 vobis.

1350 1886 1445 1918 Aliae
1475 1893 1551 1918 sunt
1580 1887 1822 1928 promissiones
1855 1886 1896 1917 de
1926 1886 2024 1917 bonis
2053 1884 2257 1916 necessariis

1261 1932 1293 1962 in
1317 1931 1381 1962 hac
1412 1932 1488 1962 vita.
1536 1931 1621 1966 Quia
1647 1934 1731 1961 0111111
1758 1930 1851 1960 Deus
1883 1930 1914 1960 in
1946 1929 2010 1960 hac
2040 1930 2106 1959 vita
2132 1927 2259 1970 colligit

1262 1974 1451 2006 Ecclesiam
1467 1985 1550 2005 voce
1566 1973 1753 2016 Evangelii.
1779 1980 1809 2003 et
1826 1984 1892 2004 non
1913 1971 2019 2010 aliter,
2035 1973 2146 2003 tribuit
2161 1972 2258 2002 etiam
2278 1996 2288 2004 .

1262 2019 1374 2060 aliqua
1398 2020 1486 2050 vitae
1507 2019 1625 2059 spatia.v
1652 2025 1682 2048 et
1701 2017 1835 2058 politias
1860 2016 2141 2054 et()e1·onomias,
2168 2015 2259 2046 iuxta

1263 2063 1401 2093 dictum:
1425 2062 1499 2093 Non
1526 2062 1644 2092 mortui
1676 2060 1859 2092 laudabunt
1896 2067 1926 2090 10
1960 2060 2114 2090 Domine.
2161 2059 2258 2089 ltem:

1266 2107 1294 2136 1.
1314 2105 1455 2137 Τ11110111.
1476 2107 1497 2136 4
1532 2105 1643 2136 Pietas
1668 2105 1924 2145 promissionem
1943 2104 2045 2134 habet
2069 2102 2258 2143 praesentis

1263 2150 1368 2188 vitae,
1403 2156 1435 2180 et
1466 2148 1608 2180 futurae.
1655 2147 1750 2179 Item:
1776 2147 1919 2178 Primum
1945 2147 2094 2189 quaerite
2119 2156 2259 2187 regnum

1264 2193 1339 2228 Dei,
1366 2199 1397 2224 et
1417 2199 1551 2224 caetera
1575 2192 1772 2222 adiicientur
1796 2192 1904 2229 vobis,
1928 2190 1999 2222 Scit
2024 2189 2123 2221 Pater
2147 2196 2259 2221 vester

1266 2236 1437 2275 coelestis,
1460 2246 1522 2267 vos
1547 2234 1613 2267 illis
1638 2236 1739 2266 rebus
1763 2235 1924 2276 indigere.

1355 2331 1396 2363 V.
1432 2331 1583 2367 Quinta
1608 2331 1897 2361 consideratio
1918 2335 1968 2360 est
1994 2329 2034 2359 de
2058 2328 2150 2358 Fide.
2196 2326 2259 2358 Hic

1265 2376 1406 2418 primum
1430 2375 1601 2406 sciendum
1627 2381 1689 2412 est,
1713 2374 1844 2411 Fidem,
1870 2383 1955 2414 quae
1980 2372 2059 2413 petit
2091 2371 2259 2402 remissio-

1266 2430 1360 2457 nem,
1392 2417 1698 2449 reconciliationem
1727 2424 1758 2448 et
1791 2418 1890 2448 vitam
1920 2422 2108 2452 aeternam,
2139 2415 2260 2457 guber-

1266 2464 1434 2495 nationem
1458 2463 1600 2499 animae,
1624 2467 1780 2503 oportere
1799 2461 1830 2491 in
1849 2460 1963 2500 speeie
1980 2459 2064 2490 haec
2078 2459 2151 2500 ipsa
2173 2459 2261 2488 bona

1266 2512 1382 2548 petere
1406 2512 1438 2537 et
1468 2512 1664 2546 expectare,
1701 2505 1773 2535 sine
1802 2503 2003 2534 conditione.
2051 2501 2134 2537 Quia
2164 2501 2259 2532 Deus

1267 2549 1339 2582 vult
1356 2550 1442 2581 baec
1460 2549 1651 2580 nominatim
1671 2548 1746 2588 peti.
1781 2547 1823 2579 Et
1837 2558 1902 2578 non
1924 2545 2049 2577 habere
2067 2545 2152 2576 haec
2171 2546 2260 2576 dona

1267 2600 1320 2626 est
1342 2603 1479 2625 manere
1502 2592 1634 2624 hostem
1657 2591 1737 2630 Dei,
1772 2598 1805 2622 et
1828 2589 2027 2623 contumelia
2050 2589 2160 2620 Deum
2188 2587 2260 2620 affi-

2012 2648 2049 2675 ὁ.
