<?xml version="1.0" encoding="UTF-8"?>
<!DOCTYPE html PUBLIC "-//W3C//DTD XHTML 1.0 Transitional//EN"
    "http://www.w3.org/TR/xhtml1/DTD/xhtml1-transitional.dtd">
<html xmlns="http://www.w3.org/1999/xhtml" xml:lang="en" lang="en">
 <head>
  <title>
</title>
<meta http-equiv="Content-Type" content="text/html;charset=utf-8" />
  <meta name='ocr-system' content='tesseract 3.04.00' />
  <meta name='ocr-capabilities' content='ocr_page ocr_carea ocr_par ocr_line ocrx_word'/>
</head>
<body>
  <div class='ocr_page' id='page_1' title='image "./operaquaesupersu23melauoft_0201.png"; bbox 0 0 2383 2990; ppageno 0'>
   <div class='ocr_carea' id='block_1_1' title="bbox 0 1545 21 2269">
    <p class='ocr_par' dir='ltr' id='par_1_1' title="bbox 0 1545 21 2269">
     <span class='ocr_line' id='line_1_1' title="bbox 0 1545 21 2269; baseline 0 721"><span class='ocrx_word' id='word_1_1' title='bbox 0 1545 21 2269; x_wconf 95' lang='lat' dir='ltr'> </span> 
     </span>
    </p>
   </div>
   <div class='ocr_carea' id='block_1_2' title="bbox 165 127 232 161">
    <p class='ocr_par' dir='ltr' id='par_1_2' title="bbox 165 127 232 161">
     <span class='ocr_line' id='line_1_2' title="bbox 165 127 232 161; baseline 0 0"><span class='ocrx_word' id='word_1_2' title='bbox 165 127 232 161; x_wconf 80' lang='lat'>265</span> 
     </span>
    </p>
   </div>
   <div class='ocr_carea' id='block_1_3' title="bbox 166 219 1164 481">
    <p class='ocr_par' dir='ltr' id='par_1_3' title="bbox 166 219 1164 481">
     <span class='ocr_line' id='line_1_3' title="bbox 168 219 1162 263; baseline -0.005 -7"><span class='ocrx_word' id='word_1_3' title='bbox 168 224 289 262; x_wconf 80' lang='lat' dir='ltr'>ctibuS,</span> <span class='ocrx_word' id='word_1_4' title='bbox 312 222 443 253; x_wconf 88' lang='lat' dir='ltr'>dicatur</span> <span class='ocrx_word' id='word_1_5' title='bbox 463 219 613 252; x_wconf 89' lang='lat' dir='ltr'>defectus</span> <span class='ocrx_word' id='word_1_6' title='bbox 634 231 695 252; x_wconf 91' lang='lat' dir='ltr'>seu</span> <span class='ocrx_word' id='word_1_7' title='bbox 711 221 853 263; x_wconf 75' lang='lat' dir='ltr'>privatio</span> <span class='ocrx_word' id='word_1_8' title='bbox 872 230 960 259; x_wconf 89' lang='lat' dir='ltr'>esse,</span> <span class='ocrx_word' id='word_1_9' title='bbox 985 220 1076 262; x_wconf 88' lang='lat' dir='ltr'>qnod</span> <span class='ocrx_word' id='word_1_10' title='bbox 1088 219 1162 251; x_wconf 89' lang='lat' dir='ltr'>sine</span> 
     </span>
     <span class='ocr_line' id='line_1_4' title="bbox 169 263 1163 306; baseline -0.004 -7"><span class='ocrx_word' id='word_1_11' title='bbox 169 267 284 299; x_wconf 83' lang='lat' dir='ltr'><strong>ordine</strong></span> <span class='ocrx_word' id='word_1_12' title='bbox 306 275 397 297; x_wconf 82' lang='lat' dir='ltr'>nunc</span> <span class='ocrx_word' id='word_1_13' title='bbox 419 265 501 304; x_wconf 87' lang='lat' dir='ltr'>huc,</span> <span class='ocrx_word' id='word_1_14' title='bbox 537 274 627 296; x_wconf 89' lang='lat' dir='ltr'>nunc</span> <span class='ocrx_word' id='word_1_15' title='bbox 650 263 731 296; x_wconf 72' lang='lat' dir='ltr'>illuc</span> <span class='ocrx_word' id='word_1_16' title='bbox 766 263 945 306; x_wconf 81' lang='lat' dir='ltr'>impellitur</span> <span class='ocrx_word' id='word_1_17' title='bbox 979 264 1095 301; x_wconf 82' lang='lat' dir='ltr'>navis,</span> <span class='ocrx_word' id='word_1_18' title='bbox 1130 269 1163 294; x_wconf 90' lang='lat' dir='ltr'>et</span> 
     </span>
     <span class='ocr_line' id='line_1_5' title="bbox 169 307 1163 353; baseline -0.004 -11"><span class='ocrx_word' id='word_1_19' title='bbox 169 310 257 353; x_wconf 91' lang='lat' dir='ltr'>quod</span> <span class='ocrx_word' id='word_1_20' title='bbox 281 309 377 341; x_wconf 87' lang='lat' dir='ltr'><strong>deest</strong></span> <span class='ocrx_word' id='word_1_21' title='bbox 401 308 624 351; x_wconf 82' lang='lat' dir='ltr'>gubernator,</span> <span class='ocrx_word' id='word_1_22' title='bbox 657 318 716 339; x_wconf 90' lang='lat' dir='ltr'>seu</span> <span class='ocrx_word' id='word_1_23' title='bbox 741 314 777 340; x_wconf 90' lang='lat' dir='ltr'>ut</span> <span class='ocrx_word' id='word_1_24' title='bbox 801 309 842 339; x_wconf 88' lang='lat' dir='ltr'>de</span> <span class='ocrx_word' id='word_1_25' title='bbox 865 308 1064 339; x_wconf 87' lang='lat' dir='ltr'>conturbata</span> <span class='ocrx_word' id='word_1_26' title='bbox 1087 307 1163 338; x_wconf 84' lang='lat' dir='ltr'>har-</span> 
     </span>
     <span class='ocr_line' id='line_1_6' title="bbox 167 351 1163 393; baseline -0.004 -8"><span class='ocrx_word' id='word_1_27' title='bbox 167 353 278 385; x_wconf 90' lang='lat' dir='ltr'>monia</span> <span class='ocrx_word' id='word_1_28' title='bbox 301 352 335 383; x_wconf 89' lang='lat' dir='ltr'>in</span> <span class='ocrx_word' id='word_1_29' title='bbox 362 358 463 383; x_wconf 90' lang='lat' dir='ltr'>cantu</span> <span class='ocrx_word' id='word_1_30' title='bbox 486 352 551 383; x_wconf 86' lang='lat' dir='ltr'>dici</span> <span class='ocrx_word' id='word_1_31' title='bbox 574 358 705 393; x_wconf 87' lang='lat' dir='ltr'>potest,</span> <span class='ocrx_word' id='word_1_32' title='bbox 740 352 848 393; x_wconf 87' lang='lat' dir='ltr'>ipsam</span> <span class='ocrx_word' id='word_1_33' title='bbox 872 351 1163 383; x_wconf 76' lang='lat' dir='ltr'><strong>conturbationem</strong></span> 
     </span>
     <span class='ocr_line' id='line_1_7' title="bbox 168 394 1164 436; baseline -0.003 -8"><span class='ocrx_word' id='word_1_34' title='bbox 168 406 228 429; x_wconf 87' lang='lat' dir='ltr'>seu</span> <span class='ocrx_word' id='word_1_35' title='bbox 263 396 465 427; x_wconf 87' lang='lat' dir='ltr'>discordiam</span> <span class='ocrx_word' id='word_1_36' title='bbox 496 405 676 434; x_wconf 83' lang='lat' dir='ltr'>sonorum,</span> <span class='ocrx_word' id='word_1_37' title='bbox 710 405 787 427; x_wconf 92' lang='lat' dir='ltr'>esse</span> <span class='ocrx_word' id='word_1_38' title='bbox 816 395 1033 436; x_wconf 74' lang='lat' dir='ltr'>privationes.</span> <span class='ocrx_word' id='word_1_39' title='bbox 1072 394 1164 426; x_wconf 90' lang='lat' dir='ltr'>Haec</span> 
     </span>
     <span class='ocr_line' id='line_1_8' title="bbox 166 440 461 481; baseline -0.007 -10"><span class='ocrx_word' id='word_1_40' title='bbox 166 440 347 481; x_wconf 81' lang='lat' dir='ltr'>perspicua</span> <span class='ocrx_word' id='word_1_41' title='bbox 372 444 461 471; x_wconf 87' lang='lat' dir='ltr'>sunt.</span> 
     </span>
    </p>
   </div>
   <div class='ocr_carea' id='block_1_4' title="bbox 165 505 1163 1159">
    <p class='ocr_par' dir='ltr' id='par_1_4' title="bbox 165 505 1163 1159">
     <span class='ocr_line' id='line_1_9' title="bbox 253 505 1162 550; baseline -0.002 -10"><span class='ocrx_word' id='word_1_42' title='bbox 253 508 297 540; x_wconf 90' lang='lat' dir='ltr'>Et</span> <span class='ocrx_word' id='word_1_43' title='bbox 326 518 516 550; x_wconf 90' lang='lat' dir='ltr'><strong>quanquam</strong></span> <span class='ocrx_word' id='word_1_44' title='bbox 551 507 743 549; x_wconf 76' lang='lat' dir='ltr'>Scriptores</span> <span class='ocrx_word' id='word_1_45' title='bbox 778 505 861 538; x_wconf 89' lang='lat' dir='ltr'>alias</span> <span class='ocrx_word' id='word_1_46' title='bbox 896 507 1066 538; x_wconf 89' lang='lat' dir='ltr'>nominant</span> <span class='ocrx_word' id='word_1_47' title='bbox 1095 507 1162 538; x_wconf 91' lang='lat' dir='ltr'>hoc</span> 
     </span>
     <span class='ocr_line' id='line_1_10' title="bbox 166 550 1163 592; baseline -0.002 -8"><span class='ocrx_word' id='word_1_48' title='bbox 166 551 289 584; x_wconf 90' lang='lat' dir='ltr'>malum</span> <span class='ocrx_word' id='word_1_49' title='bbox 312 551 476 590; x_wconf 63' lang='lat' dir='ltr'>demtus,</span> <span class='ocrx_word' id='word_1_50' title='bbox 500 550 586 582; x_wconf 87' lang='lat' dir='ltr'>alias</span> <span class='ocrx_word' id='word_1_51' title='bbox 609 561 747 592; x_wconf 83' lang='lat' dir='ltr'>pravam</span> <span class='ocrx_word' id='word_1_52' title='bbox 772 551 1081 590; x_wconf 82' lang='lat' dir='ltr'>concupiscentiam</span> <span class='ocrx_word' id='word_1_53' title='bbox 1100 561 1163 582; x_wconf 90' lang='lat' dir='ltr'>seu</span> 
     </span>
     <span class='ocr_line' id='line_1_11' title="bbox 165 594 1162 638; baseline -0.003 -11"><span class='ocrx_word' id='word_1_54' title='bbox 165 606 290 638; x_wconf 88' lang='lat' dir='ltr'>pravas</span> <span class='ocrx_word' id='word_1_55' title='bbox 314 594 568 632; x_wconf 81' lang='lat' dir='ltr'>inclinationes,</span> <span class='ocrx_word' id='word_1_56' title='bbox 602 600 715 625; x_wconf 87' lang='lat' dir='ltr'>tamen</span> <span class='ocrx_word' id='word_1_57' title='bbox 740 594 826 625; x_wconf 89' lang='lat' dir='ltr'>idem</span> <span class='ocrx_word' id='word_1_58' title='bbox 856 594 1002 625; x_wconf 88' lang='lat' dir='ltr'>sentiunt</span> <span class='ocrx_word' id='word_1_59' title='bbox 1034 604 1162 631; x_wconf 84' lang='lat' dir='ltr'>omnes,</span> 
     </span>
     <span class='ocr_line' id='line_1_12' title="bbox 167 636 1163 671; baseline -0.004 0"><span class='ocrx_word' id='word_1_60' title='bbox 167 645 199 671; x_wconf 88' lang='lat' dir='ltr'>et</span> <span class='ocrx_word' id='word_1_61' title='bbox 229 649 345 671; x_wconf 91' lang='lat' dir='ltr'>omnes</span> <span class='ocrx_word' id='word_1_62' title='bbox 376 639 524 670; x_wconf 86' lang='lat' dir='ltr'>iudicant</span> <span class='ocrx_word' id='word_1_63' title='bbox 546 636 687 668; x_wconf 88' lang='lat' dir='ltr'>formale</span> <span class='ocrx_word' id='word_1_64' title='bbox 722 647 802 669; x_wconf 89' lang='lat' dir='ltr'>esse</span> <span class='ocrx_word' id='word_1_65' title='bbox 830 636 927 668; x_wconf 79' lang='lat' dir='ltr'>huius</span> <span class='ocrx_word' id='word_1_66' title='bbox 959 638 1061 668; x_wconf 79' lang='lat' dir='ltr'>totius</span> <span class='ocrx_word' id='word_1_67' title='bbox 1086 636 1163 669; x_wconf 86' lang='lat' dir='ltr'>mali</span> 
     </span>
     <span class='ocr_line' id='line_1_13' title="bbox 167 681 1162 722; baseline -0.003 -8"><span class='ocrx_word' id='word_1_68' title='bbox 167 681 332 715; x_wconf 76' lang='lat' dir='ltr'>defectus.</span> <span class='ocrx_word' id='word_1_69' title='bbox 378 682 463 713; x_wconf 87' lang='lat' dir='ltr'>Nam</span> <span class='ocrx_word' id='word_1_70' title='bbox 493 682 590 712; x_wconf 85' lang='lat' dir='ltr'>etiam</span> <span class='ocrx_word' id='word_1_71' title='bbox 624 691 698 712; x_wconf 87' lang='lat' dir='ltr'>cum</span> <span class='ocrx_word' id='word_1_72' title='bbox 729 681 771 711; x_wconf 78' lang='lat' dir='ltr'>de</span> <span class='ocrx_word' id='word_1_73' title='bbox 795 681 1071 722; x_wconf 86' lang='lat' dir='ltr'>concupiscentia</span> <span class='ocrx_word' id='word_1_74' title='bbox 1100 691 1162 712; x_wconf 90' lang='lat' dir='ltr'>seu</span> 
     </span>
     <span class='ocr_line' id='line_1_14' title="bbox 167 723 1161 766; baseline -0.003 -8"><span class='ocrx_word' id='word_1_75' title='bbox 167 725 381 758; x_wconf 77' lang='lat' dir='ltr'>inclinatione</span> <span class='ocrx_word' id='word_1_76' title='bbox 404 726 540 763; x_wconf 88' lang='lat' dir='ltr'>dicitur,</span> <span class='ocrx_word' id='word_1_77' title='bbox 576 735 644 756; x_wconf 84' lang='lat' dir='ltr'>non</span> <span class='ocrx_word' id='word_1_78' title='bbox 668 723 864 766; x_wconf 76' lang='lat' dir='ltr'>intelligitur</span> <span class='ocrx_word' id='word_1_79' title='bbox 887 725 1038 755; x_wconf 89' lang='lat' dir='ltr'>damnari</span> <span class='ocrx_word' id='word_1_80' title='bbox 1061 735 1161 766; x_wconf 88' lang='lat' dir='ltr'>appe-</span> 
     </span>
     <span class='ocr_line' id='line_1_15' title="bbox 166 767 1162 812; baseline -0.001 -11"><span class='ocrx_word' id='word_1_81' title='bbox 166 770 251 809; x_wconf 83' lang='lat' dir='ltr'>titio,</span> <span class='ocrx_word' id='word_1_82' title='bbox 275 768 383 812; x_wconf 89' lang='lat' dir='ltr'>qualis</span> <span class='ocrx_word' id='word_1_83' title='bbox 408 769 541 800; x_wconf 87' lang='lat' dir='ltr'>condita</span> <span class='ocrx_word' id='word_1_84' title='bbox 561 774 612 799; x_wconf 88' lang='lat' dir='ltr'>est</span> <span class='ocrx_word' id='word_1_85' title='bbox 634 769 664 799; x_wconf 92' lang='lat' dir='ltr'>in</span> <span class='ocrx_word' id='word_1_86' title='bbox 678 767 822 799; x_wconf 86' lang='lat' dir='ltr'>hominis</span> <span class='ocrx_word' id='word_1_87' title='bbox 841 774 970 806; x_wconf 86' lang='lat' dir='ltr'>natura,</span> <span class='ocrx_word' id='word_1_88' title='bbox 990 768 1050 799; x_wconf 88' lang='lat' dir='ltr'>sed</span> <span class='ocrx_word' id='word_1_89' title='bbox 1067 779 1162 800; x_wconf 86' lang='lat' dir='ltr'>aver-</span> 
     </span>
     <span class='ocr_line' id='line_1_16' title="bbox 169 810 1160 855; baseline -0.002 -10"><span class='ocrx_word' id='word_1_90' title='bbox 169 814 219 845; x_wconf 84' lang='lat' dir='ltr'>sio</span> <span class='ocrx_word' id='word_1_91' title='bbox 243 813 481 855; x_wconf 81' lang='lat' dir='ltr'>appetitionum</span> <span class='ocrx_word' id='word_1_92' title='bbox 505 823 525 843; x_wconf 87' lang='lat' dir='ltr'>a</span> <span class='ocrx_word' id='word_1_93' title='bbox 543 811 618 843; x_wconf 91' lang='lat' dir='ltr'>Deo</span> <span class='ocrx_word' id='word_1_94' title='bbox 644 818 675 843; x_wconf 87' lang='lat' dir='ltr'>et</span> <span class='ocrx_word' id='word_1_95' title='bbox 699 811 805 850; x_wconf 76' lang='grc' dir='ltr'><em>ἀταξία</em></span> <span class='ocrx_word' id='word_1_96' title='bbox 832 810 1083 843; x_wconf 73' lang='lat' dir='ltr'>inclinationum</span> <span class='ocrx_word' id='word_1_97' title='bbox 1119 822 1160 843; x_wconf 86' lang='lat' dir='ltr'>ac</span> 
     </span>
     <span class='ocr_line' id='line_1_17' title="bbox 168 854 1160 897; baseline -0.004 -8"><span class='ocrx_word' id='word_1_98' title='bbox 168 856 347 889; x_wconf 80' lang='lat' dir='ltr'>affectuum</span> <span class='ocrx_word' id='word_1_99' title='bbox 370 856 594 887; x_wconf 87' lang='lat' dir='ltr'>aberrantium</span> <span class='ocrx_word' id='word_1_100' title='bbox 608 866 624 886; x_wconf 88' lang='lat' dir='ltr'>a</span> <span class='ocrx_word' id='word_1_101' title='bbox 639 854 727 893; x_wconf 83' lang='lat' dir='ltr'>Deo,</span> <span class='ocrx_word' id='word_1_102' title='bbox 751 862 782 886; x_wconf 91' lang='lat' dir='ltr'>ct</span> <span class='ocrx_word' id='word_1_103' title='bbox 807 861 932 886; x_wconf 88' lang='lat' dir='ltr'>temere</span> <span class='ocrx_word' id='word_1_104' title='bbox 957 857 1160 897; x_wconf 75' lang='lat' dir='ltr'>vagantium.</span> 
     </span>
     <span class='ocr_line' id='line_1_18' title="bbox 166 897 1161 941; baseline -0.003 -9"><span class='ocrx_word' id='word_1_105' title='bbox 166 899 253 932; x_wconf 85' lang='lat' dir='ltr'>Hinc</span> <span class='ocrx_word' id='word_1_106' title='bbox 283 900 462 941; x_wconf 87' lang='lat' dir='ltr'>perspicue</span> <span class='ocrx_word' id='word_1_107' title='bbox 491 897 630 941; x_wconf 75' lang='lat' dir='ltr'>intelligi</span> <span class='ocrx_word' id='word_1_108' title='bbox 661 905 789 941; x_wconf 85' lang='lat' dir='ltr'>potest,</span> <span class='ocrx_word' id='word_1_109' title='bbox 827 900 956 940; x_wconf 86' lang='lat' dir='ltr'>peccati</span> <span class='ocrx_word' id='word_1_110' title='bbox 987 899 1161 941; x_wconf 86' lang='lat' dir='ltr'>regnantis</span> 
     </span>
     <span class='ocr_line' id='line_1_19' title="bbox 167 941 1162 984; baseline 0 -10"><span class='ocrx_word' id='word_1_111' title='bbox 167 942 307 976; x_wconf 85' lang='lat' dir='ltr'>formale</span> <span class='ocrx_word' id='word_1_112' title='bbox 331 954 409 974; x_wconf 85' lang='lat' dir='ltr'>esse</span> <span class='ocrx_word' id='word_1_113' title='bbox 432 949 572 981; x_wconf 86' lang='lat' dir='ltr'>reatum,</span> <span class='ocrx_word' id='word_1_114' title='bbox 596 943 627 974; x_wconf 93' lang='lat' dir='ltr'>id</span> <span class='ocrx_word' id='word_1_115' title='bbox 653 949 717 981; x_wconf 83' lang='lat' dir='ltr'>est,</span> <span class='ocrx_word' id='word_1_116' title='bbox 742 941 831 974; x_wconf 88' lang='lat' dir='ltr'>illam</span> <span class='ocrx_word' id='word_1_117' title='bbox 857 941 1064 981; x_wconf 87' lang='lat' dir='ltr'>relationem,</span> <span class='ocrx_word' id='word_1_118' title='bbox 1088 953 1162 984; x_wconf 89' lang='lat' dir='ltr'>per-</span> 
     </span>
     <span class='ocr_line' id='line_1_20' title="bbox 167 986 1161 1028; baseline 0 -11"><span class='ocrx_word' id='word_1_119' title='bbox 167 997 303 1026; x_wconf 84' lang='lat' dir='ltr'>sonam,</span> <span class='ocrx_word' id='word_1_120' title='bbox 338 992 477 1028; x_wconf 82' lang='lat' dir='ltr'>propter</span> <span class='ocrx_word' id='word_1_121' title='bbox 500 987 613 1018; x_wconf 72' lang='lat' dir='ltr'>vitium</span> <span class='ocrx_word' id='word_1_122' title='bbox 643 986 830 1028; x_wconf 80' lang='lat' dir='ltr'>quoddam,</span> <span class='ocrx_word' id='word_1_123' title='bbox 866 987 1053 1018; x_wconf 85' lang='lat' dir='ltr'>ordinatam</span> <span class='ocrx_word' id='word_1_124' title='bbox 1084 996 1161 1018; x_wconf 87' lang='lat' dir='ltr'>esse</span> 
     </span>
     <span class='ocr_line' id='line_1_21' title="bbox 167 1029 1162 1072; baseline -0.001 -10"><span class='ocrx_word' id='word_1_125' title='bbox 167 1031 209 1062; x_wconf 89' lang='lat' dir='ltr'>ad</span> <span class='ocrx_word' id='word_1_126' title='bbox 222 1037 376 1062; x_wconf 80' lang='lat' dir='ltr'>aeternas</span> <span class='ocrx_word' id='word_1_127' title='bbox 391 1040 532 1072; x_wconf 87' lang='lat' dir='ltr'>poenas,</span> <span class='ocrx_word' id='word_1_128' title='bbox 552 1030 615 1061; x_wconf 86' lang='lat' dir='ltr'>nisi</span> <span class='ocrx_word' id='word_1_129' title='bbox 629 1029 683 1061; x_wconf 86' lang='lat' dir='ltr'>fiat</span> <span class='ocrx_word' id='word_1_130' title='bbox 699 1030 862 1068; x_wconf 76' lang='lat' dir='ltr'>remissio,</span> <span class='ocrx_word' id='word_1_131' title='bbox 887 1030 947 1060; x_wconf 88' lang='lat' dir='ltr'>scd</span> <span class='ocrx_word' id='word_1_132' title='bbox 967 1031 1048 1069; x_wconf 69' lang='lat' dir='ltr'>vitii,</span> <span class='ocrx_word' id='word_1_133' title='bbox 1072 1030 1162 1072; x_wconf 90' lang='lat' dir='ltr'>quod</span> 
     </span>
     <span class='ocr_line' id='line_1_22' title="bbox 165 1072 1162 1112; baseline 0 -7"><span class='ocrx_word' id='word_1_134' title='bbox 165 1073 281 1106; x_wconf 82' lang='lat' dir='ltr'>haeret</span> <span class='ocrx_word' id='word_1_135' title='bbox 314 1075 346 1105; x_wconf 90' lang='lat' dir='ltr'>in</span> <span class='ocrx_word' id='word_1_136' title='bbox 387 1080 524 1112; x_wconf 84' lang='lat' dir='ltr'>natura,</span> <span class='ocrx_word' id='word_1_137' title='bbox 568 1072 709 1105; x_wconf 86' lang='lat' dir='ltr'>formale</span> <span class='ocrx_word' id='word_1_138' title='bbox 744 1084 822 1104; x_wconf 82' lang='lat' dir='ltr'>esse</span> <span class='ocrx_word' id='word_1_139' title='bbox 863 1072 1014 1106; x_wconf 85' lang='lat' dir='ltr'>desectus</span> <span class='ocrx_word' id='word_1_140' title='bbox 1055 1073 1162 1105; x_wconf 82' lang='lat' dir='ltr'>multi—</span> 
     </span>
     <span class='ocr_line' id='line_1_23' title="bbox 165 1117 284 1159; baseline -0.017 -9"><span class='ocrx_word' id='word_1_141' title='bbox 165 1117 284 1159; x_wconf 89' lang='lat' dir='ltr'>plices.</span> 
     </span>
    </p>
   </div>
   <div class='ocr_carea' id='block_1_5' title="bbox 161 1187 1161 1916">
    <p class='ocr_par' dir='ltr' id='par_1_5' title="bbox 161 1187 1161 1916">
     <span class='ocr_line' id='line_1_24' title="bbox 253 1187 355 1218; baseline -0.01 0"><span class='ocrx_word' id='word_1_142' title='bbox 253 1187 355 1218; x_wconf 77' lang='lat' dir='ltr'>Finis.</span> 
     </span>
     <span class='ocr_line' id='line_1_25' title="bbox 167 1230 1159 1272; baseline 0 -10"><span class='ocrx_word' id='word_1_143' title='bbox 167 1237 241 1262; x_wconf 85' lang='lat' dir='ltr'>ctus</span> <span class='ocrx_word' id='word_1_144' title='bbox 266 1237 298 1262; x_wconf 89' lang='lat' dir='ltr'>et</span> <span class='ocrx_word' id='word_1_145' title='bbox 323 1241 451 1272; x_wconf 86' lang='lat' dir='ltr'>poenae</span> <span class='ocrx_word' id='word_1_146' title='bbox 475 1241 562 1272; x_wconf 89' lang='lat' dir='ltr'>quae</span> <span class='ocrx_word' id='word_1_147' title='bbox 592 1231 793 1261; x_wconf 77' lang='lat' dir='ltr'>comitantur</span> <span class='ocrx_word' id='word_1_148' title='bbox 816 1230 948 1272; x_wconf 87' lang='lat' dir='ltr'>lapsum</span> <span class='ocrx_word' id='word_1_149' title='bbox 977 1231 1090 1269; x_wconf 80' lang='lat' dir='ltr'>Adae,</span> <span class='ocrx_word' id='word_1_150' title='bbox 1128 1238 1159 1262; x_wconf 88' lang='lat' dir='ltr'>et</span> 
     </span>
     <span class='ocr_line' id='line_1_26' title="bbox 166 1272 1161 1316; baseline -0.001 -10"><span class='ocrx_word' id='word_1_151' title='bbox 166 1275 295 1316; x_wconf 85' lang='lat' dir='ltr'>peccati</span> <span class='ocrx_word' id='word_1_152' title='bbox 319 1275 608 1316; x_wconf 79' lang='lat' dir='ltr'>propagationem,</span> <span class='ocrx_word' id='word_1_153' title='bbox 633 1272 800 1312; x_wconf 76' lang='lat' dir='ltr'>videlicet,</span> <span class='ocrx_word' id='word_1_154' title='bbox 824 1276 872 1305; x_wconf 87' lang='lat' dir='ltr'>ira</span> <span class='ocrx_word' id='word_1_155' title='bbox 886 1274 949 1306; x_wconf 88' lang='lat' dir='ltr'>Dei</span> <span class='ocrx_word' id='word_1_156' title='bbox 973 1275 1161 1306; x_wconf 84' lang='lat' dir='ltr'>damnantis</span> 
     </span>
     <span class='ocr_line' id='line_1_27' title="bbox 166 1317 1160 1359; baseline 0 -10"><span class='ocrx_word' id='word_1_157' title='bbox 166 1324 197 1349; x_wconf 88' lang='lat' dir='ltr'>et</span> <span class='ocrx_word' id='word_1_158' title='bbox 219 1318 388 1349; x_wconf 88' lang='lat' dir='ltr'>reicientis</span> <span class='ocrx_word' id='word_1_159' title='bbox 412 1317 577 1348; x_wconf 89' lang='lat' dir='ltr'>hominem</span> <span class='ocrx_word' id='word_1_160' title='bbox 601 1328 669 1348; x_wconf 91' lang='lat' dir='ltr'>non</span> <span class='ocrx_word' id='word_1_161' title='bbox 701 1324 858 1349; x_wconf 72' lang='lat' dir='ltr'>renatumv</span> <span class='ocrx_word' id='word_1_162' title='bbox 916 1317 1009 1349; x_wconf 80' lang='lat' dir='ltr'>Mors</span> <span class='ocrx_word' id='word_1_163' title='bbox 1041 1328 1160 1359; x_wconf 86' lang='lat' dir='ltr'>corpo-</span> 
     </span>
     <span class='ocr_line' id='line_1_28' title="bbox 166 1359 1159 1399; baseline 0 -7"><span class='ocrx_word' id='word_1_164' title='bbox 166 1362 224 1399; x_wconf 85' lang='lat' dir='ltr'>ris,</span> <span class='ocrx_word' id='word_1_165' title='bbox 248 1367 281 1392; x_wconf 90' lang='lat' dir='ltr'>et</span> <span class='ocrx_word' id='word_1_166' title='bbox 304 1360 564 1392; x_wconf 87' lang='lat' dir='ltr'>innumerabiles</span> <span class='ocrx_word' id='word_1_167' title='bbox 589 1359 797 1392; x_wconf 76' lang='lat' dir='ltr'>calamitates</span> <span class='ocrx_word' id='word_1_168' title='bbox 817 1363 1007 1393; x_wconf 76' lang='lat' dir='ltr'>saevientes</span> <span class='ocrx_word' id='word_1_169' title='bbox 1028 1362 1061 1392; x_wconf 91' lang='lat' dir='ltr'>in</span> <span class='ocrx_word' id='word_1_170' title='bbox 1086 1372 1159 1393; x_wconf 86' lang='lat' dir='ltr'>cor-</span> 
     </span>
     <span class='ocr_line' id='line_1_29' title="bbox 164 1402 1158 1447; baseline 0 -11"><span class='ocrx_word' id='word_1_171' title='bbox 164 1415 268 1447; x_wconf 84' lang='lat' dir='ltr'>pora,</span> <span class='ocrx_word' id='word_1_172' title='bbox 298 1415 404 1445; x_wconf 74' lang='lat' dir='ltr'>prava</span> <span class='ocrx_word' id='word_1_173' title='bbox 427 1402 598 1435; x_wconf 81' lang='lat' dir='ltr'>inclinatio</span> <span class='ocrx_word' id='word_1_174' title='bbox 623 1414 682 1435; x_wconf 83' lang='lat' dir='ltr'>seu</span> <span class='ocrx_word' id='word_1_175' title='bbox 708 1406 992 1445; x_wconf 69' lang='lat' dir='ltr'>concttpiseemia,</span> <span class='ocrx_word' id='word_1_176' title='bbox 1018 1415 1103 1447; x_wconf 89' lang='lat' dir='ltr'>quae</span> <span class='ocrx_word' id='word_1_177' title='bbox 1127 1412 1158 1436; x_wconf 90' lang='lat' dir='ltr'>et</span> 
     </span>
     <span class='ocr_line' id='line_1_30' title="bbox 163 1447 1158 1491; baseline 0.001 -12"><span class='ocrx_word' id='word_1_178' title='bbox 163 1458 273 1490; x_wconf 83' lang='lat' dir='ltr'>poena</span> <span class='ocrx_word' id='word_1_179' title='bbox 301 1454 353 1480; x_wconf 90' lang='lat' dir='ltr'>est</span> <span class='ocrx_word' id='word_1_180' title='bbox 386 1448 483 1489; x_wconf 90' lang='lat' dir='ltr'>primi</span> <span class='ocrx_word' id='word_1_181' title='bbox 516 1447 646 1489; x_wconf 82' lang='lat' dir='ltr'>lapsus,</span> <span class='ocrx_word' id='word_1_182' title='bbox 682 1453 714 1478; x_wconf 89' lang='lat' dir='ltr'>et</span> <span class='ocrx_word' id='word_1_183' title='bbox 738 1448 857 1480; x_wconf 84' lang='lat' dir='ltr'>deinde</span> <span class='ocrx_word' id='word_1_184' title='bbox 882 1456 1069 1489; x_wconf 84' lang='lat' dir='ltr'>peccatum,</span> <span class='ocrx_word' id='word_1_185' title='bbox 1094 1460 1158 1491; x_wconf 88' lang='lat' dir='ltr'>qua</span> 
     </span>
     <span class='ocr_line' id='line_1_31' title="bbox 163 1490 1158 1533; baseline 0.001 -10"><span class='ocrx_word' id='word_1_186' title='bbox 163 1502 270 1533; x_wconf 85' lang='lat' dir='ltr'>prava</span> <span class='ocrx_word' id='word_1_187' title='bbox 309 1490 524 1523; x_wconf 86' lang='lat' dir='ltr'>inclinatione</span> <span class='ocrx_word' id='word_1_188' title='bbox 558 1492 735 1531; x_wconf 86' lang='lat' dir='ltr'>impeditur</span> <span class='ocrx_word' id='word_1_189' title='bbox 769 1491 913 1524; x_wconf 85' lang='lat' dir='ltr'>humana</span> <span class='ocrx_word' id='word_1_190' title='bbox 951 1500 1082 1531; x_wconf 87' lang='lat' dir='ltr'>natura,</span> <span class='ocrx_word' id='word_1_191' title='bbox 1116 1503 1158 1524; x_wconf 90' lang='lat' dir='ltr'>ne</span> 
     </span>
     <span class='ocr_line' id='line_1_32' title="bbox 166 1534 1155 1578; baseline 0.001 -12"><span class='ocrx_word' id='word_1_192' title='bbox 166 1536 294 1578; x_wconf 86' lang='lat' dir='ltr'>integre</span> <span class='ocrx_word' id='word_1_193' title='bbox 326 1535 462 1567; x_wconf 87' lang='lat' dir='ltr'>obedire</span> <span class='ocrx_word' id='word_1_194' title='bbox 497 1534 565 1577; x_wconf 86' lang='lat' dir='ltr'>legi</span> <span class='ocrx_word' id='word_1_195' title='bbox 599 1534 663 1567; x_wconf 89' lang='lat' dir='ltr'>Dei</span> <span class='ocrx_word' id='word_1_196' title='bbox 699 1536 730 1566; x_wconf 93' lang='lat' dir='ltr'>in</span> <span class='ocrx_word' id='word_1_197' title='bbox 765 1535 828 1567; x_wconf 88' lang='lat' dir='ltr'>hac</span> <span class='ocrx_word' id='word_1_198' title='bbox 854 1537 920 1567; x_wconf 68' lang='lat' dir='ltr'>vita</span> <span class='ocrx_word' id='word_1_199' title='bbox 953 1537 1070 1577; x_wconf 78' lang='lat' dir='ltr'>possit.</span> <span class='ocrx_word' id='word_1_200' title='bbox 1096 1536 1155 1567; x_wconf 87' lang='lat' dir='ltr'>Est</span> 
     </span>
     <span class='ocr_line' id='line_1_33' title="bbox 165 1580 1157 1622; baseline 0.001 -11"><span class='ocrx_word' id='word_1_201' title='bbox 165 1585 197 1611; x_wconf 82' lang='lat' dir='ltr'>et</span> <span class='ocrx_word' id='word_1_202' title='bbox 215 1580 321 1611; x_wconf 89' lang='lat' dir='ltr'>tristis</span> <span class='ocrx_word' id='word_1_203' title='bbox 345 1589 467 1620; x_wconf 89' lang='lat' dir='ltr'>poena,</span> <span class='ocrx_word' id='word_1_204' title='bbox 491 1580 677 1610; x_wconf 84' lang='lat' dir='ltr'>miserrima</span> <span class='ocrx_word' id='word_1_205' title='bbox 701 1580 864 1618; x_wconf 72' lang='lat' dir='ltr'>servitus,</span> <span class='ocrx_word' id='word_1_206' title='bbox 888 1591 953 1622; x_wconf 85' lang='lat' dir='ltr'>qua</span> <span class='ocrx_word' id='word_1_207' title='bbox 973 1587 1077 1611; x_wconf 93' lang='lat' dir='ltr'>totum</span> <span class='ocrx_word' id='word_1_208' title='bbox 1101 1591 1157 1622; x_wconf 89' lang='lat' dir='ltr'>ge-</span> 
     </span>
     <span class='ocr_line' id='line_1_34' title="bbox 164 1622 1156 1666; baseline 0.002 -13"><span class='ocrx_word' id='word_1_209' title='bbox 164 1632 228 1654; x_wconf 92' lang='lat' dir='ltr'>nus</span> <span class='ocrx_word' id='word_1_210' title='bbox 250 1622 430 1654; x_wconf 88' lang='lat' dir='ltr'>humanum</span> <span class='ocrx_word' id='word_1_211' title='bbox 455 1624 621 1666; x_wconf 74' lang='lat' dir='ltr'>tyrannidi</span> <span class='ocrx_word' id='word_1_212' title='bbox 646 1622 769 1654; x_wconf 87' lang='lat' dir='ltr'>diaboli</span> <span class='ocrx_word' id='word_1_213' title='bbox 794 1625 980 1655; x_wconf 76' lang='lat' dir='ltr'>subiectum</span> <span class='ocrx_word' id='word_1_214' title='bbox 1007 1631 1076 1663; x_wconf 90' lang='lat' dir='ltr'>est,</span> <span class='ocrx_word' id='word_1_215' title='bbox 1101 1626 1156 1666; x_wconf 90' lang='lat' dir='ltr'>qui</span> 
     </span>
     <span class='ocr_line' id='line_1_35' title="bbox 163 1665 1156 1708; baseline 0.002 -11"><span class='ocrx_word' id='word_1_216' title='bbox 163 1665 303 1708; x_wconf 90' lang='lat' dir='ltr'>impellit</span> <span class='ocrx_word' id='word_1_217' title='bbox 326 1667 481 1698; x_wconf 89' lang='lat' dir='ltr'>incautas</span> <span class='ocrx_word' id='word_1_218' title='bbox 506 1674 537 1698; x_wconf 89' lang='lat' dir='ltr'>et</span> <span class='ocrx_word' id='word_1_219' title='bbox 560 1667 709 1698; x_wconf 84' lang='lat' dir='ltr'>infirmas</span> <span class='ocrx_word' id='word_1_220' title='bbox 739 1667 907 1699; x_wconf 86' lang='lat' dir='ltr'>hominum</span> <span class='ocrx_word' id='word_1_221' title='bbox 939 1675 1087 1706; x_wconf 85' lang='lat' dir='ltr'>mentes,</span> <span class='ocrx_word' id='word_1_222' title='bbox 1122 1676 1156 1700; x_wconf 88' lang='lat' dir='ltr'>ut</span> 
     </span>
     <span class='ocr_line' id='line_1_36' title="bbox 165 1708 1156 1743; baseline 0.003 -3"><span class='ocrx_word' id='word_1_223' title='bbox 165 1708 219 1741; x_wconf 74' lang='lat' dir='ltr'>alii</span> <span class='ocrx_word' id='word_1_224' title='bbox 242 1711 275 1741; x_wconf 94' lang='lat' dir='ltr'>in</span> <span class='ocrx_word' id='word_1_225' title='bbox 299 1708 364 1741; x_wconf 86' lang='lat' dir='ltr'>alia</span> <span class='ocrx_word' id='word_1_226' title='bbox 387 1710 519 1742; x_wconf 86' lang='lat' dir='ltr'>scelera</span> <span class='ocrx_word' id='word_1_227' title='bbox 542 1709 746 1742; x_wconf 80' lang='lat' dir='ltr'>horribiliter</span> <span class='ocrx_word' id='word_1_228' title='bbox 770 1718 877 1743; x_wconf 86' lang='lat' dir='ltr'>ruant.</span> <span class='ocrx_word' id='word_1_229' title='bbox 914 1710 995 1742; x_wconf 86' lang='lat' dir='ltr'>Cain</span> <span class='ocrx_word' id='word_1_230' title='bbox 1020 1711 1156 1743; x_wconf 83' lang='lat' dir='ltr'>fratrem</span> 
     </span>
     <span class='ocr_line' id='line_1_37' title="bbox 165 1754 1157 1797; baseline 0.003 -13"><span class='ocrx_word' id='word_1_231' title='bbox 165 1754 339 1791; x_wconf 84' lang='lat' dir='ltr'>interficit,</span> <span class='ocrx_word' id='word_1_232' title='bbox 375 1765 448 1785; x_wconf 88' lang='lat' dir='ltr'>cum</span> <span class='ocrx_word' id='word_1_233' title='bbox 480 1754 612 1795; x_wconf 90' lang='lat' dir='ltr'>quidem</span> <span class='ocrx_word' id='word_1_234' title='bbox 642 1761 673 1785; x_wconf 89' lang='lat' dir='ltr'>et</span> <span class='ocrx_word' id='word_1_235' title='bbox 703 1755 766 1785; x_wconf 89' lang='lat' dir='ltr'>sibi</span> <span class='ocrx_word' id='word_1_236' title='bbox 796 1755 871 1796; x_wconf 21' lang='lat' dir='ltr'>ipsi.</span> <span class='ocrx_word' id='word_1_237' title='bbox 891 1761 923 1786; x_wconf 93' lang='lat' dir='ltr'>et</span> <span class='ocrx_word' id='word_1_238' title='bbox 954 1757 1068 1797; x_wconf 81' lang='lat' dir='ltr'>generi</span> <span class='ocrx_word' id='word_1_239' title='bbox 1098 1756 1157 1787; x_wconf 89' lang='lat' dir='ltr'>hu-</span> 
     </span>
     <span class='ocr_line' id='line_1_38' title="bbox 161 1796 1155 1840; baseline 0.001 -12"><span class='ocrx_word' id='word_1_240' title='bbox 161 1807 259 1828; x_wconf 90' lang='lat' dir='ltr'>mano</span> <span class='ocrx_word' id='word_1_241' title='bbox 285 1796 447 1840; x_wconf 84' lang='lat' dir='ltr'>gratulari</span> <span class='ocrx_word' id='word_1_242' title='bbox 473 1797 669 1829; x_wconf 80' lang='lat' dir='ltr'>beneficium</span> <span class='ocrx_word' id='word_1_243' title='bbox 688 1796 752 1829; x_wconf 92' lang='lat' dir='ltr'>Dei</span> <span class='ocrx_word' id='word_1_244' title='bbox 778 1799 932 1836; x_wconf 85' lang='lat' dir='ltr'>debebat,</span> <span class='ocrx_word' id='word_1_245' title='bbox 958 1800 1047 1840; x_wconf 85' lang='lat' dir='ltr'>quod</span> <span class='ocrx_word' id='word_1_246' title='bbox 1061 1799 1155 1831; x_wconf 85' lang='lat' dir='ltr'>Deus</span> 
     </span>
     <span class='ocr_line' id='line_1_39' title="bbox 161 1838 1157 1875; baseline 0.004 -4"><span class='ocrx_word' id='word_1_247' title='bbox 161 1838 283 1872; x_wconf 78' lang='lat' dir='ltr'>illustri</span> <span class='ocrx_word' id='word_1_248' title='bbox 323 1842 513 1873; x_wconf 84' lang='lat' dir='ltr'>testimonio</span> <span class='ocrx_word' id='word_1_249' title='bbox 554 1842 747 1873; x_wconf 85' lang='lat' dir='ltr'>ostenderat</span> <span class='ocrx_word' id='word_1_250' title='bbox 789 1852 826 1873; x_wconf 89' lang='lat' dir='ltr'>se</span> <span class='ocrx_word' id='word_1_251' title='bbox 866 1843 1026 1874; x_wconf 75' lang='lat' dir='ltr'>exaudire</span> <span class='ocrx_word' id='word_1_252' title='bbox 1065 1844 1157 1875; x_wconf 80' lang='lat' dir='ltr'>invo-</span> 
     </span>
     <span class='ocr_line' id='line_1_40' title="bbox 162 1890 288 1916; baseline -0.016 0"><span class='ocrx_word' id='word_1_253' title='bbox 162 1890 288 1916; x_wconf 81' lang='lat' dir='ltr'>cantes.</span> 
     </span>
    </p>
   </div>
   <div class='ocr_carea' id='block_1_6' title="bbox 403 1185 1162 1228">
    <p class='ocr_par' dir='ltr' id='par_1_6' title="bbox 403 1185 1162 1228">
     <span class='ocr_line' id='line_1_41' title="bbox 403 1185 1162 1228; baseline 0.001 -11"><span class='ocrx_word' id='word_1_254' title='bbox 403 1185 638 1228; x_wconf 86' lang='lat' dir='ltr'>Appellatione</span> <span class='ocrx_word' id='word_1_255' title='bbox 662 1186 738 1218; x_wconf 82' lang='lat' dir='ltr'>finis</span> <span class='ocrx_word' id='word_1_256' title='bbox 763 1188 976 1218; x_wconf 85' lang='lat' dir='ltr'>continentur</span> <span class='ocrx_word' id='word_1_257' title='bbox 1007 1186 1060 1218; x_wconf 89' lang='lat' dir='ltr'>hic</span> <span class='ocrx_word' id='word_1_258' title='bbox 1084 1186 1162 1218; x_wconf 75' lang='lat' dir='ltr'>ess&#39;e-</span> 
     </span>
    </p>
   </div>
   <div class='ocr_carea' id='block_1_7' title="bbox 160 1943 1159 2339">
    <p class='ocr_par' dir='ltr' id='par_1_7' title="bbox 160 1943 1159 2339">
     <span class='ocr_line' id='line_1_42' title="bbox 247 1943 1157 1988; baseline 0.004 -12"><span class='ocrx_word' id='word_1_259' title='bbox 247 1943 320 1976; x_wconf 89' lang='lat' dir='ltr'>Etsi</span> <span class='ocrx_word' id='word_1_260' title='bbox 344 1945 431 1976; x_wconf 90' lang='lat' dir='ltr'>enim</span> <span class='ocrx_word' id='word_1_261' title='bbox 454 1953 567 1977; x_wconf 88' lang='lat' dir='ltr'>manet</span> <span class='ocrx_word' id='word_1_262' title='bbox 591 1944 702 1988; x_wconf 84' lang='lat' dir='ltr'>aliqua</span> <span class='ocrx_word' id='word_1_263' title='bbox 727 1945 871 1978; x_wconf 86' lang='lat' dir='ltr'>facultas</span> <span class='ocrx_word' id='word_1_264' title='bbox 895 1946 990 1979; x_wconf 88' lang='lat' dir='ltr'>liberi</span> <span class='ocrx_word' id='word_1_265' title='bbox 1019 1949 1157 1988; x_wconf 87' lang='lat' dir='ltr'>arbitrii,</span> 
     </span>
     <span class='ocr_line' id='line_1_43' title="bbox 161 1987 1157 2034; baseline 0.004 -14"><span class='ocrx_word' id='word_1_266' title='bbox 161 1998 223 2020; x_wconf 85' lang='lat' dir='ltr'>seu</span> <span class='ocrx_word' id='word_1_267' title='bbox 245 1987 411 2020; x_wconf 85' lang='lat' dir='ltr'>humanae</span> <span class='ocrx_word' id='word_1_268' title='bbox 430 1988 632 2028; x_wconf 78' lang='lat' dir='ltr'>voluntatis,</span> <span class='ocrx_word' id='word_1_269' title='bbox 665 2001 730 2032; x_wconf 87' lang='lat' dir='ltr'>que</span> <span class='ocrx_word' id='word_1_270' title='bbox 754 1999 924 2033; x_wconf 88' lang='lat' dir='ltr'>utcunque</span> <span class='ocrx_word' id='word_1_271' title='bbox 949 2002 1068 2034; x_wconf 87' lang='lat' dir='ltr'>regere</span> <span class='ocrx_word' id='word_1_272' title='bbox 1091 1993 1157 2024; x_wconf 91' lang='lat' dir='ltr'>dis-</span> 
     </span>
     <span class='ocr_line' id='line_1_44' title="bbox 161 2031 1158 2078; baseline 0.004 -14"><span class='ocrx_word' id='word_1_273' title='bbox 161 2031 314 2074; x_wconf 88' lang='lat' dir='ltr'>ciplinam</span> <span class='ocrx_word' id='word_1_274' title='bbox 337 2040 466 2074; x_wconf 87' lang='lat' dir='ltr'>potest,</span> <span class='ocrx_word' id='word_1_275' title='bbox 501 2042 608 2066; x_wconf 89' lang='lat' dir='ltr'>tamen</span> <span class='ocrx_word' id='word_1_276' title='bbox 644 2033 789 2066; x_wconf 91' lang='lat' dir='ltr'>humana</span> <span class='ocrx_word' id='word_1_277' title='bbox 821 2034 1031 2067; x_wconf 80' lang='lat' dir='ltr'>imbecillitas</span> <span class='ocrx_word' id='word_1_278' title='bbox 1055 2046 1158 2078; x_wconf 86' lang='lat' dir='ltr'>saepe</span> 
     </span>
     <span class='ocr_line' id='line_1_45' title="bbox 160 2076 1158 2121; baseline 0.004 -13"><span class='ocrx_word' id='word_1_279' title='bbox 160 2077 302 2108; x_wconf 84' lang='lat' dir='ltr'>vincitur</span> <span class='ocrx_word' id='word_1_280' title='bbox 325 2076 582 2118; x_wconf 80' lang='lat' dir='ltr'>impulsionibus</span> <span class='ocrx_word' id='word_1_281' title='bbox 601 2077 749 2116; x_wconf 88' lang='lat' dir='ltr'>Diaboli,</span> <span class='ocrx_word' id='word_1_282' title='bbox 769 2085 804 2110; x_wconf 89' lang='lat' dir='ltr'>ut</span> <span class='ocrx_word' id='word_1_283' title='bbox 817 2080 848 2110; x_wconf 90' lang='lat' dir='ltr'>in</span> <span class='ocrx_word' id='word_1_284' title='bbox 862 2078 952 2119; x_wconf 88' lang='lat' dir='ltr'>Saul,</span> <span class='ocrx_word' id='word_1_285' title='bbox 975 2079 1158 2121; x_wconf 85' lang='lat' dir='ltr'>Ahitophel</span> 
     </span>
     <span class='ocr_line' id='line_1_46' title="bbox 162 2118 1159 2166; baseline 0.005 -15"><span class='ocrx_word' id='word_1_286' title='bbox 162 2125 195 2151; x_wconf 82' lang='lat' dir='ltr'>et</span> <span class='ocrx_word' id='word_1_287' title='bbox 217 2118 329 2150; x_wconf 85' lang='lat' dir='ltr'>multis</span> <span class='ocrx_word' id='word_1_288' title='bbox 359 2122 567 2162; x_wconf 81' lang='lat' dir='ltr'>sapientibus</span> <span class='ocrx_word' id='word_1_289' title='bbox 597 2123 811 2163; x_wconf 81' lang='lat' dir='ltr'>conspicitur.</span> <span class='ocrx_word' id='word_1_290' title='bbox 863 2125 1012 2166; x_wconf 84' lang='lat' dir='ltr'>Suntque</span> <span class='ocrx_word' id='word_1_291' title='bbox 1041 2125 1159 2156; x_wconf 81' lang='lat' dir='ltr'>tristis-</span> 
     </span>
     <span class='ocr_line' id='line_1_47' title="bbox 162 2163 1158 2207; baseline 0.006 -13"><span class='ocrx_word' id='word_1_292' title='bbox 162 2163 246 2195; x_wconf 89' lang='lat' dir='ltr'>sima</span> <span class='ocrx_word' id='word_1_293' title='bbox 269 2163 467 2205; x_wconf 83' lang='lat' dir='ltr'>spectacula</span> <span class='ocrx_word' id='word_1_294' title='bbox 479 2165 512 2196; x_wconf 91' lang='lat' dir='ltr'>in</span> <span class='ocrx_word' id='word_1_295' title='bbox 525 2175 650 2207; x_wconf 80' lang='lat' dir='ltr'>genere</span> <span class='ocrx_word' id='word_1_296' title='bbox 670 2164 827 2205; x_wconf 87' lang='lat' dir='ltr'>humano,</span> <span class='ocrx_word' id='word_1_297' title='bbox 851 2168 967 2199; x_wconf 81' lang='lat' dir='ltr'>videre</span> <span class='ocrx_word' id='word_1_298' title='bbox 987 2167 1158 2200; x_wconf 86' lang='lat' dir='ltr'>horrenda</span> 
     </span>
     <span class='ocr_line' id='line_1_48' title="bbox 162 2205 1157 2251; baseline 0.005 -12"><span class='ocrx_word' id='word_1_299' title='bbox 162 2205 315 2250; x_wconf 87' lang='lat' dir='ltr'>exempla</span> <span class='ocrx_word' id='word_1_300' title='bbox 339 2208 525 2249; x_wconf 88' lang='lat' dir='ltr'>sapientum</span> <span class='ocrx_word' id='word_1_301' title='bbox 550 2215 582 2241; x_wconf 83' lang='lat' dir='ltr'>et</span> <span class='ocrx_word' id='word_1_302' title='bbox 606 2210 727 2241; x_wconf 87' lang='lat' dir='ltr'>virtute</span> <span class='ocrx_word' id='word_1_303' title='bbox 750 2213 1004 2251; x_wconf 84' lang='lat' dir='ltr'>praestantium,</span> <span class='ocrx_word' id='word_1_304' title='bbox 1053 2214 1084 2243; x_wconf 92' lang='lat' dir='ltr'>ui</span> <span class='ocrx_word' id='word_1_305' title='bbox 1100 2213 1157 2244; x_wconf 92' lang='lat' dir='ltr'>im-</span> 
     </span>
     <span class='ocr_line' id='line_1_49' title="bbox 161 2223 1159 2296; baseline 0.007 -15"><span class='ocrx_word' id='word_1_306' title='bbox 161 2249 247 2293; x_wconf 90' lang='lat' dir='ltr'>pulsi</span> <span class='ocrx_word' id='word_1_307' title='bbox 271 2261 291 2282; x_wconf 89' lang='lat' dir='ltr'>a</span> <span class='ocrx_word' id='word_1_308' title='bbox 310 2250 443 2283; x_wconf 90' lang='lat' dir='ltr'>diabolo</span> <span class='ocrx_word' id='word_1_309' title='bbox 463 2253 546 2284; x_wconf 80' lang='lat' dir='ltr'>fiunt</span> <span class='ocrx_word' id='word_1_310' title='bbox 564 2253 750 2285; x_wconf 73' lang='lat' dir='ltr'>administri</span> <span class='ocrx_word' id='word_1_311' title='bbox 770 2265 966 2296; x_wconf 85' lang='lat' dir='ltr'>magnorum</span> <span class='ocrx_word' id='word_1_312' title='bbox 980 2223 1159 2296; x_wconf 58' lang='lat' dir='ltr'>sccllerum,</span> 
     </span>
     <span class='ocr_line' id='line_1_50' title="bbox 161 2293 1158 2339; baseline 0.005 -13"><span class='ocrx_word' id='word_1_313' title='bbox 161 2293 334 2326; x_wconf 86' lang='lat' dir='ltr'>stabiliunt</span> <span class='ocrx_word' id='word_1_314' title='bbox 358 2295 459 2333; x_wconf 90' lang='lat' dir='ltr'>idola,</span> <span class='ocrx_word' id='word_1_315' title='bbox 484 2303 516 2327; x_wconf 90' lang='lat' dir='ltr'>et</span> <span class='ocrx_word' id='word_1_316' title='bbox 540 2303 699 2329; x_wconf 76' lang='lat' dir='ltr'>exercent</span> <span class='ocrx_word' id='word_1_317' title='bbox 722 2299 896 2330; x_wconf 79' lang='lat' dir='ltr'>saevitiam</span> <span class='ocrx_word' id='word_1_318' title='bbox 916 2300 947 2330; x_wconf 89' lang='lat' dir='ltr'>in</span> <span class='ocrx_word' id='word_1_319' title='bbox 960 2298 1158 2339; x_wconf 83' lang='lat' dir='ltr'>Ecclesiam,</span> 
     </span>
    </p>
   </div>
   <div class='ocr_carea' id='block_1_8' title="bbox 162 2337 1159 2414">
    <p class='ocr_par' dir='ltr' id='par_1_8' title="bbox 162 2337 1159 2414">
     <span class='ocr_line' id='line_1_51' title="bbox 162 2337 1159 2414; baseline 0.007 -45"><span class='ocrx_word' id='word_1_320' title='bbox 162 2344 209 2414; x_wconf 50' lang='grc' dir='ltr'>ὓ</span> <span class='ocrx_word' id='word_1_321' title='bbox 218 2337 372 2377; x_wconf 87' lang='lat' dir='ltr'>Pharao,</span> <span class='ocrx_word' id='word_1_322' title='bbox 393 2339 516 2378; x_wconf 83' lang='lat' dir='ltr'>Arius,</span> <span class='ocrx_word' id='word_1_323' title='bbox 539 2339 793 2381; x_wconf 56' lang='lat' dir='ltr'>Diocletianus.</span> <span class='ocrx_word' id='word_1_324' title='bbox 830 2349 863 2374; x_wconf 92' lang='lat' dir='ltr'>et</span> <span class='ocrx_word' id='word_1_325' title='bbox 887 2342 943 2374; x_wconf 82' lang='lat' dir='ltr'>alii</span> <span class='ocrx_word' id='word_1_326' title='bbox 973 2344 1159 2376; x_wconf 89' lang='lat' dir='ltr'>innumera·</span> 
     </span>
     <span class='ocr_line' id='line_1_52' title="bbox 210 2392 258 2414; baseline 0.021 -1"><span class='ocrx_word' id='word_1_327' title='bbox 210 2392 258 2414; x_wconf 88' lang='lat' dir='ltr'>es.</span> 
     </span>
    </p>
   </div>
   <div class='ocr_carea' id='block_1_9' title="bbox 162 2451 1158 2674">
    <p class='ocr_par' dir='ltr' id='par_1_9' title="bbox 162 2451 1158 2674">
     <span class='ocr_line' id='line_1_53' title="bbox 249 2451 1158 2499; baseline 0.009 -17"><span class='ocrx_word' id='word_1_328' title='bbox 249 2451 342 2484; x_wconf 85' lang='lat' dir='ltr'>Haec</span> <span class='ocrx_word' id='word_1_329' title='bbox 376 2452 528 2484; x_wconf 88' lang='lat' dir='ltr'>recitatio</span> <span class='ocrx_word' id='word_1_330' title='bbox 564 2463 742 2486; x_wconf 84' lang='lat' dir='ltr'>causarum</span> <span class='ocrx_word' id='word_1_331' title='bbox 783 2455 909 2499; x_wconf 86' lang='lat' dir='ltr'>aliquid</span> <span class='ocrx_word' id='word_1_332' title='bbox 943 2455 1029 2489; x_wconf 86' lang='lat' dir='ltr'>lucis</span> <span class='ocrx_word' id='word_1_333' title='bbox 1068 2458 1158 2490; x_wconf 88' lang='lat' dir='ltr'>addit</span> 
     </span>
     <span class='ocr_line' id='line_1_54' title="bbox 163 2495 1158 2543; baseline 0.005 -15"><span class='ocrx_word' id='word_1_334' title='bbox 163 2495 336 2528; x_wconf 82' lang='lat' dir='ltr'>doetrinae</span> <span class='ocrx_word' id='word_1_335' title='bbox 360 2496 402 2529; x_wconf 92' lang='lat' dir='ltr'>de</span> <span class='ocrx_word' id='word_1_336' title='bbox 425 2502 568 2538; x_wconf 88' lang='lat' dir='ltr'>peccato</span> <span class='ocrx_word' id='word_1_337' title='bbox 594 2498 749 2540; x_wconf 83' lang='lat' dir='ltr'>originis,</span> <span class='ocrx_word' id='word_1_338' title='bbox 783 2510 847 2532; x_wconf 90' lang='lat' dir='ltr'>nec</span> <span class='ocrx_word' id='word_1_339' title='bbox 871 2500 1058 2533; x_wconf 85' lang='lat' dir='ltr'>cachinnos</span> <span class='ocrx_word' id='word_1_340' title='bbox 1081 2512 1158 2543; x_wconf 88' lang='lat' dir='ltr'>pro-</span> 
     </span>
     <span class='ocr_line' id='line_1_55' title="bbox 162 2537 1158 2585; baseline 0.007 -15"><span class='ocrx_word' id='word_1_341' title='bbox 162 2537 350 2581; x_wconf 75' lang='lat' dir='ltr'>phanorum</span> <span class='ocrx_word' id='word_1_342' title='bbox 378 2539 548 2572; x_wconf 90' lang='lat' dir='ltr'>hominum</span> <span class='ocrx_word' id='word_1_343' title='bbox 577 2552 772 2582; x_wconf 88' lang='lat' dir='ltr'>vereamur,</span> <span class='ocrx_word' id='word_1_344' title='bbox 802 2545 858 2585; x_wconf 89' lang='lat' dir='ltr'>qui</span> <span class='ocrx_word' id='word_1_345' title='bbox 889 2545 1041 2576; x_wconf 87' lang='lat' dir='ltr'>derident</span> <span class='ocrx_word' id='word_1_346' title='bbox 1070 2544 1158 2578; x_wconf 88' lang='lat' dir='ltr'>hanc</span> 
     </span>
     <span class='ocr_line' id='line_1_56' title="bbox 162 2583 1158 2632; baseline 0.007 -18"><span class='ocrx_word' id='word_1_347' title='bbox 162 2583 369 2623; x_wconf 88' lang='lat' dir='ltr'>doctrinam,</span> <span class='ocrx_word' id='word_1_348' title='bbox 404 2585 467 2616; x_wconf 85' lang='lat' dir='ltr'>sed</span> <span class='ocrx_word' id='word_1_349' title='bbox 494 2585 615 2627; x_wconf 86' lang='lat' dir='ltr'>ingens</span> <span class='ocrx_word' id='word_1_350' title='bbox 643 2587 837 2629; x_wconf 83' lang='lat' dir='ltr'>magnitudo</span> <span class='ocrx_word' id='word_1_351' title='bbox 866 2589 1072 2620; x_wconf 91' lang='lat' dir='ltr'>miseriarum</span> <span class='ocrx_word' id='word_1_352' title='bbox 1102 2600 1158 2632; x_wconf 85' lang='lat' dir='ltr'>ge-</span> 
     </span>
     <span class='ocr_line' id='line_1_57' title="bbox 162 2626 1158 2674; baseline 0.007 -16"><span class='ocrx_word' id='word_1_353' title='bbox 162 2627 253 2659; x_wconf 84' lang='lat' dir='ltr'>neris</span> <span class='ocrx_word' id='word_1_354' title='bbox 276 2626 412 2660; x_wconf 85' lang='lat' dir='ltr'>humani</span> <span class='ocrx_word' id='word_1_355' title='bbox 434 2634 567 2660; x_wconf 77' lang='lat' dir='ltr'>moveat</span> <span class='ocrx_word' id='word_1_356' title='bbox 589 2639 666 2669; x_wconf 86' lang='lat' dir='ltr'>nos,</span> <span class='ocrx_word' id='word_1_357' title='bbox 688 2637 725 2662; x_wconf 85' lang='lat' dir='ltr'>ut</span> <span class='ocrx_word' id='word_1_358' title='bbox 748 2631 934 2674; x_wconf 84' lang='lat' dir='ltr'>cogitemus</span> <span class='ocrx_word' id='word_1_359' title='bbox 957 2643 1025 2664; x_wconf 93' lang='lat' dir='ltr'>non</span> <span class='ocrx_word' id='word_1_360' title='bbox 1048 2632 1158 2665; x_wconf 88' lang='lat' dir='ltr'>levem</span> 
     </span>
    </p>
   </div>
   <div class='ocr_carea' id='block_1_10' title="bbox 806 123 1556 164">
    <p class='ocr_par' dir='ltr' id='par_1_10' title="bbox 806 123 1556 164">
     <span class='ocr_line' id='line_1_58' title="bbox 806 123 1556 164; baseline -0.001 -7"><span class='ocrx_word' id='word_1_361' title='bbox 806 124 861 157; x_wconf 87' lang='lat' dir='ltr'>lv.</span> <span class='ocrx_word' id='word_1_362' title='bbox 886 124 1148 157; x_wconf 83' lang='lat' dir='ltr'><strong>ENARRATIO</strong></span> <span class='ocrx_word' id='word_1_363' title='bbox 1178 123 1379 164; x_wconf 78' lang='lat' dir='ltr'><strong>SYMBOLI</strong></span> <span class='ocrx_word' id='word_1_364' title='bbox 1408 124 1556 156; x_wconf 80' lang='lat' dir='ltr'>NlCENl</span> 
     </span>
    </p>
   </div>
   <div class='ocr_carea' id='block_1_11' title="bbox 1188 440 1192 1065">
    <p class='ocr_par' dir='ltr' id='par_1_11' title="bbox 1188 440 1192 1065">
     <span class='ocr_line' id='line_1_59' title="bbox 1188 440 1192 1065; baseline 0 0"><span class='ocrx_word' id='word_1_365' title='bbox 1188 440 1192 1065; x_wconf 95' lang='lat' dir='ltr'> </span> 
     </span>
    </p>
   </div>
   <div class='ocr_carea' id='block_1_12' title="bbox 2145 126 2208 157">
    <p class='ocr_par' dir='ltr' id='par_1_12' title="bbox 2145 126 2208 157">
     <span class='ocr_line' id='line_1_60' title="bbox 2145 126 2208 157; baseline 0.016 -1"><span class='ocrx_word' id='word_1_366' title='bbox 2145 126 2208 157; x_wconf 77' lang='lat'>266</span> 
     </span>
    </p>
   </div>
   <div class='ocr_carea' id='block_1_13' title="bbox 1215 219 2209 438">
    <p class='ocr_par' dir='ltr' id='par_1_13' title="bbox 1215 219 2209 438">
     <span class='ocr_line' id='line_1_61' title="bbox 1215 219 2208 262; baseline 0.002 -11"><span class='ocrx_word' id='word_1_367' title='bbox 1215 230 1293 252; x_wconf 88' lang='lat' dir='ltr'>esse</span> <span class='ocrx_word' id='word_1_368' title='bbox 1317 230 1452 252; x_wconf 85' lang='lat' dir='ltr'>causam</span> <span class='ocrx_word' id='word_1_369' title='bbox 1479 221 1547 252; x_wconf 88' lang='lat' dir='ltr'>irae</span> <span class='ocrx_word' id='word_1_370' title='bbox 1571 219 1654 259; x_wconf 87' lang='lat' dir='ltr'>Dei,</span> <span class='ocrx_word' id='word_1_371' title='bbox 1683 227 1821 262; x_wconf 89' lang='lat' dir='ltr'>propter</span> <span class='ocrx_word' id='word_1_372' title='bbox 1850 231 1951 262; x_wconf 87' lang='lat' dir='ltr'>quam</span> <span class='ocrx_word' id='word_1_373' title='bbox 1979 221 2078 252; x_wconf 84' lang='lat' dir='ltr'>tantis</span> <span class='ocrx_word' id='word_1_374' title='bbox 2112 231 2208 253; x_wconf 89' lang='lat' dir='ltr'>aeru-</span> 
     </span>
     <span class='ocr_line' id='line_1_62' title="bbox 1215 263 2209 307; baseline 0.001 -12"><span class='ocrx_word' id='word_1_375' title='bbox 1215 264 1301 295; x_wconf 89' lang='lat' dir='ltr'>mnis</span> <span class='ocrx_word' id='word_1_376' title='bbox 1324 270 1355 295; x_wconf 89' lang='lat' dir='ltr'>et</span> <span class='ocrx_word' id='word_1_377' title='bbox 1384 264 1501 304; x_wconf 87' lang='lat' dir='ltr'>poenis</span> <span class='ocrx_word' id='word_1_378' title='bbox 1527 271 1645 296; x_wconf 75' lang='lat' dir='ltr'>natura</span> <span class='ocrx_word' id='word_1_379' title='bbox 1668 263 1838 295; x_wconf 80' lang='lat' dir='ltr'>hominum</span> <span class='ocrx_word' id='word_1_380' title='bbox 1863 271 2001 295; x_wconf 84' lang='lat' dir='ltr'>onerata</span> <span class='ocrx_word' id='word_1_381' title='bbox 2024 270 2093 302; x_wconf 88' lang='lat' dir='ltr'>est,</span> <span class='ocrx_word' id='word_1_382' title='bbox 2124 276 2209 307; x_wconf 85' lang='lat' dir='ltr'>quas</span> 
     </span>
     <span class='ocr_line' id='line_1_63' title="bbox 1216 306 2208 350; baseline 0.001 -12"><span class='ocrx_word' id='word_1_383' title='bbox 1216 306 1343 339; x_wconf 78' lang='lat' dir='ltr'>Paulus</span> <span class='ocrx_word' id='word_1_384' title='bbox 1367 308 1513 338; x_wconf 66' lang='lat' dir='ltr'>brew&#39;ter</span> <span class='ocrx_word' id='word_1_385' title='bbox 1538 307 1733 349; x_wconf 83' lang='lat' dir='ltr'>complexus</span> <span class='ocrx_word' id='word_1_386' title='bbox 1765 314 1815 339; x_wconf 89' lang='lat' dir='ltr'>est</span> <span class='ocrx_word' id='word_1_387' title='bbox 1839 308 2011 349; x_wconf 83' lang='lat' dir='ltr'>inquiens,</span> <span class='ocrx_word' id='word_1_388' title='bbox 2042 318 2101 349; x_wconf 85' lang='lat' dir='ltr'>per</span> <span class='ocrx_word' id='word_1_389' title='bbox 2130 319 2208 350; x_wconf 85' lang='lat' dir='ltr'>pec-</span> 
     </span>
     <span class='ocr_line' id='line_1_64' title="bbox 1217 350 2209 394; baseline 0.001 -12"><span class='ocrx_word' id='word_1_390' title='bbox 1217 357 1324 382; x_wconf 84' lang='lat' dir='ltr'>catum</span> <span class='ocrx_word' id='word_1_391' title='bbox 1344 351 1477 381; x_wconf 78' lang='lat' dir='ltr'>intravit</span> <span class='ocrx_word' id='word_1_392' title='bbox 1508 361 1608 382; x_wconf 82' lang='lat' dir='ltr'>mors.</span> <span class='ocrx_word' id='word_1_393' title='bbox 1652 352 1778 394; x_wconf 78' lang='lat' dir='ltr'>Magna</span> <span class='ocrx_word' id='word_1_394' title='bbox 1807 352 1954 382; x_wconf 83' lang='lat' dir='ltr'>varietas</span> <span class='ocrx_word' id='word_1_395' title='bbox 1987 362 2121 392; x_wconf 85' lang='lat' dir='ltr'>semper</span> <span class='ocrx_word' id='word_1_396' title='bbox 2149 350 2209 383; x_wconf 68' lang='lat' dir='ltr'>fuit</span> 
     </span>
     <span class='ocr_line' id='line_1_65' title="bbox 1217 393 2208 438; baseline 0.002 -13"><span class='ocrx_word' id='word_1_397' title='bbox 1217 394 1478 436; x_wconf 85' lang='lat' dir='ltr'>disputationum</span> <span class='ocrx_word' id='word_1_398' title='bbox 1507 401 1538 425; x_wconf 92' lang='lat' dir='ltr'>et</span> <span class='ocrx_word' id='word_1_399' title='bbox 1564 393 1821 436; x_wconf 76' lang='lat' dir='ltr'>explicationum</span> <span class='ocrx_word' id='word_1_400' title='bbox 1852 395 1886 426; x_wconf 87' lang='lat' dir='ltr'>in</span> <span class='ocrx_word' id='word_1_401' title='bbox 1908 394 1974 426; x_wconf 87' lang='lat' dir='ltr'>hae</span> <span class='ocrx_word' id='word_1_402' title='bbox 1999 396 2208 438; x_wconf 73' lang='lat' dir='ltr'>quaestione,</span> 
     </span>
    </p>
   </div>
   <div class='ocr_carea' id='block_1_14' title="bbox 1187 438 2210 481">
    <p class='ocr_par' dir='ltr' id='par_1_14' title="bbox 1187 438 2210 481">
     <span class='ocr_line' id='line_1_66' title="bbox 1187 438 2210 481; baseline 0.002 -12"><span class='ocrx_word' id='word_1_403' title='bbox 1187 465 1190 478; x_wconf 65' lang='lat'>÷</span> <span class='ocrx_word' id='word_1_404' title='bbox 1215 448 1257 469; x_wconf 85' lang='lat' dir='ltr'>ac</span> <span class='ocrx_word' id='word_1_405' title='bbox 1280 438 1432 469; x_wconf 86' lang='lat' dir='ltr'>recitatio</span> <span class='ocrx_word' id='word_1_406' title='bbox 1462 438 1626 469; x_wconf 81' lang='lat' dir='ltr'>variarum</span> <span class='ocrx_word' id='word_1_407' title='bbox 1652 439 1843 479; x_wconf 90' lang='lat' dir='ltr'>opinionum</span> <span class='ocrx_word' id='word_1_408' title='bbox 1873 449 1939 470; x_wconf 88' lang='lat' dir='ltr'>non</span> <span class='ocrx_word' id='word_1_409' title='bbox 1968 438 2077 471; x_wconf 83' lang='lat' dir='ltr'>solum</span> <span class='ocrx_word' id='word_1_410' title='bbox 2106 438 2210 481; x_wconf 83' lang='lat' dir='ltr'>longa</span> 
     </span>
    </p>
   </div>
   <div class='ocr_carea' id='block_1_15' title="bbox 1212 481 2210 1455">
    <p class='ocr_par' dir='ltr' id='par_1_15' title="bbox 1214 481 2209 818">
     <span class='ocr_line' id='line_1_67' title="bbox 1216 481 2209 525; baseline 0.003 -14"><span class='ocrx_word' id='word_1_411' title='bbox 1216 488 1325 519; x_wconf 89' lang='lat' dir='ltr'>esset,</span> <span class='ocrx_word' id='word_1_412' title='bbox 1360 481 1420 512; x_wconf 83' lang='lat' dir='ltr'>sed</span> <span class='ocrx_word' id='word_1_413' title='bbox 1449 481 1547 512; x_wconf 88' lang='lat' dir='ltr'>etiam</span> <span class='ocrx_word' id='word_1_414' title='bbox 1579 482 1820 513; x_wconf 86' lang='lat' dir='ltr'>obscuritatem</span> <span class='ocrx_word' id='word_1_415' title='bbox 1858 488 2009 524; x_wconf 88' lang='lat' dir='ltr'>augeret.</span> <span class='ocrx_word' id='word_1_416' title='bbox 2056 482 2209 525; x_wconf 82' lang='lat' dir='ltr'>Cognitis</span> 
     </span>
     <span class='ocr_line' id='line_1_68' title="bbox 1215 523 2209 567; baseline 0.003 -12"><span class='ocrx_word' id='word_1_417' title='bbox 1215 530 1325 556; x_wconf 88' lang='lat' dir='ltr'>autem</span> <span class='ocrx_word' id='word_1_418' title='bbox 1349 524 1400 556; x_wconf 90' lang='lat' dir='ltr'>his</span> <span class='ocrx_word' id='word_1_419' title='bbox 1425 524 1516 555; x_wconf 78' lang='lat' dir='ltr'>veris</span> <span class='ocrx_word' id='word_1_420' title='bbox 1540 523 1708 563; x_wconf 78' lang='lat' dir='ltr'>fontibuS,</span> <span class='ocrx_word' id='word_1_421' title='bbox 1741 525 1930 557; x_wconf 88' lang='lat' dir='ltr'>diiudicatio</span> <span class='ocrx_word' id='word_1_422' title='bbox 1955 527 2146 567; x_wconf 90' lang='lat' dir='ltr'>opinionum</span> <span class='ocrx_word' id='word_1_423' title='bbox 2176 527 2209 558; x_wconf 90' lang='lat' dir='ltr'>in</span> 
     </span>
     <span class='ocr_line' id='line_1_69' title="bbox 1214 567 2208 612; baseline 0.003 -14"><span class='ocrx_word' id='word_1_424' title='bbox 1214 567 1280 599; x_wconf 89' lang='lat' dir='ltr'>hac</span> <span class='ocrx_word' id='word_1_425' title='bbox 1304 568 1500 610; x_wconf 87' lang='lat' dir='ltr'>quaestione</span> <span class='ocrx_word' id='word_1_426' title='bbox 1523 578 1731 610; x_wconf 85' lang='lat' dir='ltr'>nequaquam</span> <span class='ocrx_word' id='word_1_427' title='bbox 1756 568 1902 601; x_wconf 81' lang='lat' dir='ltr'>difficilis</span> <span class='ocrx_word' id='word_1_428' title='bbox 1935 577 1997 601; x_wconf 89' lang='lat' dir='ltr'>est.</span> <span class='ocrx_word' id='word_1_429' title='bbox 2050 569 2208 612; x_wconf 82' lang='lat' dir='ltr'>Pelagius</span> 
     </span>
     <span class='ocr_line' id='line_1_70' title="bbox 1216 610 2208 654; baseline 0.003 -12"><span class='ocrx_word' id='word_1_430' title='bbox 1216 613 1349 643; x_wconf 89' lang='lat' dir='ltr'>omnino</span> <span class='ocrx_word' id='word_1_431' title='bbox 1374 610 1509 643; x_wconf 82' lang='lat' dir='ltr'>sustulit</span> <span class='ocrx_word' id='word_1_432' title='bbox 1533 619 1707 653; x_wconf 88' lang='lat' dir='ltr'>peccatum</span> <span class='ocrx_word' id='word_1_433' title='bbox 1732 613 1890 654; x_wconf 85' lang='lat' dir='ltr'>originis,</span> <span class='ocrx_word' id='word_1_434' title='bbox 1927 619 1959 644; x_wconf 90' lang='lat' dir='ltr'>et</span> <span class='ocrx_word' id='word_1_435' title='bbox 1989 612 2082 645; x_wconf 77' lang='lat' dir='ltr'>finxit</span> <span class='ocrx_word' id='word_1_436' title='bbox 2105 613 2208 645; x_wconf 84' lang='lat' dir='ltr'>homi-</span> 
     </span>
     <span class='ocr_line' id='line_1_71' title="bbox 1214 653 2209 697; baseline 0.003 -11"><span class='ocrx_word' id='word_1_437' title='bbox 1214 665 1274 686; x_wconf 90' lang='lat' dir='ltr'>nes</span> <span class='ocrx_word' id='word_1_438' title='bbox 1298 665 1402 696; x_wconf 88' lang='lat' dir='ltr'>posse</span> <span class='ocrx_word' id='word_1_439' title='bbox 1426 653 1493 697; x_wconf 88' lang='lat' dir='ltr'>legi</span> <span class='ocrx_word' id='word_1_440' title='bbox 1516 654 1580 686; x_wconf 87' lang='lat' dir='ltr'>Dei</span> <span class='ocrx_word' id='word_1_441' title='bbox 1602 654 1753 697; x_wconf 83' lang='lat' dir='ltr'>perfecte</span> <span class='ocrx_word' id='word_1_442' title='bbox 1783 655 1991 695; x_wconf 79' lang='lat' dir='ltr'>satisfacere,</span> <span class='ocrx_word' id='word_1_443' title='bbox 2010 663 2042 688; x_wconf 93' lang='lat' dir='ltr'>et</span> <span class='ocrx_word' id='word_1_444' title='bbox 2072 664 2209 689; x_wconf 82' lang='lat' dir='ltr'>externa</span> 
     </span>
     <span class='ocr_line' id='line_1_72' title="bbox 1215 698 2208 740; baseline 0.001 -10"><span class='ocrx_word' id='word_1_445' title='bbox 1215 700 1405 730; x_wconf 85' lang='lat' dir='ltr'>obedientia</span> <span class='ocrx_word' id='word_1_446' title='bbox 1428 710 1486 730; x_wconf 87' lang='lat' dir='ltr'>seu</span> <span class='ocrx_word' id='word_1_447' title='bbox 1514 698 1688 740; x_wconf 87' lang='lat' dir='ltr'>disciplina</span> <span class='ocrx_word' id='word_1_448' title='bbox 1707 699 1863 730; x_wconf 90' lang='lat' dir='ltr'>mediocri</span> <span class='ocrx_word' id='word_1_449' title='bbox 1883 711 1995 731; x_wconf 88' lang='lat' dir='ltr'>coram</span> <span class='ocrx_word' id='word_1_450' title='bbox 2007 699 2082 732; x_wconf 91' lang='lat' dir='ltr'>Deo</span> <span class='ocrx_word' id='word_1_451' title='bbox 2099 702 2208 733; x_wconf 82' lang='lat' dir='ltr'>iustos</span> 
     </span>
     <span class='ocr_line' id='line_1_73' title="bbox 1215 742 2208 784; baseline 0.001 -10"><span class='ocrx_word' id='word_1_452' title='bbox 1215 752 1303 774; x_wconf 83' lang='lat' dir='ltr'>esse.</span> <span class='ocrx_word' id='word_1_453' title='bbox 1350 742 1402 774; x_wconf 82' lang='lat' dir='ltr'>Ae</span> <span class='ocrx_word' id='word_1_454' title='bbox 1415 743 1655 784; x_wconf 88' lang='lat' dir='ltr'>propemodum</span> <span class='ocrx_word' id='word_1_455' title='bbox 1674 743 1760 774; x_wconf 87' lang='lat' dir='ltr'>idem</span> <span class='ocrx_word' id='word_1_456' title='bbox 1784 743 1889 775; x_wconf 88' lang='lat' dir='ltr'>sensit</span> <span class='ocrx_word' id='word_1_457' title='bbox 1904 743 2042 781; x_wconf 82' lang='lat' dir='ltr'>Occam,</span> <span class='ocrx_word' id='word_1_458' title='bbox 2064 751 2095 776; x_wconf 91' lang='lat' dir='ltr'>et</span> <span class='ocrx_word' id='word_1_459' title='bbox 2116 743 2208 777; x_wconf 87' lang='lat' dir='ltr'>multi</span> 
     </span>
     <span class='ocr_line' id='line_1_74' title="bbox 1215 785 1282 818; baseline -0.015 -1"><span class='ocrx_word' id='word_1_460' title='bbox 1215 785 1282 818; x_wconf 92' lang='lat' dir='ltr'>alii.</span> 
     </span>
    </p>

    <p class='ocr_par' dir='ltr' id='par_1_16' title="bbox 1212 854 2210 1455">
     <span class='ocr_line' id='line_1_75' title="bbox 1303 854 2209 898; baseline 0.002 -11"><span class='ocrx_word' id='word_1_461' title='bbox 1303 855 1452 887; x_wconf 87' lang='lat' dir='ltr'>Econtra</span> <span class='ocrx_word' id='word_1_462' title='bbox 1481 854 1702 888; x_wconf 78' lang='lat' dir='ltr'>Manichacus</span> <span class='ocrx_word' id='word_1_463' title='bbox 1734 863 1816 887; x_wconf 86' lang='lat' dir='ltr'>tetra</span> <span class='ocrx_word' id='word_1_464' title='bbox 1848 863 1879 887; x_wconf 88' lang='lat' dir='ltr'>et</span> <span class='ocrx_word' id='word_1_465' title='bbox 1909 863 2106 898; x_wconf 87' lang='lat' dir='ltr'>portentosa</span> <span class='ocrx_word' id='word_1_466' title='bbox 2130 856 2209 889; x_wconf 85' lang='lat' dir='ltr'>‹leli-</span> 
     </span>
     <span class='ocr_line' id='line_1_76' title="bbox 1215 899 2209 942; baseline 0.003 -12"><span class='ocrx_word' id='word_1_467' title='bbox 1215 906 1363 931; x_wconf 87' lang='lat' dir='ltr'>ramenta</span> <span class='ocrx_word' id='word_1_468' title='bbox 1388 901 1523 942; x_wconf 82' lang='lat' dir='ltr'>sparsit.</span> <span class='ocrx_word' id='word_1_469' title='bbox 1570 899 1666 931; x_wconf 85' lang='lat' dir='ltr'>Duas</span> <span class='ocrx_word' id='word_1_470' title='bbox 1697 911 1773 931; x_wconf 80' lang='lat' dir='ltr'>esse</span> <span class='ocrx_word' id='word_1_471' title='bbox 1802 899 1971 931; x_wconf 89' lang='lat' dir='ltr'>hominum</span> <span class='ocrx_word' id='word_1_472' title='bbox 1996 902 2139 942; x_wconf 87' lang='lat' dir='ltr'>species,</span> <span class='ocrx_word' id='word_1_473' title='bbox 2163 899 2209 933; x_wconf 86' lang='lat' dir='ltr'>al-</span> 
     </span>
     <span class='ocr_line' id='line_1_77' title="bbox 1215 944 2210 986; baseline 0.002 -12"><span class='ocrx_word' id='word_1_474' title='bbox 1215 949 1321 975; x_wconf 91' lang='lat' dir='ltr'>teram</span> <span class='ocrx_word' id='word_1_475' title='bbox 1343 954 1363 974; x_wconf 89' lang='lat' dir='ltr'>a</span> <span class='ocrx_word' id='word_1_476' title='bbox 1387 949 1552 975; x_wconf 85' lang='lat' dir='ltr'>venenata</span> <span class='ocrx_word' id='word_1_477' title='bbox 1576 945 1732 982; x_wconf 72' lang='lat' dir='ltr'>materia,</span> <span class='ocrx_word' id='word_1_478' title='bbox 1764 955 1862 986; x_wconf 90' lang='lat' dir='ltr'>quam</span> <span class='ocrx_word' id='word_1_479' title='bbox 1894 944 1971 975; x_wconf 85' lang='lat' dir='ltr'>dicit</span> <span class='ocrx_word' id='word_1_480' title='bbox 2003 951 2109 976; x_wconf 90' lang='lat' dir='ltr'>ortam</span> <span class='ocrx_word' id='word_1_481' title='bbox 2132 955 2210 976; x_wconf 88' lang='lat' dir='ltr'>esse</span> 
     </span>
     <span class='ocr_line' id='line_1_78' title="bbox 1214 985 2207 1029; baseline 0.003 -12"><span class='ocrx_word' id='word_1_482' title='bbox 1214 998 1234 1018; x_wconf 85' lang='lat' dir='ltr'>a</span> <span class='ocrx_word' id='word_1_483' title='bbox 1258 985 1346 1018; x_wconf 88' lang='lat' dir='ltr'>malo</span> <span class='ocrx_word' id='word_1_484' title='bbox 1372 987 1455 1018; x_wconf 89' lang='lat' dir='ltr'>Deo.</span> <span class='ocrx_word' id='word_1_485' title='bbox 1501 986 1601 1018; x_wconf 73' lang='lat' dir='ltr'>Tales</span> <span class='ocrx_word' id='word_1_486' title='bbox 1622 988 1698 1019; x_wconf 87' lang='lat' dir='ltr'>dicit</span> <span class='ocrx_word' id='word_1_487' title='bbox 1720 999 1888 1029; x_wconf 88' lang='lat' dir='ltr'>nunquam</span> <span class='ocrx_word' id='word_1_488' title='bbox 1912 988 1954 1018; x_wconf 88' lang='lat' dir='ltr'>ad</span> <span class='ocrx_word' id='word_1_489' title='bbox 1981 989 2103 1020; x_wconf 83' lang='lat' dir='ltr'>bonum</span> <span class='ocrx_word' id='word_1_490' title='bbox 2129 999 2207 1020; x_wconf 88' lang='lat' dir='ltr'>con-</span> 
     </span>
     <span class='ocr_line' id='line_1_79' title="bbox 1215 1030 2208 1072; baseline 0.003 -11"><span class='ocrx_word' id='word_1_491' title='bbox 1215 1031 1299 1062; x_wconf 74' lang='lat' dir='ltr'>verti</span> <span class='ocrx_word' id='word_1_492' title='bbox 1323 1042 1444 1072; x_wconf 86' lang='lat' dir='ltr'>posse,</span> <span class='ocrx_word' id='word_1_493' title='bbox 1474 1036 1509 1062; x_wconf 87' lang='lat' dir='ltr'>ut</span> <span class='ocrx_word' id='word_1_494' title='bbox 1535 1030 1763 1069; x_wconf 82' lang='lat' dir='ltr'>Pharaonem,</span> <span class='ocrx_word' id='word_1_495' title='bbox 1800 1030 1976 1063; x_wconf 83' lang='lat' dir='ltr'>Catilinam</span> <span class='ocrx_word' id='word_1_496' title='bbox 2011 1039 2042 1063; x_wconf 87' lang='lat' dir='ltr'>et</span> <span class='ocrx_word' id='word_1_497' title='bbox 2073 1031 2208 1064; x_wconf 83' lang='lat' dir='ltr'>similes.</span> 
     </span>
     <span class='ocr_line' id='line_1_80' title="bbox 1216 1073 2208 1116; baseline 0.001 -11"><span class='ocrx_word' id='word_1_498' title='bbox 1216 1073 1368 1106; x_wconf 80' lang='lat' dir='ltr'>Alteram</span> <span class='ocrx_word' id='word_1_499' title='bbox 1403 1075 1549 1116; x_wconf 75' lang='lat' dir='ltr'>speciem</span> <span class='ocrx_word' id='word_1_500' title='bbox 1586 1075 1664 1106; x_wconf 87' lang='lat' dir='ltr'>dicit</span> <span class='ocrx_word' id='word_1_501' title='bbox 1694 1086 1715 1106; x_wconf 89' lang='lat' dir='ltr'>a</span> <span class='ocrx_word' id='word_1_502' title='bbox 1747 1076 1835 1106; x_wconf 86' lang='lat' dir='ltr'>bono</span> <span class='ocrx_word' id='word_1_503' title='bbox 1865 1075 1939 1106; x_wconf 87' lang='lat' dir='ltr'>Deo</span> <span class='ocrx_word' id='word_1_504' title='bbox 1980 1083 2086 1107; x_wconf 87' lang='lat' dir='ltr'>ortam</span> <span class='ocrx_word' id='word_1_505' title='bbox 2121 1086 2208 1108; x_wconf 90' lang='lat' dir='ltr'>esse.</span> 
     </span>
     <span class='ocr_line' id='line_1_81' title="bbox 1215 1117 2209 1161; baseline 0.002 -12"><span class='ocrx_word' id='word_1_506' title='bbox 1215 1117 1314 1149; x_wconf 86' lang='lat' dir='ltr'>Tales</span> <span class='ocrx_word' id='word_1_507' title='bbox 1339 1119 1416 1150; x_wconf 78' lang='lat' dir='ltr'>dicit</span> <span class='ocrx_word' id='word_1_508' title='bbox 1441 1119 1516 1150; x_wconf 90' lang='lat' dir='ltr'>ideo</span> <span class='ocrx_word' id='word_1_509' title='bbox 1537 1119 1705 1156; x_wconf 78' lang='lat' dir='ltr'>converti,</span> <span class='ocrx_word' id='word_1_510' title='bbox 1730 1129 1795 1150; x_wconf 80' lang='lat' dir='ltr'>non</span> <span class='ocrx_word' id='word_1_511' title='bbox 1820 1119 1897 1161; x_wconf 88' lang='lat' dir='ltr'>quia</span> <span class='ocrx_word' id='word_1_512' title='bbox 1920 1120 2068 1160; x_wconf 85' lang='lat' dir='ltr'>ipsorum</span> <span class='ocrx_word' id='word_1_513' title='bbox 2091 1119 2209 1152; x_wconf 74' lang='lat' dir='ltr'>volun-</span> 
     </span>
     <span class='ocr_line' id='line_1_82' title="bbox 1215 1161 2209 1203; baseline 0.002 -10"><span class='ocrx_word' id='word_1_514' title='bbox 1215 1168 1266 1193; x_wconf 88' lang='lat' dir='ltr'>tas</span> <span class='ocrx_word' id='word_1_515' title='bbox 1287 1173 1348 1193; x_wconf 86' lang='lat' dir='ltr'>sua</span> <span class='ocrx_word' id='word_1_516' title='bbox 1371 1161 1481 1203; x_wconf 85' lang='lat' dir='ltr'>aliqua</span> <span class='ocrx_word' id='word_1_517' title='bbox 1505 1164 1636 1194; x_wconf 83' lang='lat' dir='ltr'>actione</span> <span class='ocrx_word' id='word_1_518' title='bbox 1660 1163 1866 1194; x_wconf 82' lang='lat' dir='ltr'>adsentiatur</span> <span class='ocrx_word' id='word_1_519' title='bbox 1878 1164 1952 1194; x_wconf 83' lang='lat' dir='ltr'>voci</span> <span class='ocrx_word' id='word_1_520' title='bbox 1979 1163 2122 1195; x_wconf 78' lang='lat' dir='ltr'>divinae.</span> <span class='ocrx_word' id='word_1_521' title='bbox 2147 1174 2209 1195; x_wconf 78' lang='lat' dir='ltr'>seu</span> 
     </span>
     <span class='ocr_line' id='line_1_83' title="bbox 1216 1205 2210 1249; baseline 0.003 -13"><span class='ocrx_word' id='word_1_522' title='bbox 1216 1206 1292 1247; x_wconf 88' lang='lat' dir='ltr'>quia</span> <span class='ocrx_word' id='word_1_523' title='bbox 1327 1216 1364 1237; x_wconf 81' lang='lat' dir='ltr'>se</span> <span class='ocrx_word' id='word_1_524' title='bbox 1395 1205 1506 1248; x_wconf 88' lang='lat' dir='ltr'>aliquo</span> <span class='ocrx_word' id='word_1_525' title='bbox 1539 1207 1636 1238; x_wconf 88' lang='lat' dir='ltr'>modo</span> <span class='ocrx_word' id='word_1_526' title='bbox 1666 1208 1774 1238; x_wconf 77' lang='lat' dir='ltr'>active</span> <span class='ocrx_word' id='word_1_527' title='bbox 1804 1205 1941 1244; x_wconf 83' lang='lat' dir='ltr'>habeat,</span> <span class='ocrx_word' id='word_1_528' title='bbox 1973 1208 2033 1239; x_wconf 75' lang='lat' dir='ltr'>sed</span> <span class='ocrx_word' id='word_1_529' title='bbox 2063 1208 2140 1249; x_wconf 87' lang='lat' dir='ltr'>quia</span> <span class='ocrx_word' id='word_1_530' title='bbox 2172 1218 2210 1239; x_wconf 91' lang='lat' dir='ltr'>se</span> 
     </span>
     <span class='ocr_line' id='line_1_84' title="bbox 1214 1249 2209 1293; baseline 0.002 -13"><span class='ocrx_word' id='word_1_531' title='bbox 1214 1259 1297 1290; x_wconf 88' lang='lat' dir='ltr'>pure</span> <span class='ocrx_word' id='word_1_532' title='bbox 1321 1250 1456 1290; x_wconf 75' lang='lat' dir='ltr'>passive</span> <span class='ocrx_word' id='word_1_533' title='bbox 1485 1249 1608 1281; x_wconf 86' lang='lat' dir='ltr'>habeat</span> <span class='ocrx_word' id='word_1_534' title='bbox 1639 1249 1727 1282; x_wconf 83' lang='lat' dir='ltr'>velut</span> <span class='ocrx_word' id='word_1_535' title='bbox 1754 1249 1901 1289; x_wconf 81' lang='lat' dir='ltr'>canalis,</span> <span class='ocrx_word' id='word_1_536' title='bbox 1927 1261 1986 1292; x_wconf 86' lang='lat' dir='ltr'>per</span> <span class='ocrx_word' id='word_1_537' title='bbox 2011 1262 2109 1293; x_wconf 90' lang='lat' dir='ltr'>quem</span> <span class='ocrx_word' id='word_1_538' title='bbox 2138 1251 2209 1283; x_wconf 86' lang='lat' dir='ltr'>fluit</span> 
     </span>
     <span class='ocr_line' id='line_1_85' title="bbox 1214 1293 2206 1336; baseline 0.003 -13"><span class='ocrx_word' id='word_1_539' title='bbox 1214 1303 1312 1333; x_wconf 87' lang='lat' dir='ltr'>aqua.</span> <span class='ocrx_word' id='word_1_540' title='bbox 1360 1293 1448 1325; x_wconf 90' lang='lat' dir='ltr'>Dicit</span> <span class='ocrx_word' id='word_1_541' title='bbox 1474 1294 1576 1335; x_wconf 87' lang='lat' dir='ltr'>igitur</span> <span class='ocrx_word' id='word_1_542' title='bbox 1601 1293 1686 1325; x_wconf 77' lang='lat' dir='ltr'>tales</span> <span class='ocrx_word' id='word_1_543' title='bbox 1712 1294 1882 1332; x_wconf 65' lang='lat' dir='ltr'>converti,</span> <span class='ocrx_word' id='word_1_544' title='bbox 1908 1295 1985 1336; x_wconf 91' lang='lat' dir='ltr'>quia</span> <span class='ocrx_word' id='word_1_545' title='bbox 2010 1305 2127 1326; x_wconf 86' lang='lat' dir='ltr'>eorum</span> <span class='ocrx_word' id='word_1_546' title='bbox 2150 1305 2206 1326; x_wconf 86' lang='lat' dir='ltr'>na-</span> 
     </span>
     <span class='ocr_line' id='line_1_86' title="bbox 1213 1336 2209 1380; baseline 0.003 -13"><span class='ocrx_word' id='word_1_547' title='bbox 1213 1342 1288 1367; x_wconf 88' lang='lat' dir='ltr'>tura</span> <span class='ocrx_word' id='word_1_548' title='bbox 1321 1348 1427 1378; x_wconf 82' lang='lat' dir='ltr'>capax</span> <span class='ocrx_word' id='word_1_549' title='bbox 1457 1338 1497 1368; x_wconf 89' lang='lat' dir='ltr'>sit</span> <span class='ocrx_word' id='word_1_550' title='bbox 1530 1337 1628 1368; x_wconf 76' lang='lat' dir='ltr'>divini</span> <span class='ocrx_word' id='word_1_551' title='bbox 1654 1336 1803 1375; x_wconf 83' lang='lat' dir='ltr'>luminis,</span> <span class='ocrx_word' id='word_1_552' title='bbox 1836 1338 1979 1380; x_wconf 79' lang='lat' dir='ltr'>ideoque</span> <span class='ocrx_word' id='word_1_553' title='bbox 2009 1337 2132 1370; x_wconf 85' lang='lat' dir='ltr'>talibus</span> <span class='ocrx_word' id='word_1_554' title='bbox 2162 1340 2209 1370; x_wconf 89' lang='lat' dir='ltr'>in-</span> 
     </span>
     <span class='ocr_line' id='line_1_87' title="bbox 1212 1379 2208 1422; baseline 0.002 -11"><span class='ocrx_word' id='word_1_555' title='bbox 1212 1379 1305 1411; x_wconf 84' lang='lat' dir='ltr'>fundi</span> <span class='ocrx_word' id='word_1_556' title='bbox 1330 1380 1486 1422; x_wconf 82' lang='lat' dir='ltr'>Spiritum</span> <span class='ocrx_word' id='word_1_557' title='bbox 1511 1388 1682 1419; x_wconf 74' lang='lat' dir='ltr'>sanctum,</span> <span class='ocrx_word' id='word_1_558' title='bbox 1718 1383 1794 1422; x_wconf 79' lang='lat' dir='ltr'>quia</span> <span class='ocrx_word' id='word_1_559' title='bbox 1827 1382 1891 1412; x_wconf 83' lang='lat' dir='ltr'>sint</span> <span class='ocrx_word' id='word_1_560' title='bbox 1922 1393 1962 1412; x_wconf 78' lang='lat' dir='ltr'>ex</span> <span class='ocrx_word' id='word_1_561' title='bbox 1988 1380 2044 1412; x_wconf 88' lang='lat' dir='ltr'>illo</span> <span class='ocrx_word' id='word_1_562' title='bbox 2070 1393 2208 1414; x_wconf 89' lang='lat' dir='ltr'>numero</span> 
     </span>
     <span class='ocr_line' id='line_1_88' title="bbox 1213 1424 1683 1455; baseline 0.004 -2"><span class='ocrx_word' id='word_1_563' title='bbox 1213 1430 1287 1454; x_wconf 93' lang='lat' dir='ltr'>orto</span> <span class='ocrx_word' id='word_1_564' title='bbox 1308 1434 1348 1454; x_wconf 83' lang='lat' dir='ltr'>ex</span> <span class='ocrx_word' id='word_1_565' title='bbox 1372 1424 1510 1455; x_wconf 88' lang='lat' dir='ltr'>meliore</span> <span class='ocrx_word' id='word_1_566' title='bbox 1535 1425 1683 1455; x_wconf 85' lang='lat' dir='ltr'>materia.</span> 
     </span>
    </p>
   </div>
   <div class='ocr_carea' id='block_1_16' title="bbox 1210 1501 2209 2292">
    <p class='ocr_par' dir='ltr' id='par_1_17' title="bbox 1210 1501 2209 2292">
     <span class='ocr_line' id='line_1_89' title="bbox 1300 1501 2208 1545; baseline 0.003 -12"><span class='ocrx_word' id='word_1_567' title='bbox 1300 1501 1509 1544; x_wconf 76' lang='lat' dir='ltr'>Explodendi</span> <span class='ocrx_word' id='word_1_568' title='bbox 1546 1510 1623 1535; x_wconf 81' lang='lat' dir='ltr'>sunt</span> <span class='ocrx_word' id='word_1_569' title='bbox 1657 1510 1769 1535; x_wconf 87' lang='lat' dir='ltr'>autem</span> <span class='ocrx_word' id='word_1_570' title='bbox 1804 1511 1835 1535; x_wconf 91' lang='lat' dir='ltr'>et</span> <span class='ocrx_word' id='word_1_571' title='bbox 1871 1502 2002 1545; x_wconf 86' lang='lat' dir='ltr'>Pelagii</span> <span class='ocrx_word' id='word_1_572' title='bbox 2037 1511 2069 1536; x_wconf 90' lang='lat' dir='ltr'>et</span> <span class='ocrx_word' id='word_1_573' title='bbox 2104 1504 2208 1536; x_wconf 82' lang='lat' dir='ltr'>Mani-</span> 
     </span>
     <span class='ocr_line' id='line_1_90' title="bbox 1211 1545 2208 1591; baseline 0.003 -14"><span class='ocrx_word' id='word_1_574' title='bbox 1211 1546 1391 1578; x_wconf 85' lang='lat' dir='ltr'>chaeorum</span> <span class='ocrx_word' id='word_1_575' title='bbox 1426 1557 1573 1586; x_wconf 86' lang='lat' dir='ltr'>errores,</span> <span class='ocrx_word' id='word_1_576' title='bbox 1599 1554 1629 1578; x_wconf 86' lang='lat' dir='ltr'>et</span> <span class='ocrx_word' id='word_1_577' title='bbox 1655 1554 1773 1578; x_wconf 76' lang='lat' dir='ltr'>contra</span> <span class='ocrx_word' id='word_1_578' title='bbox 1808 1545 1893 1579; x_wconf 83' lang='lat' dir='ltr'>tales</span> <span class='ocrx_word' id='word_1_579' title='bbox 1916 1546 2048 1580; x_wconf 83' lang='lat' dir='ltr'>furores</span> <span class='ocrx_word' id='word_1_580' title='bbox 2068 1547 2208 1591; x_wconf 87' lang='lat' dir='ltr'>diligen-</span> 
     </span>
     <span class='ocr_line' id='line_1_91' title="bbox 1211 1591 2207 1632; baseline 0.002 -11"><span class='ocrx_word' id='word_1_581' title='bbox 1211 1596 1262 1621; x_wconf 89' lang='lat' dir='ltr'>ter</span> <span class='ocrx_word' id='word_1_582' title='bbox 1285 1591 1483 1622; x_wconf 86' lang='lat' dir='ltr'>muniendae</span> <span class='ocrx_word' id='word_1_583' title='bbox 1507 1598 1583 1622; x_wconf 78' lang='lat' dir='ltr'>sunt</span> <span class='ocrx_word' id='word_1_584' title='bbox 1615 1592 1688 1632; x_wconf 86' lang='lat' dir='ltr'>piae</span> <span class='ocrx_word' id='word_1_585' title='bbox 1719 1597 1846 1623; x_wconf 80' lang='lat' dir='ltr'>mentes</span> <span class='ocrx_word' id='word_1_586' title='bbox 1878 1592 1968 1623; x_wconf 80' lang='lat' dir='ltr'>veris</span> <span class='ocrx_word' id='word_1_587' title='bbox 2000 1593 2207 1624; x_wconf 85' lang='lat' dir='ltr'>testimoniis.</span> 
     </span>
     <span class='ocr_line' id='line_1_92' title="bbox 1210 1633 2208 1678; baseline 0.003 -13"><span class='ocrx_word' id='word_1_588' title='bbox 1210 1633 1310 1665; x_wconf 84' lang='lat' dir='ltr'>Dicta</span> <span class='ocrx_word' id='word_1_589' title='bbox 1328 1633 1421 1665; x_wconf 88' lang='lat' dir='ltr'>Pauli</span> <span class='ocrx_word' id='word_1_590' title='bbox 1448 1642 1477 1666; x_wconf 92' lang='lat' dir='ltr'>et</span> <span class='ocrx_word' id='word_1_591' title='bbox 1504 1634 1700 1676; x_wconf 82' lang='lat' dir='ltr'>prophetica</span> <span class='ocrx_word' id='word_1_592' title='bbox 1718 1646 1820 1677; x_wconf 81' lang='lat' dir='ltr'>supra</span> <span class='ocrx_word' id='word_1_593' title='bbox 1839 1637 1990 1675; x_wconf 78' lang='lat' dir='ltr'>recitata,</span> <span class='ocrx_word' id='word_1_594' title='bbox 2016 1637 2111 1673; x_wconf 84' lang='lat' dir='ltr'>satis,</span> <span class='ocrx_word' id='word_1_595' title='bbox 2135 1647 2208 1678; x_wconf 85' lang='lat' dir='ltr'>per—</span> 
     </span>
     <span class='ocr_line' id='line_1_93' title="bbox 1211 1677 2207 1720; baseline 0.001 -12"><span class='ocrx_word' id='word_1_596' title='bbox 1211 1679 1326 1719; x_wconf 82' lang='lat' dir='ltr'>spicue</span> <span class='ocrx_word' id='word_1_597' title='bbox 1358 1678 1503 1710; x_wconf 80' lang='lat' dir='ltr'>refutant</span> <span class='ocrx_word' id='word_1_598' title='bbox 1534 1677 1718 1720; x_wconf 83' lang='lat' dir='ltr'>Pelagium.</span> <span class='ocrx_word' id='word_1_599' title='bbox 1777 1679 1953 1710; x_wconf 69' lang='lat' dir='ltr'>Adversus</span> <span class='ocrx_word' id='word_1_600' title='bbox 1988 1679 2207 1712; x_wconf 78' lang='lat' dir='ltr'>Manichaeos</span> 
     </span>
     <span class='ocr_line' id='line_1_94' title="bbox 1210 1720 2209 1761; baseline 0.004 -9"><span class='ocrx_word' id='word_1_601' title='bbox 1210 1720 1294 1753; x_wconf 85' lang='lat' dir='ltr'>haec</span> <span class='ocrx_word' id='word_1_602' title='bbox 1317 1720 1530 1753; x_wconf 78' lang='lat' dir='ltr'>fundamenta</span> <span class='ocrx_word' id='word_1_603' title='bbox 1554 1723 1697 1754; x_wconf 83' lang='lat' dir='ltr'>tenenda</span> <span class='ocrx_word' id='word_1_604' title='bbox 1720 1730 1809 1761; x_wconf 90' lang='lat' dir='ltr'>sunt,</span> <span class='ocrx_word' id='word_1_605' title='bbox 1832 1723 1908 1755; x_wconf 70' lang='lat' dir='ltr'>Non</span> <span class='ocrx_word' id='word_1_606' title='bbox 1928 1734 2005 1755; x_wconf 75' lang='lat' dir='ltr'>esse</span> <span class='ocrx_word' id='word_1_607' title='bbox 2026 1730 2110 1756; x_wconf 68' lang='lat' dir='ltr'>(tuos</span> <span class='ocrx_word' id='word_1_608' title='bbox 2131 1734 2209 1755; x_wconf 90' lang='lat' dir='ltr'>con-</span> 
     </span>
     <span class='ocr_line' id='line_1_95' title="bbox 1212 1765 2208 1806; baseline 0.003 -11"><span class='ocrx_word' id='word_1_609' title='bbox 1212 1766 1337 1797; x_wconf 77' lang='lat' dir='ltr'>ditores</span> <span class='ocrx_word' id='word_1_610' title='bbox 1361 1765 1535 1804; x_wconf 78' lang='lat' dir='ltr'>Materiae,</span> <span class='ocrx_word' id='word_1_611' title='bbox 1561 1778 1662 1798; x_wconf 91' lang='lat' dir='ltr'>unum</span> <span class='ocrx_word' id='word_1_612' title='bbox 1687 1768 1827 1806; x_wconf 88' lang='lat' dir='ltr'>bonum,</span> <span class='ocrx_word' id='word_1_613' title='bbox 1852 1773 1883 1799; x_wconf 88' lang='lat' dir='ltr'>et</span> <span class='ocrx_word' id='word_1_614' title='bbox 1907 1766 2049 1800; x_wconf 87' lang='lat' dir='ltr'>alterum</span> <span class='ocrx_word' id='word_1_615' title='bbox 2073 1769 2208 1806; x_wconf 85' lang='lat' dir='ltr'>malum,</span> 
     </span>
     <span class='ocr_line' id='line_1_96' title="bbox 1210 1809 2208 1850; baseline 0.004 -11"><span class='ocrx_word' id='word_1_616' title='bbox 1210 1809 1270 1840; x_wconf 85' lang='lat' dir='ltr'>sed</span> <span class='ocrx_word' id='word_1_617' title='bbox 1306 1816 1431 1841; x_wconf 85' lang='lat' dir='ltr'>tantum</span> <span class='ocrx_word' id='word_1_618' title='bbox 1468 1810 1590 1842; x_wconf 89' lang='lat' dir='ltr'>bonum</span> <span class='ocrx_word' id='word_1_619' title='bbox 1627 1811 1835 1842; x_wconf 89' lang='lat' dir='ltr'>conditorem</span> <span class='ocrx_word' id='word_1_620' title='bbox 1870 1822 1962 1850; x_wconf 88' lang='lat' dir='ltr'>esse,</span> <span class='ocrx_word' id='word_1_621' title='bbox 2010 1818 2043 1843; x_wconf 89' lang='lat' dir='ltr'>et</span> <span class='ocrx_word' id='word_1_622' title='bbox 2076 1812 2208 1843; x_wconf 83' lang='lat' dir='ltr'>unicam</span> 
     </span>
     <span class='ocr_line' id='line_1_97' title="bbox 1210 1852 2206 1896; baseline 0.002 -12"><span class='ocrx_word' id='word_1_623' title='bbox 1210 1852 1316 1885; x_wconf 79' lang='lat' dir='ltr'>fuisse</span> <span class='ocrx_word' id='word_1_624' title='bbox 1340 1852 1509 1884; x_wconf 86' lang='lat' dir='ltr'>hominum</span> <span class='ocrx_word' id='word_1_625' title='bbox 1533 1856 1721 1887; x_wconf 80' lang='lat' dir='ltr'>materiam.</span> <span class='ocrx_word' id='word_1_626' title='bbox 1753 1865 1841 1896; x_wconf 87' lang='lat' dir='ltr'>quae</span> <span class='ocrx_word' id='word_1_627' title='bbox 1864 1856 1896 1886; x_wconf 92' lang='lat' dir='ltr'>in</span> <span class='ocrx_word' id='word_1_628' title='bbox 1922 1855 2093 1887; x_wconf 89' lang='lat' dir='ltr'>creatione</span> <span class='ocrx_word' id='word_1_629' title='bbox 2116 1856 2206 1886; x_wconf 85' lang='lat' dir='ltr'>bona</span> 
     </span>
     <span class='ocr_line' id='line_1_98' title="bbox 1211 1896 2207 1941; baseline 0.002 -13"><span class='ocrx_word' id='word_1_630' title='bbox 1211 1904 1295 1936; x_wconf 87' lang='lat' dir='ltr'>erat,</span> <span class='ocrx_word' id='word_1_631' title='bbox 1314 1904 1435 1939; x_wconf 83' lang='lat' dir='ltr'>postea</span> <span class='ocrx_word' id='word_1_632' title='bbox 1458 1896 1555 1940; x_wconf 88' lang='lat' dir='ltr'>lapsu</span> <span class='ocrx_word' id='word_1_633' title='bbox 1578 1897 1793 1941; x_wconf 79' lang='lat' dir='ltr'>languefacta</span> <span class='ocrx_word' id='word_1_634' title='bbox 1817 1906 1880 1937; x_wconf 85' lang='lat' dir='ltr'>est,</span> <span class='ocrx_word' id='word_1_635' title='bbox 1904 1909 2051 1931; x_wconf 75' lang='lat' dir='ltr'>excussa</span> <span class='ocrx_word' id='word_1_636' title='bbox 2074 1898 2150 1931; x_wconf 91' lang='lat' dir='ltr'>luce</span> <span class='ocrx_word' id='word_1_637' title='bbox 2174 1904 2207 1930; x_wconf 91' lang='lat' dir='ltr'>et</span> 
     </span>
     <span class='ocr_line' id='line_1_99' title="bbox 1211 1941 2206 1975; baseline 0.002 -3"><span class='ocrx_word' id='word_1_638' title='bbox 1211 1942 1336 1973; x_wconf 84' lang='lat' dir='ltr'>iustitia</span> <span class='ocrx_word' id='word_1_639' title='bbox 1361 1942 1482 1973; x_wconf 75' lang='lat' dir='ltr'>divina.</span> <span class='ocrx_word' id='word_1_640' title='bbox 1530 1941 1571 1973; x_wconf 87' lang='lat' dir='ltr'>Et</span> <span class='ocrx_word' id='word_1_641' title='bbox 1595 1941 1733 1973; x_wconf 85' lang='lat' dir='ltr'>similem</span> <span class='ocrx_word' id='word_1_642' title='bbox 1758 1953 1835 1974; x_wconf 80' lang='lat' dir='ltr'>esse</span> <span class='ocrx_word' id='word_1_643' title='bbox 1860 1944 2031 1975; x_wconf 87' lang='lat' dir='ltr'>materiam</span> <span class='ocrx_word' id='word_1_644' title='bbox 2061 1943 2206 1974; x_wconf 88' lang='lat' dir='ltr'>omnium</span> 
     </span>
     <span class='ocr_line' id='line_1_100' title="bbox 1210 1985 2207 2028; baseline 0.002 -12"><span class='ocrx_word' id='word_1_645' title='bbox 1210 1985 1396 2024; x_wconf 86' lang='lat' dir='ltr'>hominum,</span> <span class='ocrx_word' id='word_1_646' title='bbox 1444 1991 1476 2017; x_wconf 91' lang='lat' dir='ltr'>et</span> <span class='ocrx_word' id='word_1_647' title='bbox 1511 1997 1626 2017; x_wconf 87' lang='lat' dir='ltr'>omnes</span> <span class='ocrx_word' id='word_1_648' title='bbox 1659 1987 1811 2017; x_wconf 84' lang='lat' dir='ltr'>homines</span> <span class='ocrx_word' id='word_1_649' title='bbox 1845 1998 1948 2028; x_wconf 81' lang='lat' dir='ltr'>posse</span> <span class='ocrx_word' id='word_1_650' title='bbox 1984 1987 2136 2018; x_wconf 78' lang='lat' dir='ltr'>converti</span> <span class='ocrx_word' id='word_1_651' title='bbox 2163 1986 2207 2018; x_wconf 89' lang='lat' dir='ltr'>ad</span> 
     </span>
     <span class='ocr_line' id='line_1_101' title="bbox 1211 2028 2207 2072; baseline 0.001 -11"><span class='ocrx_word' id='word_1_652' title='bbox 1211 2028 1333 2069; x_wconf 88' lang='lat' dir='ltr'>Deum,</span> <span class='ocrx_word' id='word_1_653' title='bbox 1357 2040 1420 2061; x_wconf 86' lang='lat' dir='ltr'>nee</span> <span class='ocrx_word' id='word_1_654' title='bbox 1433 2028 1637 2062; x_wconf 75' lang='lat' dir='ltr'>voluntatem</span> <span class='ocrx_word' id='word_1_655' title='bbox 1662 2041 1700 2061; x_wconf 85' lang='lat' dir='ltr'>se</span> <span class='ocrx_word' id='word_1_656' title='bbox 1723 2031 1848 2062; x_wconf 86' lang='lat' dir='ltr'>habere</span> <span class='ocrx_word' id='word_1_657' title='bbox 1872 2042 1954 2072; x_wconf 85' lang='lat' dir='ltr'>pure</span> <span class='ocrx_word' id='word_1_658' title='bbox 1973 2031 2121 2072; x_wconf 79' lang='lat' dir='ltr'>passive,</span> <span class='ocrx_word' id='word_1_659' title='bbox 2146 2030 2207 2062; x_wconf 86' lang='lat' dir='ltr'>sed</span> 
     </span>
     <span class='ocr_line' id='line_1_102' title="bbox 1211 2071 2206 2117; baseline 0.001 -13"><span class='ocrx_word' id='word_1_660' title='bbox 1211 2071 1325 2115; x_wconf 87' lang='lat' dir='ltr'>aliquo</span> <span class='ocrx_word' id='word_1_661' title='bbox 1348 2073 1449 2104; x_wconf 87' lang='lat' dir='ltr'>modo</span> <span class='ocrx_word' id='word_1_662' title='bbox 1477 2075 1604 2112; x_wconf 78' lang='lat' dir='ltr'>active,</span> <span class='ocrx_word' id='word_1_663' title='bbox 1639 2085 1679 2105; x_wconf 93' lang='lat' dir='ltr'>ac</span> <span class='ocrx_word' id='word_1_664' title='bbox 1708 2075 1867 2106; x_wconf 76' lang='lat' dir='ltr'>adsentiri</span> <span class='ocrx_word' id='word_1_665' title='bbox 1902 2085 2005 2117; x_wconf 88' lang='lat' dir='ltr'>posse</span> <span class='ocrx_word' id='word_1_666' title='bbox 2035 2074 2110 2106; x_wconf 91' lang='lat' dir='ltr'>Deo</span> <span class='ocrx_word' id='word_1_667' title='bbox 2141 2080 2206 2105; x_wconf 89' lang='lat' dir='ltr'>tra-</span> 
     </span>
     <span class='ocr_line' id='line_1_103' title="bbox 1210 2116 2206 2160; baseline 0.001 -12"><span class='ocrx_word' id='word_1_668' title='bbox 1210 2116 1321 2155; x_wconf 83' lang='lat' dir='ltr'>henti,</span> <span class='ocrx_word' id='word_1_669' title='bbox 1351 2118 1427 2159; x_wconf 86' lang='lat' dir='ltr'>quia</span> <span class='ocrx_word' id='word_1_670' title='bbox 1457 2117 1760 2149; x_wconf 80' lang='lat' dir='ltr'>manifestissimum</span> <span class='ocrx_word' id='word_1_671' title='bbox 1785 2124 1837 2149; x_wconf 84' lang='lat' dir='ltr'>est</span> <span class='ocrx_word' id='word_1_672' title='bbox 1859 2119 2117 2160; x_wconf 85' lang='lat' dir='ltr'>promissionem</span> <span class='ocrx_word' id='word_1_673' title='bbox 2140 2117 2206 2150; x_wconf 89' lang='lat' dir='ltr'>Dei</span> 
     </span>
     <span class='ocr_line' id='line_1_104' title="bbox 1210 2161 2205 2194; baseline 0.001 -2"><span class='ocrx_word' id='word_1_674' title='bbox 1210 2161 1436 2193; x_wconf 83' lang='lat' dir='ltr'>universalem</span> <span class='ocrx_word' id='word_1_675' title='bbox 1471 2172 1560 2193; x_wconf 83' lang='lat' dir='ltr'>esse.</span> <span class='ocrx_word' id='word_1_676' title='bbox 1607 2161 1699 2193; x_wconf 89' lang='lat' dir='ltr'>Haec</span> <span class='ocrx_word' id='word_1_677' title='bbox 1723 2162 1806 2193; x_wconf 85' lang='lat' dir='ltr'>satis</span> <span class='ocrx_word' id='word_1_678' title='bbox 1837 2169 1890 2194; x_wconf 87' lang='lat' dir='ltr'>est</span> <span class='ocrx_word' id='word_1_679' title='bbox 1923 2164 1989 2194; x_wconf 87' lang='lat' dir='ltr'>iam</span> <span class='ocrx_word' id='word_1_680' title='bbox 2022 2163 2205 2193; x_wconf 88' lang='lat' dir='ltr'>monuisse.</span> 
     </span>
     <span class='ocr_line' id='line_1_105' title="bbox 1210 2205 2204 2249; baseline 0 -13"><span class='ocrx_word' id='word_1_681' title='bbox 1210 2205 1296 2236; x_wconf 88' lang='lat' dir='ltr'>Nam</span> <span class='ocrx_word' id='word_1_682' title='bbox 1318 2212 1438 2246; x_wconf 85' lang='lat' dir='ltr'>postea</span> <span class='ocrx_word' id='word_1_683' title='bbox 1462 2205 1503 2236; x_wconf 93' lang='lat' dir='ltr'>de</span> <span class='ocrx_word' id='word_1_684' title='bbox 1526 2205 1650 2236; x_wconf 89' lang='lat' dir='ltr'>Libero</span> <span class='ocrx_word' id='word_1_685' title='bbox 1681 2206 1819 2237; x_wconf 88' lang='lat' dir='ltr'>arbitrio</span> <span class='ocrx_word' id='word_1_686' title='bbox 1845 2207 2016 2249; x_wconf 83' lang='lat' dir='ltr'>copiosius</span> <span class='ocrx_word' id='word_1_687' title='bbox 2040 2205 2204 2238; x_wconf 72' lang='lat' dir='ltr'>refutandi</span> 
     </span>
     <span class='ocr_line' id='line_1_106' title="bbox 1212 2247 1837 2292; baseline 0 -12"><span class='ocrx_word' id='word_1_688' title='bbox 1212 2255 1307 2281; x_wconf 86' lang='lat' dir='ltr'>erunt</span> <span class='ocrx_word' id='word_1_689' title='bbox 1331 2255 1362 2280; x_wconf 91' lang='lat' dir='ltr'>et</span> <span class='ocrx_word' id='word_1_690' title='bbox 1384 2247 1558 2292; x_wconf 86' lang='lat' dir='ltr'>Pelagiani</span> <span class='ocrx_word' id='word_1_691' title='bbox 1583 2255 1613 2281; x_wconf 86' lang='lat' dir='ltr'>et</span> <span class='ocrx_word' id='word_1_692' title='bbox 1637 2249 1837 2282; x_wconf 78' lang='lat' dir='ltr'>Manichaei.</span> 
     </span>
    </p>
   </div>
   <div class='ocr_carea' id='block_1_17' title="bbox 1211 2426 2203 2484">
    <p class='ocr_par' dir='ltr' id='par_1_18' title="bbox 1211 2426 2203 2484">
     <span class='ocr_line' id='line_1_107' title="bbox 1211 2426 2203 2484; baseline -0.001 -16"><span class='ocrx_word' id='word_1_693' title='bbox 1211 2426 1276 2469; x_wconf 91' lang='lat' dir='ltr'>De</span> <span class='ocrx_word' id='word_1_694' title='bbox 1310 2428 1420 2468; x_wconf 69' lang='lat' dir='ltr'>dicto</span> <span class='ocrx_word' id='word_1_695' title='bbox 1452 2428 1756 2484; x_wconf 72' lang='lat' dir='ltr'>Philosophieo,</span> <span class='ocrx_word' id='word_1_696' title='bbox 1799 2428 1956 2469; x_wconf 70' lang='lat' dir='ltr'>Natura</span> <span class='ocrx_word' id='word_1_697' title='bbox 1990 2427 2099 2468; x_wconf 85' lang='lat' dir='ltr'>bona</span> <span class='ocrx_word' id='word_1_698' title='bbox 2132 2435 2203 2469; x_wconf 82' lang='lat' dir='ltr'>est.</span> 
     </span>
    </p>
   </div>
   <div class='ocr_carea' id='block_1_18' title="bbox 1210 2545 2203 2667">
    <p class='ocr_par' dir='ltr' id='par_1_19' title="bbox 1210 2545 2203 2667">
     <span class='ocr_line' id='line_1_108' title="bbox 1298 2545 2203 2589; baseline 0 -11"><span class='ocrx_word' id='word_1_699' title='bbox 1298 2547 1453 2579; x_wconf 88' lang='lat' dir='ltr'>Addatur</span> <span class='ocrx_word' id='word_1_700' title='bbox 1476 2554 1508 2578; x_wconf 93' lang='lat' dir='ltr'>et</span> <span class='ocrx_word' id='word_1_701' title='bbox 1528 2548 1640 2579; x_wconf 87' lang='lat' dir='ltr'>brevis</span> <span class='ocrx_word' id='word_1_702' title='bbox 1661 2545 1843 2579; x_wconf 81' lang='lat' dir='ltr'>declaratio</span> <span class='ocrx_word' id='word_1_703' title='bbox 1863 2546 1943 2578; x_wconf 88' lang='lat' dir='ltr'>dieti</span> <span class='ocrx_word' id='word_1_704' title='bbox 1962 2545 2203 2589; x_wconf 85' lang='lat' dir='ltr'>Philosophici,</span> 
     </span>
     <span class='ocr_line' id='line_1_109' title="bbox 1211 2589 2203 2634; baseline 0 -12"><span class='ocrx_word' id='word_1_705' title='bbox 1211 2591 1302 2634; x_wconf 91' lang='lat' dir='ltr'>quod</span> <span class='ocrx_word' id='word_1_706' title='bbox 1325 2596 1499 2633; x_wconf 82' lang='lat' dir='ltr'>opponunt</span> <span class='ocrx_word' id='word_1_707' title='bbox 1522 2592 1696 2623; x_wconf 89' lang='lat' dir='ltr'>doctrinae</span> <span class='ocrx_word' id='word_1_708' title='bbox 1719 2591 1760 2623; x_wconf 89' lang='lat' dir='ltr'>de</span> <span class='ocrx_word' id='word_1_709' title='bbox 1782 2597 1923 2633; x_wconf 90' lang='lat' dir='ltr'>peccato</span> <span class='ocrx_word' id='word_1_710' title='bbox 1947 2590 2099 2634; x_wconf 84' lang='lat' dir='ltr'>originis.</span> <span class='ocrx_word' id='word_1_711' title='bbox 2128 2589 2203 2622; x_wconf 89' lang='lat' dir='ltr'>Usi-</span> 
     </span>
     <span class='ocr_line' id='line_1_110' title="bbox 1210 2634 2202 2667; baseline 0 -1"><span class='ocrx_word' id='word_1_712' title='bbox 1210 2640 1316 2667; x_wconf 88' lang='lat' dir='ltr'>tatum</span> <span class='ocrx_word' id='word_1_713' title='bbox 1347 2641 1398 2667; x_wconf 87' lang='lat' dir='ltr'>est</span> <span class='ocrx_word' id='word_1_714' title='bbox 1429 2635 1515 2666; x_wconf 89' lang='lat' dir='ltr'>enim</span> <span class='ocrx_word' id='word_1_715' title='bbox 1546 2635 1659 2667; x_wconf 87' lang='lat' dir='ltr'>dicere</span> <span class='ocrx_word' id='word_1_716' title='bbox 1681 2635 1844 2667; x_wconf 85' lang='lat' dir='ltr'>Naturam</span> <span class='ocrx_word' id='word_1_717' title='bbox 1874 2635 1996 2666; x_wconf 87' lang='lat' dir='ltr'>bonam</span> <span class='ocrx_word' id='word_1_718' title='bbox 2031 2645 2120 2667; x_wconf 87' lang='lat' dir='ltr'>esse.</span> <span class='ocrx_word' id='word_1_719' title='bbox 2166 2634 2202 2666; x_wconf 86' lang='lat' dir='ltr'>ld</span> 
     </span>
    </p>
   </div>
  </div>
 </body>
</html>
