2383 2990
127 178 193 211 473

127 283 207 305 reus
241 273 310 303 irae
332 271 397 303 Dei
420 277 453 302 et
475 280 606 313 poenae
630 277 805 308 aeternae,
828 276 864 301 ut
888 267 979 300 clare
1003 269 1122 300 dicitur

129 317 159 348 l.
184 315 295 348 lohan.
319 315 350 346 3.
398 314 462 350 Qui
493 313 572 345 facit
595 321 789 355 peecatum,
821 325 862 345 ex
885 311 1032 344 Diabolo
1058 318 1121 343 est.

129 361 160 392 1.
185 358 263 391 Cor.
287 359 318 390 6.
353 358 466 390 Nolite
490 368 616 396 errare,
642 365 862 395 scortatores,
887 355 1040 394 adulteri,
1064 355 1121 386 ho—

126 404 268 435 micidae
290 409 354 434 etc.
379 413 448 434 non
467 402 687 444 possidebunt
712 412 849 443 regnum
865 400 938 438 Dei,
963 406 1025 431 etc.
1061 399 1123 430 Est

126 453 159 479 et
182 446 268 478 haec
290 447 478 478 necessitas
504 446 749 477 consideranda
779 455 820 475 ex
840 445 956 475 ordine
981 444 1122 485 partium

127 490 373 529 conversionis,
410 490 499 532 quod
534 500 576 520 ne
611 495 721 530 potest
758 498 836 519 esse
867 488 998 529 quidem
1023 487 1122 517 Fides

126 534 159 565 in
183 534 236 573 iis,
260 534 315 575 qui
339 540 416 565 sunt
440 535 512 564 sine
535 533 757 574 poenitentia,
790 538 821 562 et
846 537 1066 571 perseverant
1090 531 1123 560 in

127 576 258 609 delictis
284 583 401 608 contra
425 576 677 608 conscientiam.
723 575 801 606 ldeo
833 575 951 605 dicitur
982 575 1013 605 in
1037 574 1122 604 iura-

125 627 255 652 mento:
278 620 367 652 Vivo
389 631 464 662 ego,
485 619 754 656 dicitDominus‚
780 617 860 649 noio
884 624 1021 649 mortem
1045 627 1123 658 pec-

128 665 265 702 catoris,
301 664 361 695 sed
392 671 427 695 ut
461 668 678 696 convertatur
714 669 746 693 et
780 663 882 693 vivat.
932 661 961 692 1.
987 660 1063 692 Cor.
1091 660 1123 691 6.

125 705 236 739 Nolite
249 718 375 746 errare,
399 714 618 744 scortatores,
643 704 796 744 adulteri,
821 705 1021 744 homicidae,
1055 715 1123 735 non

126 751 349 792 possidebunt
372 762 514 792 regnum
538 749 613 781 Dei.

398 819 403 829 t

215 836 327 868 Tertia
351 837 539 868 necessitas
560 841 612 867 est
628 836 751 867 vitandi
771 845 898 876 poenas
920 833 1123 876 temporales

127 886 161 912 et
184 887 352 919 aeternas,
377 881 454 922 quia
478 879 576 921 lapsi,
608 880 663 921 qui
688 890 754 910 non
780 890 898 910 rursus
922 885 1124 909 convertun-

126 929 199 963 tur,
229 931 329 955 ruunt
358 925 389 955 in
425 934 553 965 poenas
589 930 756 954 aeternas.
802 923 833 953 ἱ).
854 922 925 954 Pet.
949 923 980 953 2.
1026 921 1123 953 fiunt

127 968 176 999 eis
195 969 385 1009 posteriora
408 967 576 1009 prioribus
601 967 778 1006 deteriora,
804 972 836 998 et
859 973 935 998 sunt
961 967 1049 997 sicut
1069 976 1123 997 ca-

125 1011 180 1042 nis
200 1012 333 1043 rediens
357 1012 400 1043 ad
424 1012 592 1043 vomitum.

214 1097 268 1129 De
291 1097 532 1139 temporalibus
551 1099 668 1140 poenis
693 1097 865 1129 sciendum
885 1103 937 1128 est
960 1095 1122 1137 plurimas

125 1151 267 1176 magnas
293 1140 500 1173 calamitates
531 1143 562 1173 in
588 1152 713 1184 genere
737 1141 881 1172 humano
912 1141 1065 1181 privatim
1090 1147 1121 1171 et

125 1184 261 1226 publice
289 1195 418 1226 poenas
449 1195 526 1217 esse
561 1193 731 1217 certorum
767 1183 932 1226 lapsuum,
968 1184 1065 1214 etiam
1089 1184 1121 1215 in

125 1227 192 1266 his,
228 1229 284 1270 qui
307 1229 415 1259 sancti
439 1228 585 1266 suerunt,
621 1237 653 1260 et
676 1235 793 1270 postea
819 1229 958 1259 redeunt
978 1228 1019 1258 ad
1044 1238 1122 1268 poe-

125 1271 307 1303 nitentiam.
377 1272 576 1314 Quanquam
622 1273 708 1303 enim
753 1282 883 1314 poenae
929 1271 1123 1312 mitigantur

126 1315 305 1356 agentibus
337 1316 584 1356 poenitentiam,
616 1322 648 1347 et
672 1315 765 1346 Deus
797 1317 829 1346 in
854 1316 903 1345 ira
927 1315 1124 1345 recordatur

126 1358 388 1396 misericordiae,
422 1360 511 1400 quod
544 1360 766 1390 certissimum
791 1364 855 1395 est,
891 1365 1000 1389 tamen
1025 1359 1123 1389 etiam

130 1402 277 1432 ostendit
300 1403 490 1433 testimonia
514 1402 585 1433 irae
608 1403 774 1433 adversus
798 1408 951 1443 peccata,
986 1407 1018 1432 et
1042 1400 1124 1432 mul-

128 1449 183 1476 tos
206 1443 325 1486 lapsus
349 1455 468 1476 severe
491 1446 597 1486 punit,
619 1452 653 1476 ut
674 1444 808 1476 Eccles.
826 1445 857 1476 S.
883 1446 1021 1476 dicitur:
1047 1445 1122 1476 Non

128 1487 192 1519 erit
214 1488 375 1529 impunita
398 1489 566 1530 impietas:
602 1488 645 1520 Ut
670 1495 808 1530 propter
830 1487 973 1520 Davidis
996 1487 1125 1519 adulte-

126 1532 212 1563 rium
246 1538 280 1563 et
314 1532 542 1571 homicidium,
587 1539 706 1564 secuta
739 1538 791 1564 est
812 1531 982 1564 horribilis
1005 1532 1125 1563 seditio

127 1581 219 1606 mota
241 1585 262 1606 a
284 1574 353 1606 filio
377 1582 441 1608 etc.

216 1660 334 1694 Cultus
358 1661 443 1694 Idoli
466 1662 654 1704 permissus
685 1672 705 1693 a
729 1661 912 1694 Salomone
936 1672 1040 1694 causa
1063 1661 1124 1693 fuit

129 1703 379 1738 dilacerationis
410 1707 519 1748 regni,
548 1717 635 1748 quae
658 1713 777 1747 postea
799 1707 952 1748 praebuit
976 1707 1125 1738 occasio-

128 1758 205 1780 nem
228 1748 326 1780 bellis
351 1750 424 1781 sine
447 1750 525 1781 fine.

216 1833 358 1876 Propter
380 1834 541 1867 Manasse
578 1833 702 1866 bellum
736 1833 861 1867 illatum
896 1842 949 1868 est
984 1837 1122 1878 patriae.

127 1877 283 1920 Denique
306 1885 377 1911 tota
410 1880 478 1910 vita
512 1879 665 1919 privatim
700 1884 732 1910 et
765 1878 911 1920 publice,
941 1879 1040 1921 plena
1072 1887 1124 1912 est

128 1921 371 1962 exemplorum,
401 1928 437 1954 ut
461 1923 502 1954 de
526 1923 643 1964 poenis
663 1921 846 1954 electorum
870 1924 1002 1962 dicitur,
1030 1923 1122 1955 Psal.

127 1965 182 1998 88.
214 1965 368 1998 Visitabo
392 1966 424 1997 in
448 1967 545 2008 virga
565 1966 756 2008 iniquitates
779 1977 906 2005 eorum,
936 1968 1124 1999 misericor-

128 2010 217 2042 diam
239 2016 350 2041 autem
374 2020 481 2041 meam
506 2020 573 2041 non
598 2008 745 2041 auferam
770 2011 812 2042 ab
837 2011 894 2043 eis.
941 2010 983 2042 Et
1012 2011 1044 2042 in
1069 2021 1125 2054 ge-

129 2063 209 2085 nere
233 2053 369 2084 dicitur:
395 2053 509 2085 lerem.
534 2054 587 2085 22.
623 2053 736 2089 Quare
759 2054 810 2085 sic
828 2053 905 2085 fecit
929 2054 1024 2086 Deus
1048 2055 1125 2086 huic

128 2107 271 2138 magnae
306 2098 446 2128 civitati:
482 2097 569 2132 Quia
602 2096 711 2128 Deum
743 2096 874 2139 reliquit
909 2105 970 2129 etc.
1017 2098 1056 2129 Et
1092 2099 1124 2130 in

128 2139 277 2177 Psalmo,
312 2140 457 2182 Propter
484 2141 690 2176 iniquitatem
721 2142 862 2182 corripis
897 2140 986 2173 filios
1021 2141 1124 2173 homi-

127 2194 218 2215 num.
266 2182 388 2215 Psalm.
415 2184 485 2215 106.
532 2183 677 2225 Propter
711 2186 887 2216 iniustitias
913 2196 995 2217 suas
1022 2184 1123 2217 humi-

127 2226 198 2259 liati
232 2234 322 2259 sunt.
368 2229 458 2267 Item,
494 2226 619 2259 Psalm.
644 2228 696 2258 72.
743 2229 886 2270 Propter
918 2229 1124 2271 iniquitatem

128 2281 224 2303 suam
253 2272 433 2312 perierunt.
479 2270 581 2302 Mieh.
606 2282 679 2313 cap.
703 2272 734 2302 7.
771 2273 849 2303 dicit
884 2273 925 2304 de
949 2271 1121 2304 Ecclesia:

128 2314 214 2346 Iram
238 2314 371 2346 Domini
396 2316 554 2356 portabo,
583 2319 661 2357 quia
683 2317 824 2357 peccavi
849 2317 889 2348 ei.
935 2317 975 2348 Et
999 2315 1123 2348 Daniel

128 2359 250 2400 inquit:
275 2358 346 2390 Tibi
370 2357 515 2390 Domine
540 2359 675 2397 iustitia,
708 2360 805 2391 nobis
832 2366 942 2392 autem
968 2359 1122 2392 confusio

128 2400 226 2433 faciei
250 2409 388 2433 nostrae
413 2409 476 2434 etc.
522 2401 564 2433 Et
588 2400 798 2444 explodenda
832 2411 885 2435 est
909 2403 965 2435 illa
988 2404 1123 2446 frigida,

129 2444 314 2486 sophistica
338 2452 371 2477 et
393 2444 495 2477 stulta
520 2445 700 2485 cavillatio,
724 2457 809 2489 quae
832 2448 1044 2489 reprehendit
1068 2450 1124 2480 be-

129 2487 264 2521 nefacta
288 2495 377 2520 metu
400 2500 539 2530 poenae.
581 2488 678 2522 Multi
702 2497 779 2522 sunt
803 2491 887 2523 fines
911 2492 1009 2523 unius
1032 2490 1124 2531 faeti,

129 2533 192 2564 sed
216 2533 367 2564 ordinati.
415 2533 532 2564 Sciunt
560 2534 668 2566 sancti
693 2535 831 2575 primum
855 2542 993 2578 propter
1014 2535 1123 2567 Deum

129 2583 222 2608 recte
236 2575 425 2608 faciendum
445 2587 534 2616 esse,
559 2578 620 2609 sed
644 2577 753 2609 sciunt
776 2578 841 2611 hoc
864 2590 1010 2622 quoque,
1033 2578 1124 2611 velle

128 2618 239 2652 Deum
263 2621 413 2662 conspici
436 2621 518 2652 iram
543 2631 638 2653 suam
661 2621 693 2652 in
724 2623 854 2664 poenis,
888 2630 921 2655 et
943 2622 1033 2655 velle
1056 2634 1123 2655 me-

130 2664 178 2696 tui
200 2675 330 2706 poenas
352 2670 549 2707 praesentes
574 2670 607 2697 et
629 2665 773 2705 futuras,
808 2667 885 2709 quia
919 2673 997 2699 sunt
1030 2667 1122 2699 testi-

766 174 808 207 V.
834 173 1105 206 EXPLICATIO
1137 171 1338 204 SYMBOLI
1361 171 1524 203 NJCENI.

2104 171 2170 203 474

1175 267 1286 299 monia
1320 273 1352 299 et
1388 265 1727 299 coinmonefactiones
1763 269 1805 299 (18
1838 268 1887 298 ira
1922 265 1996 298 Dei.
2049 266 2170 297 Osten-

1177 311 1297 342 duntur
1325 322 1454 352 poenae
1490 312 1522 342 in
1552 318 1623 343 toto
1655 322 1779 354 genere
1810 311 1974 348 humano,
2010 318 2040 342 et
2076 310 2170 342 Deus

1177 353 1278 385 multa
1313 354 1465 396 exempla
1489 356 1592 387 scribi
1616 355 1739 395 voluit,
1775 354 1845 387 vult
1876 355 1975 397 igitur
2009 364 2067 385 eas
2093 365 2170 386 con-

1178 398 1322 429 siderari
1346 407 1376 429 et
1402 398 1743 431 commonefactiones
1768 409 1844 431 esse
1864 399 1905 430 de
1928 399 1976 429 ira
2001 408 2069 429 sua.

1266 528 1342 559 Non
1366 529 1467 571 igitur
1491 528 1675 570 sophistice
1699 530 1918 571 disputemus,
1941 540 2008 560 non
2025 536 2171 561 metuen-

1179 573 1240 603 das
1265 583 1341 603 esse
1365 583 1510 613 poenus,
1547 574 1622 614 quia
1648 580 1739 604 recte
1770 574 1956 604 iaciendum
1982 573 2040 612 sit,
2075 575 2172 605 etiam

1178 626 1244 647 non
1281 622 1369 647 metu
1403 627 1543 658 poenae,
1603 616 1664 647 Hic
1700 617 1980 648 considerandum
2015 623 2065 648 est
2106 617 2173 648 hoc

1179 669 1324 701 quoque,
1350 661 1441 701 quod
1466 667 1624 691 aeternae
1649 671 1778 700 poenae
1802 661 1865 691 sint
1890 660 2036 692 intinitus
2061 671 2170 691 cumu-

1192 714 1231 734 us
1255 710 1470 734 aeternorum
1499 710 1725 745 peccatorum.
1772 703 1813 735 Et
1842 705 1960 745 poenis
1986 703 2172 745 temporali—

1179 748 1241 778 bus
1270 745 1372 777 multa
1399 754 1539 788 peccata
1571 746 1729 787 implicita
1753 754 1846 786 sunt,
1882 749 1967 779 sicut
1998 748 2030 779 in
2056 748 2172 789 poenis

1179 789 1287 822 Saulis
1311 797 1343 821 et
1367 790 1509 822 Davidis
1533 789 1674 833 intelligi
1699 797 1821 832 potest.

1266 902 1401 934 Dictum
1426 909 1477 934 est
1502 904 1542 934 de
1566 905 1783 942 necessitate,
1809 904 1861 935 cui
1890 905 2058 946 quomodo
2072 905 2173 936 adda-

1176 954 1230 978 tur
1249 948 1409 989 dignitas,
1441 948 1720 978 considerandum
1750 954 1811 979 est.
1858 948 2016 988 Papistae
2048 949 2172 987 dieunt,

1176 991 1316 1022 virtutes
1341 997 1372 1022 et
1398 992 1485 1022 bona
1510 1002 1611 1033 opera
1636 998 1828 1022 renatorum
1852 992 1971 1023 mereri
1995 993 2094 1023 vitani
2119 1003 2171 1024 ae-

1176 1040 1304 1065 ternam
1340 1035 1381 1065 de
1416 1035 1603 1076 condigno,
1637 1043 1672 1066 ut
1707 1036 1770 1076 ipsi
1801 1034 1991 1077 loquuntur.
2051 1035 2175 1067 Dicunt

1175 1078 1264 1116 item,
1287 1079 1377 1120 quod
1401 1079 1466 1109 sint
1490 1076 1636 1120 impletio
1660 1078 1762 1120 Legis
1787 1086 1818 1110 et
1840 1081 1981 1120 pretium
2001 1080 2089 1111 vitae
2120 1090 2174 1110 ae-

1177 1128 1303 1161 ternae,
1328 1128 1359 1152 et
1384 1128 1494 1153 tamen
1519 1123 1630 1153 iubent
1654 1122 1806 1153 homines
1826 1134 1962 1154 manere
1987 1124 2018 1154 in
2045 1123 2174 1155 dubita-

1176 1166 1277 1204 tione,
1301 1172 1333 1197 et
1358 1166 1543 1197 doctrinam
1569 1166 1646 1197 fidei
1671 1167 1825 1198 obruunt.
1872 1167 1946 1198 Hoc
1969 1173 2075 1198 totum
2098 1167 2174 1207 χάος

1177 1220 1328 1241 errorum
1354 1210 1574 1241 damnandum
1599 1216 1660 1240 est.
1693 1212 1799 1251 Supra
1823 1217 1931 1241 autem
1957 1211 2171 1252 exposuimus

1178 1254 1294 1285 ordine
1319 1263 1432 1284 veram
1458 1253 1641 1284 doctrinam
1666 1254 1708 1284 (18
1732 1253 1822 1292 Fide,
1848 1255 1923 1285 item
1949 1255 1989 1285 de
2014 1255 2171 1286 obedien-

1177 1298 1233 1335 tia,
1257 1295 1364 1339 qualis
1389 1298 1433 1328 sit
1458 1304 1489 1328 et
1514 1297 1682 1338 quomodo
1712 1296 1859 1340 placeat.
1904 1297 1975 1329 Sint
2007 1299 2108 1340 igitur
2137 1298 2171 1329 in

1178 1347 1362 1382 conspectu
1385 1340 1450 1372 hae
1473 1339 1621 1383 regulae.

1266 1452 1413 1484 Primum
1458 1453 1613 1485 remissio
1654 1459 1890 1494 peccatorum,
1930 1454 2172 1494 reconciliatio,

1178 1496 1357 1528 vivificatio
1378 1507 1438 1538 per
1462 1495 1578 1529 Filium
1601 1504 1632 1529 et
1658 1498 1815 1539 Spiritum
1839 1505 2010 1537 sanctum,
2035 1504 2066 1530 et
2095 1498 2172 1530 hae-

1179 1541 1306 1572 reditas
1340 1541 1429 1572 vitae
1471 1547 1644 1580 aeternae,
1686 1542 1853 1573 donantur
1893 1543 1998 1585 gratis
2033 1548 2170 1585 propter

1180 1584 1351 1616 Christum
1375 1585 1600 1616 credentibus.

1267 1688 1436 1723 Secundo,
1460 1689 1557 1720 Nova
1581 1689 1767 1721 obedientia
1792 1690 1824 1721 in
1849 1688 1914 1720 hac
1937 1690 2005 1722 vita
2028 1701 2096 1721 non
2121 1701 2173 1722 sa-

1179 1731 1300 1763 tisfacit
1314 1732 1395 1774 Legi
1407 1731 1487 1771 Dei,
1501 1739 1532 1764 et
1546 1744 1613 1764 non
1631 1740 1681 1764 est
1695 1734 1846 1765 meritum
1856 1744 1915 1764 seu
1930 1735 2070 1775 pretium
2084 1735 2172 1766 vitae

1178 1783 1355 1815 aeternae,
1386 1778 1452 1807 imo
1486 1776 1597 1808 adhuc
1627 1784 1759 1808 manent
1789 1778 1821 1808 in
1851 1779 1975 1809 renatis
2009 1777 2113 1810 multa
2141 1784 2175 1810 et

1178 1821 1286 1852 tristia
1308 1827 1469 1861 peccata,
1493 1827 1529 1852 ut
1552 1831 1656 1863 saepe
1682 1822 1835 1853 diximus.

1265 1924 1389 1963 Tertio,
1415 1924 1509 1960 Quae
1533 1932 1585 1957 est
1607 1926 1707 1967 igitur
1731 1926 1874 1967 dignitas
1889 1936 1997 1957 novae
2017 1926 2173 1958 obedien-

1177 1969 1260 2000 tiae:
1284 1979 1358 2000 cum
1382 1969 1571 2000 nominetur
1595 1968 1705 2001 cultus
1717 1969 1781 2001 Dei
1804 1976 1836 2001 et
1859 1970 2072 2009 sacrificium,
2096 1971 2173 2002 item

1178 2024 1253 2044 cum
1278 2013 1424 2054 praemia
1448 2023 1466 2042 a
1491 2011 1566 2043 Deo
1587 2013 1791 2044 offerantur-‘3
1837 2013 2050 2054 Respondeo.
2096 2014 2173 2046 Non

1177 2062 1229 2087 est
1252 2055 1337 2087 haee
1360 2056 1518 2098 dignitaS,
1531 2058 1619 2098 quod
1640 2058 1706 2088 sint
1718 2056 1995 2099 Legisinipletio,
2019 2058 2172 2089 meritum

1178 2110 1239 2131 seu
1258 2101 1399 2140 pretium
1422 2100 1509 2131 vitae
1534 2108 1700 2138 aeternae,
1725 2101 1784 2131 sed
1809 2108 1987 2142 postquam
2011 2100 2076 2132 fide
2099 2112 2173 2142 per-

1177 2154 1263 2175 sona
1288 2152 1338 2175 est
1359 2144 1446 2175 iusta
1470 2150 1503 2175 et
1525 2143 1646 2175 haeres
1666 2145 1754 2176 vitae
1773 2151 1941 2183 aeternae,
1966 2143 2077 2186 placet
2095 2143 2170 2177 Deo

1176 2198 1266 2219 nova
1289 2187 1490 2224 obedientia,
1512 2193 1548 2219 ut
1572 2188 1695 2219 dictum
1718 2194 1771 2219 est
1794 2198 1914 2229 supra,
1938 2197 2076 2230 propter
2099 2188 2169 2220 Me-

1178 2232 1351 2263 diatorem.
1397 2230 1438 2261 Et
1468 2238 1647 2272 propterea
1677 2232 1866 2263 nominatur
1894 2231 2005 2263 cultus
2038 2231 2102 2263 Dei
2139 2239 2172 2264 et

1177 2275 1389 2306 sacrificium.
1436 2273 1528 2306 Talis
1553 2282 1603 2306 est
1627 2275 1789 2317 dignitas:
1824 2277 1900 2317 quia
1929 2274 2065 2317 placere
2094 2274 2170 2307 Deo

1177 2325 1209 2350 et
1233 2329 1311 2350 esse
1335 2318 1519 2356 sacrificia,
1552 2330 1709 2362 magnum
1741 2321 1861 2351 bonum
1893 2326 1954 2351 est.
2000 2319 2075 2351 Non
2099 2318 2170 2350 vult

1176 2361 1272 2394 Deus
1295 2363 1406 2404 perire
1428 2368 1532 2393 totum
1559 2373 1667 2405 genus
1690 2362 1890 2402 humanum,
1923 2363 1983 2394 sed
2007 2363 2171 2394 immensa

1177 2406 1406 2438 misericordia
1427 2404 1555 2448 colligit
1573 2417 1613 2437 ex
1637 2417 1676 2437 eo
1701 2413 1869 2438 aeternam
1893 2405 2093 2444 Ecclesiam,
2117 2407 2171 2438 cui

1176 2460 1214 2481 se
1234 2451 1267 2482 in
1290 2456 1360 2481 tota
1384 2451 1581 2481 aeternitate
1597 2451 1827 2488 communicet,
1848 2457 1880 2481 et
1891 2449 1979 2481 hanc
2000 2449 2170 2481 collectio-

1175 2504 1251 2525 nem
1275 2500 1307 2525 et
1332 2494 1661 2525 communicationem
1681 2493 1752 2526 vult
1775 2494 1924 2525 inchoari
1948 2494 1980 2524 in
2004 2494 2069 2525 hac
2083 2504 2169 2525 mor-

1175 2537 1234 2569 tali
1268 2538 1348 2576 vita‚
1383 2536 1448 2569 Per
1470 2537 1558 2569 hane
1575 2536 1762 2569 Ecclesiam
1786 2537 1857 2569 vult
1880 2538 2035 2580 agnosci,
2060 2543 2091 2569 et
2116 2547 2169 2569 ce-

1175 2579 1299 2613 lebrari
1324 2581 1486 2620 doctrina,
1512 2589 1543 2613 et
1569 2588 1664 2613 certo
1688 2582 1785 2613 modo
1806 2582 2026 2620 obedientiae,
2049 2588 2081 2613 et
2098 2579 2169 2622 vult

1175 2635 1250 2656 eam
1285 2625 1430 2657 discerni
1464 2626 1508 2657 ab
1545 2625 1664 2667 impiis.
1720 2625 1797 2656 Non
1830 2624 1966 2666 placent
1996 2626 2169 2667 impiorum

1175 2669 1337 2709 actiones,
1361 2679 1553 2712 quanquam
1576 2668 1787 2711 splendidae:
1813 2669 1882 2701 Sed
1900 2670 1992 2712 prior
2010 2669 2168 2700 obedien-
