2383 2990
138 121 204 155 365

140 217 234 249 Sicut
262 216 365 248 Pater
392 215 559 247 exuscitat
590 221 742 247 mortuos
773 221 806 247 et
829 215 996 255 vivificat,
1029 215 1079 247 sic
1107 221 1140 247 et

137 259 242 292 Filius
276 269 364 302 quos
398 259 470 291 vult
504 258 663 291 vivificat.
720 258 756 290 ln
787 259 853 290 hac
885 261 1049 292 concione
1083 270 1139 291 ex·

136 313 256 346 presse
279 302 424 335 affirmat
447 302 616 341 Christus,
640 313 678 334 se
702 313 768 334 una
794 313 869 335 cum
883 302 984 334 Patre
1008 313 1138 340 creare,

139 353 330 379 sustentare
354 352 562 385 creaturam,
593 357 734 378 servare
758 345 969 384 Ecclesiam,
993 347 1138 378 reddere

137 391 238 422 vitam
262 392 415 429 mortuis,
440 401 526 432 quae
549 391 622 422 sine
646 389 717 422 ulla
742 390 950 422 dubitatione
981 396 1061 422 sunt
1084 400 1138 421 so-

135 433 200 466 lius
223 440 364 466 naturae
384 435 622 476 omnipotentis
645 434 793 476 propria.

224 501 339 534 lohan.
367 502 418 533 10.
460 502 534 545 Ego
559 504 662 534 vitam
685 510 858 534 aeternam
877 503 919 534 do
944 503 1005 534 eis,
1040 502 1135 541 Item,

134 547 243 578 Nemo
279 547 387 587 rapiet
422 557 506 578 oves
542 556 635 578 meas
660 556 702 578 ex
725 547 880 579 manibus
903 548 995 578 meis,
1043 546 1136 585 Item,

134 590 210 623 Sine
234 601 286 622 me
311 588 394 621 nihil
417 590 560 631 potestis
584 588 709 621 facere.

223 658 360 691 Coloss.
387 660 416 691 1.
452 659 572 691 Omnia
595 669 656 701 per
679 659 788 701 ipsum
808 665 841 690 et
865 659 898 691 in
923 660 1033 702 ipsum
1057 670 1136 690 con-

135 704 203 736 dita
227 710 317 742 sunt,
343 709 376 734 et
400 703 510 735 omnia
534 713 594 744 per
618 713 694 734 eum
719 704 922 735 consistunt.
967 702 1027 734 Est
1051 714 1134 745 ergo

134 749 166 780 in
191 746 328 779 Christo
353 753 471 778 natura
495 747 609 778 divina
633 747 799 778 conditrix
818 758 949 785 rerum,
976 748 1050 778 ideo
1075 758 1135 789 po-

133 797 207 823 stea
239 791 270 822 in
301 791 333 822 2.
365 791 476 832 capite
505 790 643 822 dicitur:
679 790 714 821 ln
739 791 814 832 ipso
839 790 1001 822 inhabitat
1027 792 1134 822 omnis

132 835 304 878 plenitudo
340 834 522 866 divinitatis
559 833 794 876 corporaliter,
830 835 927 876 quasi
963 835 1064 873 dicat,
1102 836 1134 866 in

132 877 208 910 aliis
232 879 361 910 sanctis
385 877 514 909 habitat
537 877 633 909 Deus
660 878 816 909 effective
841 886 872 910 et
897 878 1133 919 separabiliter

132 923 328 954 accendens
355 932 478 953 novam
507 920 616 953 lucem
642 928 673 953 et
699 933 808 954 novos
840 929 962 954 motus.
1009 924 1076 953 Sed
1101 923 1133 953 in

132 965 268 997 Christo
303 966 430 997 habitat
466 964 753 1006 inseparabiliter,
788 972 820 997 et
844 967 912 1005 sic,
947 973 983 998 ut
1013 967 1136 997 unione

131 1008 347 1052 hypostatica
376 1009 489 1040 unitae
521 1011 588 1040 sint
617 1016 777 1048 naturae,
806 1021 953 1051 persona
983 1010 1135 1041 secunda

132 1054 315 1085 divinitatis
339 1052 425 1092 λόγος
449 1059 481 1084 ct
503 1052 651 1085 humana
686 1060 805 1085 natura
841 1059 1000 1085 assimita.
1049 1053 1135 1084 Nam

130 1103 167 1129 ut
191 1108 254 1128 nos
278 1107 366 1128 nunc
392 1097 531 1128 dicimus
556 1098 679 1128 usitate
702 1096 908 1137 ὑφιστάμενον
931 1108 993 1128 seu
1017 1107 1135 1138 perso-

130 1151 223 1172 nam:
248 1140 296 1172 lta
317 1147 451 1172 veteres
471 1141 592 1171 Gracci
618 1141 771 1172 dixerunt
787 1141 927 1180 σώματα,
953 1142 1043 1183 quod
1066 1152 1134 1172 non

129 1191 182 1217 est
201 1184 432 1227 imaginarium
456 1191 513 1216 aut
537 1182 760 1215 accidentale.

217 1270 324 1303 Multa
362 1272 555 1302 testimonia
595 1270 627 1302 in
662 1270 778 1302 Veteri
813 1277 844 1302 et
880 1271 980 1303 Novo
1015 1271 1133 1303 Testa-

128 1322 241 1347 mento
266 1314 449 1357 loquuntur
473 1316 514 1347 de
539 1315 764 1353 invocatione,
789 1316 844 1346 ubi
871 1315 1061 1346 firmi-..sime
1086 1322 1132 1347 te-

126 1359 239 1390 nenda
263 1365 315 1390 est
339 1358 468 1400 regula.
513 1358 762 1389 invocationem
788 1369 851 1400 qna
883 1360 1026 1400 petimus
1051 1358 1132 1390 libe·

128 1403 292 1434 rationem
312 1412 331 1432 a
346 1403 497 1443 peccatis
511 1409 542 1433 et
557 1408 673 1439 morte,
699 1408 728 1432 et
746 1402 960 1433 donationem
986 1403 1132 1434 iustitiae

127 1452 160 1478 et
184 1447 273 1477 vitae
303 1452 478 1483 aeternae,
509 1452 541 1476 et
571 1447 865 1477 conservationem
898 1453 1038 1478 naturae
1067 1446 1131 1477 soli

124 1489 214 1528 De0,
239 1489 294 1531 qui
309 1495 361 1520 est
374 1489 601 1530 omnipotenS,
626 1489 836 1520 tribuendam
857 1501 948 1528 esse,
974 1491 1052 1532 quia
1077 1502 1131 1520 so-

124 1532 179 1564 lus
214 1533 310 1564 Deus
346 1532 430 1563 haec
465 1533 554 1563 dona
590 1531 671 1563 dare
695 1540 825 1574 potest,
861 1540 893 1565 et
917 1532 1013 1564 solus
1043 1535 1131 1565 videt

126 1577 232 1609 corda
263 1577 460 1617 petentium,
485 1583 516 1607 et
544 1576 701 1607 diiudicat
733 1587 848 1608 veram
881 1578 1130 1609 invocationem

124 1631 145 1652 a
169 1619 335 1652 simulata.
378 1620 457 1651 ldeo
482 1620 644 1661 scriptum
670 1627 721 1651 est
747 1620 865 1651 Mattli.
890 1622 921 1652 4.
948 1620 1130 1653 Dominum

123 1663 236 1696 Deum
260 1671 352 1695 tuum
380 1664 560 1701 adorabis,
591 1670 622 1695 ct
647 1662 693 1695 illi
725 1663 791 1695 soli
822 1665 965 1696 servies.
1016 1666 1130 1696 Oseae

126 1707 178 1740 13.
209 1707 319 1740 Deum
349 1714 484 1749 praeter
514 1718 566 1738 me
596 1718 664 1739 non
686 1708 790 1746 scies,
822 1715 853 1739 et
885 1707 1039 1740 Salvator
1064 1719 1129 1739 non

125 1757 179 1783 est
198 1758 333 1793 praeter
355 1761 417 1783 me.
450 1751 573 1782 Esaiae
598 1751 651 1782 43.
674 1750 798 1782 Sciatis
812 1758 845 1783 et
870 1753 1014 1783 credatis
1039 1752 1130 1790 milii,

125 1801 158 1827 et
183 1794 380 1837 intelligetis
411 1795 503 1837 quod
528 1805 591 1837 ego
617 1797 689 1836 ipse
713 1796 793 1834 sim,
823 1802 900 1827 ante
925 1806 977 1827 me
1001 1795 1131 1827 scilicet

123 1838 331 1882 patefactum
351 1849 418 1870 non
439 1845 494 1870 est
520 1837 683 1871 formatus
708 1838 816 1877 Deus,
837 1846 869 1871 et
889 1847 966 1881 post
991 1850 1043 1871 me
1063 1851 1129 1871 non

125 1883 204 1914 erit:
240 1882 315 1925 Ego
347 1893 440 1922 sum,
460 1893 526 1926 ego
557 1894 632 1914 sum
663 1889 697 1915 et
735 1894 803 1914 non
834 1889 887 1915 est
912 1891 1048 1925 praeter
1078 1894 1130 1915 me

125 1925 289 1959 salvator.

213 2013 298 2046 Cum
331 2014 433 2056 igitur
467 2012 504 2046 fit
538 2015 708 2047 invocatio
742 2015 784 2046 ad
814 2014 994 2053 Messiam,
1028 2014 1129 2047 fateri

121 2068 267 2090 necesse
295 2065 367 2097 est,
399 2058 488 2100 quod
519 2059 561 2090 sit
585 2058 681 2099 Deus
712 2060 946 2100 omnipotens,
974 2065 1009 2090 ut
1034 2059 1127 2091 Psal-

122 2102 176 2133 72.
212 2101 252 2133 Et
279 2102 442 2134 timebunt
472 2113 567 2140 eum,
602 2103 710 2134 donec
743 2110 838 2134 erunt
872 2102 931 2134 sol
963 2111 995 2135 et
1018 2103 1126 2136 Luna.

122 2145 187 2177 Hie
221 2144 369 2177 affirmat
402 2157 542 2188 regnum
577 2152 608 2178 et
640 2146 767 2178 cultum
803 2153 1000 2188 perpetuum
1036 2158 1126 2186 esse,

121 2189 199 2221 Non
235 2190 336 2232 igitur
369 2188 518 2232 loquitur
541 2190 583 2222 de
607 2201 713 2232 regno
750 2189 889 2232 politico
921 2197 977 2223 aut
1008 2192 1126 2223 adora-

120 2234 213 2265 tione
242 2244 328 2276 quae
359 2242 412 2265 est
435 2240 553 2276 gestus
586 2241 759 2273 externus,
791 2246 856 2277 quo
888 2237 1125 2276 praesentibus

121 2278 260 2320 regibus
284 2288 348 2309 nos
373 2278 590 2317 subiicimus,
620 2285 741 2319 postea
765 2279 870 2320 inquit
895 2279 1126 2320 deprecabun-

120 2326 176 2353 tur
200 2332 315 2353 coram
335 2332 376 2353 eo
400 2332 548 2363 semper,
561 2321 718 2354 videlicet
732 2330 844 2364 petent
860 2323 949 2354 bona
973 2330 1124 2362 aeterna,

120 2371 158 2396 ut
180 2364 306 2397 Psalm.
335 2365 389 2397 45.
427 2365 469 2397 Et
495 2367 714 2407 concupiscet
741 2377 802 2398 rex
833 2367 991 2398 decorem
1021 2374 1125 2406 tuum,

121 2409 199 2451 quia
223 2410 296 2451 ipse
319 2415 373 2440 est
385 2409 482 2441 Deus
505 2416 596 2449 tuus,
621 2416 653 2441 et
676 2410 866 2442 adorabunt
886 2421 972 2442 eum.
999 2410 1124 2442 Psalm.

120 2452 153 2484 2.
195 2452 403 2485 Osculamini
426 2452 556 2486 Filium.
613 2454 713 2486 Beati
737 2465 854 2486 omnes
881 2455 937 2497 qui
951 2454 1125 2487 confidunt.

120 2496 155 2528 in
180 2507 230 2529 eo.
266 2496 356 2529 Esai.
382 2497 433 2529 11.
469 2500 503 2530 ln
528 2498 581 2529 die
603 2496 662 2529 illa
685 2499 781 2530 radix
816 2498 911 2531 lesse
945 2500 1064 2537 stabit,
1089 2505 1125 2531 ut

121 2537 166 2572 sit
200 2541 334 2584 signum
368 2541 522 2583 populis,
567 2548 687 2585 gentes
729 2553 804 2574 eum
840 2543 1123 2584 deprecabuntur.

121 2582 242 2617 Matth.
281 2586 331 2617 ll.
366 2586 472 2627 inquit
506 2586 580 2628 ipse
615 2586 796 2618 Dominus:
836 2586 960 2620 Venite
994 2588 1038 2619 ad
1071 2598 1124 2619 nie

123 2637 254 2667 omnes,
279 2629 337 2671 qui
359 2627 524 2661 laboratis
550 2635 583 2661 et
602 2632 732 2662 onerati
755 2631 850 2662 estis.

794 120 838 152 V.
861 119 1131 152 EXPLICATIO
1155 118 1359 153 SYMBOLI
1382 119 1545 153 NICENI.

2127 123 2193 155 366

1283 216 1368 247 Gen.
1391 215 1442 248 48.

1194 265 1227 290 et
1250 260 1295 291 ad
1319 259 1489 301 angelum,
1503 271 1564 301 per
1587 271 1683 303 quem
1707 259 1852 293 affirmat
1876 272 1915 293 se
1938 268 2089 304 ereptum
2114 273 2193 294 esse

1192 303 1234 334 ab
1266 304 1421 334 omnibus
1456 302 1563 334 malis.
1621 305 1683 336 Hic
1717 304 1861 347 angelus
1896 311 1949 338 est
1983 307 2057 348 ipse
2088 305 2191 338 Filius

1191 345 1268 384 Dei,
1293 347 1382 386 λόγος
1405 348 1528 378 missus
1553 348 1597 378 ad
1609 347 1813 387 Ecclesiam,
1834 355 1868 381 ut
1887 360 2022 392 semper
2046 349 2192 392 aliquam

1191 389 1384 421 Ecclesiam
1414 391 1446 421 in
1471 400 1595 432 genere
1619 391 1766 424 hnmano
1791 392 1951 435 colligat,
1982 399 2016 426 et
2039 404 2113 426 eam
2137 404 2193 426 cu-

1192 433 1327 472 stodiat,
1351 440 1447 474 regat
1472 440 1504 465 et
1527 442 1652 466 servet.

1479 216 1582 248 Iacob
1606 216 1687 248 facit
1721 217 1971 250 invocationem
2001 218 2044 249 ad
2067 218 2190 259 Deum,

1279 519 1331 551 Ac
1363 519 1540 562 diligenter
1568 527 1621 552 est
1650 522 1866 554 observanda
1894 522 1995 555 lectio
2036 523 2193 556 Hebraea

1190 564 1224 595 in
1248 570 1355 602 textu,
1378 564 1522 595 Primum
1548 563 1729 606 alloquitur
1751 565 1851 598 lacob
1878 577 1995 598 omnes
2013 578 2190 610 personas,

1190 606 1287 638 Deus
1312 618 1426 638 coram
1449 619 1515 649 quo
1540 607 1753 640 ambularunt
1777 617 1892 650 patres
1917 612 1981 642 mei
2005 611 2190 650 Abraham,

1190 650 1298 686 haac,
1323 652 1373 682 sic
1397 650 1579 693 alloquitur
1601 651 1710 683 Deum
1734 653 1939 694 patefactum
1964 656 2135 695 patribus,
2159 661 2193 687 et

1190 695 1336 736 seiungit
1367 706 1464 726 suam
1498 697 1745 728 invocationem
1779 698 1822 728 ab
1847 697 2000 730 Ethnica.
2058 699 2192 730 Deinde

1188 737 1372 781 alloquitur
1400 737 1536 777 filium,
1567 739 1662 771 Deus
1695 741 1785 782 pavit
1814 751 1867 772 me
1895 752 2005 783 usque
2035 743 2078 773 ad
2102 741 2192 774 hune

1189 783 1287 821 diem,
1313 782 1376 814 Hic
1400 789 1452 814 est
1476 782 1619 825 angelus
1644 785 1699 825 qui
1722 794 1774 815 nie
1798 785 1953 816 liberavit
1972 786 2014 816 ab
2035 787 2191 817 omnibus

1189 825 1297 857 malis.
1344 826 1392 857 lta
1418 827 1680 859 demonstrative
1711 829 1846 869 ponitur
1868 827 2031 872 angelus,
2056 839 2120 862 nec
2143 830 2191 861 in-

1189 871 1312 901 seritur
1331 869 1495 912 particula
1519 869 1723 912 copulativa.

1277 956 1371 988 Talia
1399 959 1589 989 testimonia
1619 968 1723 1000 saepe
1753 957 1960 1001 multumque
1994 960 2189 991 considere—

1190 1011 1273 1039 nius,
1301 1008 1332 1032 et
1358 1007 1391 1032 ut
1417 1002 1458 1032 de
1478 1002 1634 1033 doctrina
1658 1002 1913 1041 confirmemur,
1942 1009 1974 1034 et
2004 1011 2040 1036 ut
2071 1014 2190 1035 aceen-

1189 1045 1287 1076 datur
1320 1045 1501 1076 invocatiO.
1555 1045 1711 1077 Sciamus
1746 1046 1836 1078 hunc
1872 1046 2000 1078 cultum
2031 1057 2191 1079 necessa-

1189 1089 1272 1119 rium
1297 1099 1387 1126 esse,
1412 1089 1572 1120 invocare
1598 1089 1735 1128 Filium,
1767 1096 1799 1121 et
1823 1091 1865 1121 ab
1891 1101 1932 1122 eo
1959 1091 2048 1122 bona
2072 1098 2190 1132 petere

1189 1132 1380 1170 discamus,
1411 1133 1509 1164 etiam
1539 1134 1707 1174 quomodo
1745 1133 1919 1175 dirigenda
1948 1135 1990 1166 sit
2019 1135 2190 1167 invocatio

1188 1177 1231 1207 ad
1256 1175 1377 1207 Deum.
1426 1176 1519 1207 Sicut
1556 1177 1657 1209 iacob
1688 1176 1871 1219 alloquitur
1900 1177 2031 1216 Deum,
2063 1184 2096 1210 et
2127 1178 2191 1209 Re-

1189 1220 1374 1251 denitorem
1400 1226 1431 1251 et
1461 1220 1630 1263 angelum.
1677 1220 1718 1252 Et
1744 1220 1909 1253 Dominus
1930 1223 2051 1264 inquit:
2088 1221 2190 1258 Quic-

1188 1264 1267 1305 quid
1291 1264 1452 1304 peticritis
1479 1265 1610 1296 Patrem
1634 1265 1667 1296 in
1692 1266 1825 1297 nomine
1849 1276 1938 1304 meu,
1964 1266 2055 1297 dabit
2078 1266 2188 1298 vobis.

1188 1307 1286 1338 llunc
1317 1318 1394 1338 esse
1426 1306 1534 1339 Deum
1571 1318 1817 1350 agnoscamus]
1852 1308 1942 1341 hunc
1979 1311 2188 1348 invocemus,

1187 1352 1243 1392 qui
1275 1360 1313 1381 sc
1346 1350 1502 1392 patefecit
1534 1352 1640 1384 misso
1669 1352 1770 1391 Filio,
1801 1354 1912 1395 etqui
1946 1363 2022 1385 cum
2045 1352 2130 1385 Filio
2156 1359 2189 1385 et

1187 1395 1310 1434 Spiritu
1337 1401 1456 1426 sancto
1482 1396 1629 1427 condidit
1654 1397 1775 1435 omnia,
1802 1402 1833 1427 et
1857 1402 2027 1438 petamus,
2050 1403 2085 1428 ut
2113 1408 2190 1438 pro-

1186 1445 1260 1479 pter
1284 1437 1403 1469 Filium
1427 1449 1490 1470 nos
1512 1440 1679 1478 exaudiat,
1699 1445 1731 1471 et
1753 1450 1814 1481 per
1837 1451 1914 1472 eum
1937 1451 2002 1472 nos
2025 1442 2190 1483 gubernet

1185 1490 1217 1512 et
1243 1489 1433 1514 conservet.

1273 1559 1352 1591 Item
1377 1561 1408 1591 in
1440 1562 1545 1592 veteri
1571 1567 1601 1592 et
1632 1572 1723 1593 novo
1746 1561 1967 1593 Testamento
1998 1563 2189 1595 nominatur

1184 1603 1331 1635 Messias
1366 1603 1469 1635 Filius
1505 1605 1586 1642 Dei,
1624 1612 1655 1636 et
1680 1606 1884 1637 discernitur
1908 1605 1963 1638 hic
1988 1605 2092 1638 Filius
2116 1607 2188 1638 uni-

1184 1648 1317 1688 genitus
1341 1658 1359 1678 a
1385 1647 1460 1679 tiliis
1496 1649 1676 1690 adoptivis.
1735 1649 1819 1681 Cum
1853 1651 1954 1691 igitur
1989 1651 2034 1682 sit
2067 1657 2189 1682 natura

1184 1690 1300 1729 Filius,
1325 1698 1376 1722 est
1404 1693 1446 1723 de
1470 1693 1660 1724 substantia
1683 1694 1810 1724 aeterni
1836 1693 1958 1725 Patris.
1999 1694 2061 1725 Est
2086 1695 2188 1737 igitur

1184 1734 1292 1773 Deus,
1317 1746 1357 1767 ac
1382 1737 1626 1768 tenendasunt
1651 1735 1913 1779 appellationum
1938 1738 2142 1770 discrimina.

1274 1813 1400 1845 Crcare
1440 1815 1613 1846 nominant
1647 1814 1736 1847 aliud
1772 1826 1812 1847 ex
1847 1815 1950 1847 nihilo
1985 1815 2116 1855 facere,
2151 1823 2187 1849 ut

1183 1857 1278 1889 Deus
1315 1856 1447 1890 coelum
1483 1865 1514 1890 et
1551 1866 1674 1890 terram
1701 1870 1743 1891 ex
1771 1858 1873 1891 nihilo
1904 1860 1993 1892 fecit.
2038 1860 2107 1893 Sed
2129 1860 2186 1892 Gi-

1183 1912 1289 1946 gnere
1313 1909 1364 1933 est
1387 1901 1488 1934 alium
1512 1903 1554 1934 de
1578 1913 1641 1934 sua
1664 1904 1854 1935 substantia
1877 1905 2027 1946 gignere.

1270 1980 1331 2012 Est
1362 1981 1462 2023 igitur
1491 1980 1598 2013 forma
1621 1981 1781 2024 loquendi
1812 1983 1935 2014 usitata
1959 1983 1991 2014 in
2015 1981 2185 2023 Ecclesia,

1182 2023 1287 2056 Filius
1322 2026 1454 2067 genitus
1491 2032 1541 2057 est
1574 2027 1616 2057 de
1649 2028 1841 2058 substantia
1872 2026 2001 2065 Patris,
2035 2028 2123 2059 sicut
2151 2028 2185 2059 in

1181 2069 1345 2111 Symbolo
1371 2070 1507 2101 dicitur:
1534 2069 1629 2101 Deus
1654 2071 1695 2101 de
1720 2069 1807 2108 Deo,
1822 2071 1950 2102 Lumen
1975 2072 2017 2103 de
2032 2071 2183 2110 Lumine,

1181 2119 1212 2144 et
1247 2112 1395 2144 Basilius
1430 2114 1551 2156 inquit:
1588 2114 1623 2145 Si
1655 2124 1721 2145 non
1758 2121 1849 2146 esset
1875 2114 1979 2146 Filius
2005 2115 2047 2146 de
2073 2115 2183 2147 Patris

1180 2158 1330 2189 essentia
1353 2158 1500 2200 genitus,
1513 2163 1628 2189 essent
1651 2158 1716 2189 hae
1738 2168 1908 2200 personae
1934 2159 2000 2203 duo
2023 2158 2182 2201 adelpha.

1267 2235 1330 2268 Hic
1355 2236 1453 2267 etiam
1476 2237 1621 2278 agitatur
1644 2237 1796 2279 quaestio
1821 2238 1862 2269 de
1885 2238 1986 2270 modo
2010 2236 2181 2280 loquendi,

1178 2289 1221 2311 an
1244 2288 1337 2312 recte
1362 2281 1509 2312 dicatur:
1545 2280 1704 2312 Essentia
1727 2288 1880 2323 generat,
1905 2282 2055 2314 essentia
2080 2292 2180 2323 gene-

1178 2330 1282 2363 ratur,
1316 2335 1358 2356 an
1395 2335 1476 2356 vero
1511 2330 1638 2356 tantum
1669 2326 1712 2356 sit
1746 2326 1797 2357 sic
1825 2325 2044 2368 loquendum:
2080 2326 2182 2357 Pater

1179 2374 1330 2410 generat,
1353 2366 1459 2400 filius
1483 2376 1675 2411 generatur.

1265 2455 1389 2487 Forma
1413 2455 1571 2498 loquendi
1597 2457 1703 2499 magis
1728 2456 1907 2498 perspicua
1933 2462 1996 2494 est,
2012 2462 2044 2488 et
2067 2457 2178 2490 minus

1176 2500 1264 2541 parit
1288 2501 1518 2539 certaminum,
1543 2502 1669 2532 dicere:
1696 2501 1795 2532 Pater
1819 2506 1972 2542 generat,
1992 2499 2096 2532 Filius
2121 2512 2179 2544 ge-

1177 2551 1325 2582 neratur,
1350 2555 1448 2586 quam
1472 2545 1602 2576 dicere:
1626 2544 1781 2576 Essentia
1804 2550 1956 2586 generat,
1980 2543 2035 2576 vel
2060 2556 2177 2577 essen·

1177 2589 1222 2619 tia
1252 2595 1446 2630 generatur.
1502 2587 1544 2621 Et
1577 2588 1720 2620 libenter
1754 2590 1958 2620 retineamus
1982 2590 2102 2621 modos
2127 2589 2177 2621 lo·

1176 2633 1300 2674 quendi
1335 2634 1498 2675 probatos
1532 2639 1614 2665 vero
1650 2642 1822 2664 consensu
1856 2634 2079 2673 eruditorum,
2115 2634 2177 2666 sed
