2383 2990
136 106 200 138 703

135 204 340 236 arbitrantur
364 202 534 235 Christum
556 203 602 234 ibi
627 202 859 233 convivantem
883 201 1018 232 dedisse
1042 201 1123 233 duo-

134 249 198 280 bus
230 246 296 279 illis
320 248 399 279 viris
424 247 678 279 Sacramentum
702 245 854 286 corporis
889 251 920 275 et
948 245 1122 287 sanguinis

135 293 197 324 sui.
243 290 283 322 Et
309 289 468 325 credibile
492 294 554 328 est,
579 287 765 331 Apostolos
790 288 915 330 passim
938 288 969 319 in
983 289 1123 320 aedibus

135 336 316 368 amicorum
352 335 570 366 concionatos
594 339 627 364 et
658 333 855 364 convivatos
887 341 976 370 esse,
1010 337 1043 363 et
1076 332 1123 363 ibi

135 379 345 411 distribuisse
370 377 626 409 Sacramentum
649 376 712 418 piis
736 376 956 407 auditoribus.
991 375 1122 407 Adsen-

775 105 887 137 PHtL.
902 105 1002 139 MEL.
1028 105 1218 138 SCRIPTA
1241 106 1523 140 DOGMATICA.

1147 222 1151 294 l

1147 303 1151 346 ι

134 424 252 454 tiannu·
275 423 375 464 igitur
399 420 491 462 loqui
516 426 641 451 textum
665 421 706 452 de
730 429 835 451 coena
871 418 1015 450 Domini.
1061 418 1121 450 Est
1148 426 1151 438 ¹

133 473 243 498 autem
276 465 397 496 usitata
421 463 664 507 Synecdoche,
699 461 925 505 appellatione
948 461 1122 494 fractionis

133 510 229 553 panis
265 514 368 539 totum
403 509 592 539 convivium
627 506 836 550 significare:
858 505 861 509 ’
883 504 1123 548 Complectitur

134 564 216 596 ergo
241 553 339 584 etiam
364 557 486 593 potum.
533 551 626 582 Haec
656 557 708 582 est
731 549 872 592 simplex
896 555 929 580 et
959 561 1039 582 vera
1072 560 1123 581 re·

134 597 283 639 sponsio.
330 594 504 627 Caeterum
529 604 677 637 pugnent
703 601 860 636 quantum
875 591 987 625 volent,
1006 594 1123 625 adver·

134 641 224 678 sarii,
260 645 371 671 tamen
404 638 489 670 haec
512 638 700 670 testimonia
724 648 791 669 non
816 639 1025 669 excusabunt
1048 648 1123 679 pro-

133 684 337 715 hibitionem.
383 682 458 713 Non
489 683 648 723 sequitur.
695 681 758 713 Hic
786 687 912 713 tantum
942 681 979 713 fit
1001 681 1123 712 mentio

133 728 240 769 panis,
264 726 354 769 Ergo
378 724 455 758 licet
473 725 643 757 Ecclesiae
662 725 840 767 prohibere
863 728 989 766 partem
1003 724 1124 756 Sacra-

133 771 250 803 menti.
288 776 406 802 contra
436 780 633 811 expressum
663 769 855 799 mandatum
880 769 970 810 quod
1003 767 1125 811 legitur

133 814 414 890 inffinfftitutione.
460 813 555 845 Hanc
579 813 854 854 consequentiam
878 812 1026 844 iudicare
1056 821 1125 843 non

133 859 164 889 di
192 859 233 890 ιο·
251 868 268 889 e
293 862 354 889 est.

222 944 333 976 Citant
356 950 388 976 et
413 942 477 975 alia
497 942 651 984 exempla
670 953 712 974 ex
724 942 884 980 historiis,
908 942 962 974 ubi
983 941 1019 973 fit
1036 951 1125 973 men—

136 990 179 1021 tio
205 988 327 1032 gestati
352 988 560 1019 sacramenti
584 987 617 1018 in
641 985 802 1018 calathis:
827 985 861 1017 ld
885 984 1071 1029 intelligunt
1084 986 1126 1017 de

135 1032 209 1064 solo
244 1041 340 1074 pane.
387 1031 455 1062 Sed
489 1030 656 1062 Eusebius
692 1036 724 1061 et
754 1029 977 1071 Hieronymus
1013 1036 1126 1061 osten-

135 1077 228 1114 dunt,
262 1081 437 1117 utramque
459 1080 587 1116 partem
611 1072 745 1106 solitam
769 1074 810 1105 ad
841 1079 999 1115 aegrotos
1033 1071 1125 1104 ferri.

134 1120 217 1152 Nam
246 1118 414 1150 Eusebius
437 1117 493 1149 lib.
517 1118 549 1149 6.
574 1118 689 1160 inquit.
747 1116 868 1148 Parum
893 1116 1126 1148 Eucharistiae

134 1173 250 1205 puero,
273 1163 329 1204 qui
351 1162 393 1193 ad
414 1172 451 1193 se
475 1167 624 1200 venerat,
649 1161 751 1199 dedit,
775 1161 863 1202 quod
887 1159 1031 1192 infusum
1060 1161 1127 1192 ius-

134 1208 176 1238 sit
200 1206 271 1238 seni
296 1206 460 1247 praeberi.
506 1205 569 1237 Hic
593 1205 690 1237 unius
708 1205 813 1246 partis
838 1205 1004 1236 mentione
1023 1209 1127 1235 totum

135 1251 387 1282 Sacramentum
423 1248 664 1291 complectitur.
720 1247 761 1279 Et
802 1247 1026 1290 Hieronymus
1068 1247 1127 1280 ali·

135 1300 259 1337 quanto
284 1292 407 1325 clarius
428 1293 503 1324 dicit
529 1293 572 1325 ad
591 1292 811 1334 Exuperium:
836 1291 925 1323 Nihil
944 1290 1002 1323 illo
1017 1291 1127 1330 ditius,

135 1339 191 1381 qui
214 1348 336 1378 corpus
360 1336 495 1368 Domini
517 1337 550 1368 in
574 1337 720 1367 canistro
744 1336 906 1375 vimineo,
931 1336 1127 1377 sanguinem

135 1387 244 1424 portat
272 1382 304 1413 in
340 1381 437 1412 vitro.
484 1379 541 1412 Sic
564 1378 769 1422 intelligendi
794 1386 870 1411 sunt
902 1377 1027 1410 similes
1051 1377 1127 1417 loci,

135 1426 190 1457 ubi
214 1426 256 1457 de
280 1425 467 1468 gestatione
489 1424 526 1455 fit
548 1425 691 1462 mentio,
724 1423 788 1455 nisi
822 1433 902 1465 pars
936 1421 1041 1454 altera
1072 1432 1128 1454 ex—

135 1479 254 1511 presse
277 1467 520 1500 excluderetur.
556 1467 723 1500 Historiae
746 1467 829 1498 satis
852 1465 997 1499 dilucide
1015 1471 1128 1498 osten-

137 1513 236 1551 dunt,
272 1511 377 1545 fuisse
401 1511 569 1554 publicum
599 1517 633 1544 et
657 1520 865 1543 communem
889 1521 985 1542 usum
1008 1510 1129 1552 integri

137 1556 356 1588 Sacramenti.
415 1555 492 1587 ldeo
528 1556 675 1587 obscura
709 1552 861 1596 exempla
896 1555 968 1585 eius
1007 1554 1127 1585 aetatis

137 1600 227 1631 iuxta
264 1599 434 1642 publicum
467 1601 565 1631 ritum
588 1598 783 1639 accipienda
806 1603 895 1629 sunt.
940 1596 981 1628 Et
1012 1598 1129 1639 siqua

137 1650 251 1675 essent
274 1644 442 1675 contraria
466 1641 630 1685 exempla,
655 1648 766 1674 tamen
789 1640 1129 1683 prohibitionemnon

137 1694 309 1720 excusant.

466 1872 559 1912 Alia
595 1869 794 1912 Obiectio.

226 1991 379 2033 inpane
402 1991 499 2022 datur
529 1990 641 2021 vivum
670 1999 811 2030 corpus:
848 1988 952 2031 lgitur
990 1988 1128 2030 sanguis

140 2033 236 2067 simul
259 2035 366 2067 datur.
412 2034 511 2070 Quod
536 2044 608 2065 cum
634 2033 679 2064 ita
704 2033 765 2071 sit,
795 2032 876 2063 satis
902 2038 953 2063 est
978 2033 1130 2073 accipere

140 2090 237 2110 unam
261 2083 399 2130 partem,
422 2077 499 2120 quia
523 2078 563 2108 de
587 2074 875 2118 aequivalentibus
900 2086 966 2107 non
986 2082 1037 2107 est
1051 2085 1130 2107 con-

141 2129 305 2155 troversia
330 2122 511 2153 movenda:
534 2120 577 2152 Ut
603 2131 675 2151 cuin
691 2118 844 2161 Apostoli
871 2120 1078 2161 baptizantes
1098 2119 1130 2149 in

140 2167 273 2198 nomine
308 2163 443 2203 Christi,
478 2163 636 2196 volebant
668 2170 776 2195 tamen
801 2163 933 2194 nomine
956 2162 1046 2201 Filii,
1081 2162 1130 2193 lu-

141 2210 246 2242 daeos
270 2209 312 2241 de
335 2214 431 2250 patre
444 2208 637 2245 admonere,
662 2212 694 2238 et
706 2208 842 2238 nomine
854 2206 1012 2245 Messiae,
1031 2206 1131 2248 signi·

140 2253 254 2292 ficare,
279 2252 369 2295 quod
394 2253 532 2284 daturus
557 2256 648 2283 esset
672 2250 830 2292 Spiritum
854 2255 1018 2282 sanctum.
1063 2249 1131 2281 Cur

140 2297 181 2328 de
204 2295 487 2339 appellationibus
511 2296 735 2333 dimicaretur,
758 2305 833 2325 cunt
855 2304 925 2325 rem
948 2293 1056 2335 ipsam
1079 2303 1131 2323 sa-

141 2342 183 2372 tis
209 2338 403 2372 declarent?
449 2338 497 2370 lta
519 2339 552 2370 in
577 2338 642 2370 hoc
666 2337 906 2376 Sacramento,
927 2347 987 2369 cur
1011 2337 1052 2368 de
1076 2346 1131 2367 ex-

142 2391 238 2416 terno
261 2381 384 2426 poculo
408 2381 567 2426 litigatur,
591 2382 619 2414 si
642 2383 675 2413 in
698 2391 786 2424 pane
805 2390 928 2423 corpus
947 2386 980 2412 et
992 2380 1131 2422 sanguis

141 2427 365 2460 exhibentur?

230 2513 323 2546 naec
346 2514 491 2546 obiectio
514 2518 647 2555 sumpta
670 2518 722 2544 est
750 2523 791 2544 ex
815 2510 947 2554 vulgari
978 2510 1066 2542 dicto
1091 2510 1132 2542 de

144 2558 410 2596 concomitantia,
435 2563 470 2589 ut
493 2562 628 2588 vocant.
661 2554 742 2588 Dixi
765 2561 876 2588 autem
897 2560 997 2586 antea
1018 2553 1134 2586 huma-

144 2612 206 2634 nas
228 2601 424 2634 traditiones
445 2601 572 2633 habere
595 2600 741 2642 speciem
765 2599 958 2641 sapientiae.
993 2596 1057 2630 Tot
1069 2598 1133 2630 iam

2101 111 2167 145 704

1176 200 1303 234 seculis
1337 203 1510 245 quaesitae
1545 210 1623 235 sunt
1653 205 1893 237 excusationes
1928 207 2006 238 novi
2041 207 2165 239 moris:

1175 244 1253 277 ldeo
1272 256 1340 277 non
1363 246 1481 278 mirum
1500 253 1553 278 est
1576 245 1677 278 multa
1701 246 1796 280 vafre
1819 250 2010 293 excogitata
2033 260 2121 283 esse.

1264 331 1520 374 Respondemus
1543 333 1643 374 igitur
1665 333 1831 364 breviter:
1855 332 1997 375 Propter
2018 337 2083 367 has
2106 337 2166 368 hu-

1174 385 1290 407 manas
1326 376 1547 417 cogitationes
1580 386 1648 408 non
1679 375 1871 408 violandum
1895 383 1947 408 est
1976 379 2166 412 mandatum

1176 418 1252 457 Dei,
1278 418 1349 450 vult
1369 419 1454 450 enim
1475 418 1568 450 Deus
1592 420 1809 451 ministerium
1833 422 2039 453 conservari.
2099 421 2161 455 Po-

1176 468 1243 493 test
1268 462 1362 494 Deus
1393 463 1467 494 sine
1486 473 1573 505 aqua
1607 464 1775 505 impertire
1806 462 1965 505 Spiritum
2000 471 2165 505 sanctum,

1176 506 1236 537 sed
1260 512 1370 537 tamen
1403 505 1473 538 vult
1499 506 1649 538 adhiberi
1683 512 1855 538 externum
1884 508 2026 549 signum.
2072 508 2166 541 Deus

1175 550 1388 581 innotescere
1422 549 1494 582 vult
1528 561 1588 592 per
1611 551 1749 582 verbum
1779 560 1888 589 suum,
1924 557 1957 582 et
1990 553 2088 594 signa
2124 553 2165 585 ab

1176 594 1250 635 ipso
1276 594 1438 631 instituta,
1473 603 1540 624 non
1565 592 1635 625 vult
1658 604 1722 624 nos
1746 604 1835 625 nova
1858 594 1956 635 signa
1978 595 2165 635 instituere,

1177 643 1213 668 ut
1248 636 1395 676 Gentes,
1430 637 1605 678 Papistae‚
1639 637 1797 669 Monachi
1830 637 2045 670 instituerunt
2078 649 2167 671 nova

1178 681 1286 722 signa,
1313 681 1492 712 currebant
1515 681 1556 712 ad
1581 687 1693 712 certas
1718 687 1866 719 statuaS,
1897 682 1940 713 ad
1962 681 2026 713 has
2049 681 2166 725 alliga-

1178 724 1257 755 bant
1269 723 1377 755 Deum
1402 734 1464 756 sua
1487 725 1718 765 persuasione.
1751 723 1846 756 Hanc
1869 725 2071 767 impietatem
2093 736 2166 758 sae·

1178 768 1315 809 pissime
1338 774 1451 799 taxant
1476 767 1677 810 Prophetae,
1701 766 1870 807 Christus,
1889 775 1921 799 et
1945 768 2114 810 Apostoli,
2137 775 2171 801 et

1177 810 1293 843 volunt
1317 821 1380 842 nos
1403 811 1511 843 Deum
1534 812 1626 843 iuxta
1650 812 1787 843 verbnm
1811 818 1843 843 et
1878 812 1973 854 signa
1997 813 2097 844 nobis
2126 813 2169 845 ab

1178 855 1251 897 ipso
1275 855 1395 886 tradita
1420 855 1682 897 apprehendere.
1730 854 1808 886 meo
1836 856 2052 887 ministerium
2074 855 2169 888 Deus

1178 899 1209 929 in
1229 897 1383 931 Ecclesia
1407 905 1439 929 et
1463 899 1614 937 instituit,
1637 904 1670 930 et
1693 897 1763 930 vult
1781 899 1989 938 conservari,
2014 910 2078 931 nec
2096 909 2170 941 per-

1178 943 1291 980 mittit,
1319 948 1355 973 ut
1378 948 1521 973 mutetur
1553 941 1698 973 humano
1721 943 1870 973 arbitrio.
1917 942 2030 978 Quare
2060 948 2092 974 et
2115 942 2171 975 hic

1179 987 1222 1017 ita
1261 986 1470 1017 sentiendum
1508 991 1575 1016 est:
1618 984 1733 1016 Voluit
1768 985 1862 1018 Deus
1904 987 2059 1018 distincta
2093 995 2171 1018 esse

1180 1028 1343 1072 Symbola
1368 1032 1520 1070 corporis
1545 1034 1577 1060 et
1607 1029 1798 1071 sauguinis,
1831 1036 1865 1060 ut
1899 1028 1965 1061 fusi
1995 1030 2169 1072 sanguinis

1179 1073 1369 1105 recordatio
1398 1072 1601 1111 celebretur,
1637 1073 1715 1104 ldeo
1753 1072 1953 1104 retineamus
1987 1084 2113 1105 morem
2150 1083 2172 1105 a

1179 1116 1314 1149 Christo
1340 1117 1536 1155 institutum,
1559 1123 1591 1148 et
1615 1117 1761 1147 sciamus
1774 1115 1944 1148 Christum
1961 1117 2084 1149 adesse
2106 1126 2170 1149 suo

1179 1161 1380 1199 ministerio,
1404 1166 1435 1191 et
1459 1170 1518 1202 per
1540 1159 1573 1191 id
1596 1158 1770 1192 efficacem
1793 1169 1882 1192 esse.

1267 1247 1340 1279 Nec
1362 1245 1445 1278 nihil
1475 1246 1639 1289 significat
1664 1247 1749 1278 haec
1778 1256 1868 1278 nova
1891 1246 2070 1288 prohibitio
2093 1244 2170 1278 cali-

1181 1293 1247 1323 cis:
1271 1291 1355 1323 Nam
1378 1291 1464 1322 sicut
1485 1289 1725 1332 prohibuerunt
1739 1289 1921 1322 Pontifices
1941 1290 2012 1321 dari
2031 1288 2170 1321 calicem

1180 1334 1318 1377 populo,
1353 1335 1398 1365 ita
1433 1334 1629 1365 deleverunt
1666 1334 1852 1365 doctrinam
1876 1343 1989 1365 veram
2024 1333 2065 1364 de
2095 1343 2172 1364 san—

1181 1379 1282 1421 guine
1312 1377 1456 1417 Christi,
1487 1376 1643 1409 abluente
1666 1383 1806 1419 peccata
1829 1377 2017 1414 hominum,
2049 1376 2091 1407 de
2121 1386 2171 1407 re·

1180 1423 1341 1454 missione
1364 1427 1590 1462 peccatorum,
1616 1426 1648 1452 et
1671 1420 1712 1451 «le
1736 1420 1808 1451 iide-
1842 1419 1883 1450 Hi
1904 1420 2069 1451 debebant
2093 1428 2171 1450 esse

1182 1465 1320 1497 effectus
1345 1465 1511 1496 distributi
1534 1462 1662 1496 calicis.
1695 1463 1738 1494 Ut
1763 1468 1872 1494 autem
1895 1463 1929 1494 hi
1953 1462 2093 1494 effectus
2116 1462 2171 1493 de-

1180 1508 1239 1541 leti
1262 1515 1351 1548 sunt,
1374 1509 1418 1541 ita
1444 1514 1476 1540 et
1499 1508 1688 1540 ceremonia
1710 1513 1836 1539 mutata
1858 1512 1920 1537 est.

1269 1594 1375 1627 Multa
1398 1596 1462 1626 dici
1486 1601 1629 1635 possunt
1653 1595 1694 1625 de
1717 1592 1849 1636 wilgari
1872 1592 2109 1635 persuasione,
2132 1592 2174 1624 de

1183 1639 1456 1671 concomitantia:
1486 1638 1569 1669 Nam
1600 1635 1860 1669 Sacramentalis
1892 1635 2083 1668 coniunctio
2114 1634 2173 1668 ha-

1182 1684 1238 1714 bet
1261 1694 1357 1714 sunm
1382 1683 1526 1720 modum,
1551 1681 1670 1722 positis
1695 1679 1858 1723 symbolis
1883 1679 1979 1711 adest
2004 1677 2172 1718 Christus,

1183 1733 1213 1758 et
1238 1733 1291 1758 est
1315 1724 1456 1762 efficax,
1492 1725 1569 1767 quia
1592 1724 1808 1756 ministerium
1840 1724 1891 1754 sic
1913 1723 2099 1754 ordinatum
2121 1727 2174 1754 est

1183 1770 1351 1802 divinitus.
1397 1769 1468 1801 Nec
1500 1768 1737 1800 discedendum
1760 1773 1811 1798 est
1844 1778 1864 1798 a
1886 1766 2059 1798 ministerii
2081 1765 2173 1798 insti-

1181 1815 1307 1846 tutione
1330 1819 1467 1855 propter
1490 1812 1652 1844 humanas
1673 1811 1903 1854 cogitationes.

1516 1978 1611 2020 Alia
1645 1977 1843 2020 Obiectio.

1271 2072 1361 2105 Utile
1391 2079 1443 2105 est
1473 2072 1651 2103 discrimen
1683 2071 1768 2102 inter
1797 2069 2023 2112 Presbyter-os
2047 2075 2079 2100 et
2101 2067 2177 2100 Lai-

1185 2128 1244 2149 cos
1270 2117 1410 2148 ostendi.
1457 2115 1562 2146 Huius
1597 2114 1807 2146 ceremoniae
1836 2111 2067 2144 dissimilitudo
2097 2111 2178 2143 iacit

1186 2161 1381 2192 discrimen:
1410 2158 1502 2201 Ergo
1527 2157 1680 2189 Ecclesia
1706 2158 1837 2189 videtur
1859 2154 2023 2197 probabili
2047 2156 2177 2187 ratione

1185 2204 1273 2236 hanc
1298 2202 1599 2236 dissimilitudinem
1613 2201 1806 2233 instituisse.

1273 2290 1302 2321 Ο
1339 2289 1545 2332 singularem
1579 2287 1825 2330 impudentiam.
1882 2286 2014 2318 Scimus
2050 2283 2176 2317 multos

1185 2335 1369 2376 scriptores
1394 2334 1484 2364 serio
1501 2331 1587 2363 hanc
1608 2341 1743 2364 causam
1757 2329 1904 2372 allegare
1921 2330 1954 2361 in
1967 2327 2179 2361 defendenda

1185 2379 1251 2410 hac
1275 2377 1513 2419 prohibitione:
1549 2375 1590 2407 Ut
1629 2373 1831 2416 aiiiplificent
1855 2374 2047 2416 dignitatem
2065 2381 2177 2404 sacer-

1186 2422 1312 2460 dotum,
1336 2421 1449 2453 dicunt
1472 2419 1524 2451 his
1549 2418 1802 2461 relinquendum
1826 2427 1902 2449 esse
1925 2418 2092 2459 integrum
2116 2415 2177 2447 Sa-

1186 2471 1404 2503 cramentum,
1427 2463 1521 2495 laicis
1535 2473 1616 2494 vero
1639 2468 1766 2493 tantum
1785 2466 1911 2503 partem
1934 2461 2078 2492 tandam.
2109 2458 2176 2490 Sed

1186 2509 1271 2541 haec
1293 2508 1470 2540 temeraria
1499 2507 1675 2547 persuasio
1699 2505 1822 2536 acriter
1845 2503 2122 2545 reprehendenda
2144 2507 2177 2534 et

1188 2551 1366 2584 refutanda
1385 2548 1449 2582 esu
1492 2549 1553 2582 Est
1576 2549 1666 2581 aliud
1690 2549 1868 2580 discrimen
1891 2548 1977 2579 inter
2001 2546 2175 2578 ministros

1188 2602 1221 2628 et
1243 2595 1383 2633 Laieos,
1415 2594 1506 2637 quod
1536 2593 1590 2626 hic
1613 2594 1744 2635 integre
1767 2590 1926 2634 explicari
1955 2601 2023 2622 non
2053 2595 2176 2632 potest.
