2383 2990
171 114 215 146 99
792 112 906 143 PHlL.
929 111 1032 144 MEL.
1056 110 1245 144 SCRIPTA
1262 111 1552 158 DQGMATIGA.5

259 207 375 251 Cyrilli
408 207 509 251 longa
543 213 593 239 est
623 206 891 238 conu11en1o⁴1·atio
926 207 959 238 in
989 205 1151 238 Thesauri

171 251 255 283 libro
282 253 332 282 1⁵2.
372 250 536 283 Mediator
558 250 621 282 Dei
641 256 673 281 et
692 250 858 281 hominum
881 249 974 281 lesus
999 249 1150 281 Christus

171 302 232 333 est,
255 305 321 326 non
345 294 452 325 solum
476 294 551 335 quia
577 291 801 324 reconciliavit
817 292 968 324 homines
980 292 1066 331 Deo,
1091 294 1152 325 sed

171 338 280 375 etiam,
305 338 380 379 quia
401 335 594 368 naturaliter
618 343 648 367 et
673 336 935 367 substantialiter
958 342 989 367 et
1002 336 1095 368 Deus
1120 342 1153 368 et

171 380 270 411 homo
296 388 346 411 est
370 381 402 410 in
422 390 486 410 una
509 379 694 421 hypostasi.
730 379 823 417 ltem,
847 379 907 410 Est
930 386 1041 411 autem
1061 379 1153 411 Chri-

171 430 244 454 stus
277 422 442 454 Mediator
464 422 527 453 Dei
563 428 594 453 et
623 422 807 461 hominum,
842 423 919 465 quia
952 423 985 453 111
1016 433 1056 454 00
1087 433 1153 454 11110

171 466 264 497 Deus
289 473 319 496 et.
342 464 440 497 homo
465 466 721 507 coniunguntur.

255 550 472 581 Ambrosius:
498 549 540 581 Ut
551 549 715 581 Mediator
726 550 790 581 Dei
815 557 845 582 et
868 550 1035 582 hominum
1051 556 1154 588 esset,

171 595 269 624 homo
294 592 446 624 Christus
470 593 581 631 lesus,
610 604 677 624 non
706 595 777 624 sine
802 595 987 633 divinitate,
1017 594 1094 636 quia
1122 594 1154 624 in

170 636 245 667 Deo
269 636 368 667 homo
393 642 474 675 erat,
500 643 530 667 et
549 636 642 668 Deus
666 637 697 667 in
722 636 866 675 homine,
890 643 925 668 ut
949 648 990 668 ex
1012 644 1153 678 utroque

171 685 261 710 esset
284 679 457 711 Mediator.
891 678 894 680 ’

258 755 315 787 Sic
339 755 543 797 Epiphanius
568 762 599 787 et
612 756 834 798 Hieronymus
858 756 1048 798 loquuntur.
1083 756 1155 788 Nec

171 798 222 830 his
258 799 402 840 antiquis
432 800 626 830 testimoniis
663 798 866 831 anteferatur
898 799 1081 831 mutilatum
1109 801 1154 831 di-

172 847 260 873 ctum
289 843 321 872 in
351 842 576 884 Longobardo
608 843 817 873 distinctione
850 842 898 874 19.
930 841 1015 873 libro
1045 843 1153 881 tertio,

171 885 260 926 quod
283 895 323 916 ex
341 885 527 927 Augustino
551 886 678 924 citatur,
700 886 788 927 quod
811 886 867 924 ait,
891 884 1058 916 Christum
1077 896 1155 917 esse

170 927 227 959 Me
243 929 388 959 tiatorem
413 929 597 959 secundum
615 928 863 966 humanitatem,
886 939 952 959 non
972 929 1156 960 secundum

172 971 384 1002 divinitatem.
433 970 475 1002 Et
503 978 614 1002 tamen
647 971 680 1001 in
715 971 832 1002 eodem
866 970 944 1003 loco
974 972 1155 1013 pugnantia

172 1025 248 1045 mox
283 1015 442 1052 citantur,
475 1015 563 1045 unde
592 1020 667 1044 nata
697 1019 749 1044 est
782 1015 888 1045 otiosa
919 1015 1085 1046 distinctio
1116 1015 1157 1046 de

170 1056 282 1088 Medio
302 1063 335 1088 et
358 1056 551 1088 Mediatore.
598 1057 624 1087 F
627 1062 758 1088 atentur
781 1056 949 1088 Christum
973 1058 1156 1089 secundum

170 1106 346 1141 utramque
374 1106 526 1131 naturam
554 1100 696 1131 medium
724 1110 816 1138 esse,
851 1101 911 1131 sed
939 1099 1157 1132 Mediatorem

173 1144 352 1174 secundum
378 1143 563 1173 humanam.
609 1141 823 1174 Manifestum
847 1150 898 1174 est
927 1149 1056 1178 autem,
1079 1144 1155 1174 ideo

172 1186 293 1217 dictum
316 1184 394 1216 illud
417 1184 625 1217 insufficiens
649 1196 742 1224 esse,
769 1187 846 1227 quia
865 1192 992 1217 tantum
1016 1187 1057 1217 de
1080 1197 1156 1228 pas—

172 1229 266 1259 sione
284 1227 441 1270 loquitur,
465 1239 532 1259 non
552 1229 593 1259 de
606 1228 755 1266 victoria,
774 1239 841 1259 non
861 1230 902 1259 de
913 1230 1156 1260 intercessione

171 1278 351 1312 perpetua,
382 1282 467 1313 quae
490 1272 526 1301 fit
551 1282 663 1302 coram
687 1271 805 1310 Patre,
834 1283 901 1303 non
925 1272 966 1303 de
995 1279 1157 1314 perpetua

173 1315 426 1346 conservatione
448 1313 632 1346 Ecclesiae.

258 1392 329 1424 Nec
353 1393 476 1423 dictum
498 1392 531 1423 in
549 1390 701 1432 Epistola
723 1392 766 1422 ad
783 1390 989 1423 Timotheum
1012 1391 1158 1423 excludit.

173 1433 315 1467 dirinam
345 1441 512 1473 naturam,
547 1435 623 1476 quia
651 1436 800 1466 nominat
833 1445 1030 1476 personam:
1063 1434 1159 1466 Unus

172 1478 336 1511 Mediator
362 1478 428 1510 Dei
462 1483 494 1509 et
522 1477 710 1516 hominum,
740 1478 847 1509 Homo
871 1478 1024 1509 Christus
1053 1478 1158 1509 lesus.

174 1521 328 1553 Christus
353 1527 461 1552 autem
490 1526 542 1552 est
571 1531 692 1551 nomen
716 1531 900 1561 personae,
930 1521 963 1552 in
987 1531 1053 1562 qua
1083 1526 1161 1552 sunt

176 1566 261 1597 duae
284 1570 433 1602 naturae,
458 1565 555 1606 quasi
579 1564 681 1595 dicat:
714 1564 776 1595 Hic
799 1565 898 1595 homo
923 1563 1077 1595 Christus
1107 1569 1160 1595 est

176 1608 354 1646 Mediator,
377 1618 444 1639 non
467 1606 524 1637 alii
546 1606 716 1646 homines,
746 1606 919 1639 Abraham
941 1613 998 1638 aut
1021 1606 1160 1645 Moises,

176 1652 217 1683 de
236 1662 301 1693 quo
325 1651 423 1682 etiam
446 1651 606 1691 scriptum
635 1655 687 1682 est
710 1650 810 1681 Deut.
837 1651 867 1681 5.
913 1649 986 1692 Ego
1015 1651 1091 1680 steti
1114 1650 1161 1680 in-

175 1700 226 1726 ter
255 1694 364 1725 Deum
393 1700 425 1725 et
454 1704 517 1725 vos
547 1699 609 1724 etc.
656 1693 723 1724 Sed
751 1692 804 1724 hic
833 1693 957 1730 unicus,
986 1691 1072 1724 filius
1096 1692 1162 1723 Dei

178 1744 229 1769 est
263 1737 442 1775 Mediator,
479 1737 555 1778 quia
584 1735 639 1767 hic
665 1742 839 1777 assumpta
866 1743 983 1767 natura
1018 1735 1162 1767 humana

177 1786 228 1812 est
261 1781 466 1822 propitiator.
510 1779 586 1810 Non
616 1779 717 1821 igitur
747 1780 823 1810 inde
853 1780 1019 1821 sequitlu',
1053 1778 1161 1810 solam

178 1830 327 1855 naturam
349 1823 526 1861 humanam
549 1823 772 1854 mediatricem
796 1833 882 1854 esse.

265 1901 342 1932 ideo
367 1907 397 1931 et
418 1901 645 1931 enarrationes
669 1905 816 1931 veterum
840 1905 991 1938 monent,
1014 1908 1081 1930 non
1107 1908 1161 1929 ex-

180 1944 267 1975 cludi
298 1945 440 1975 divinam
473 1950 635 1974 naturam.
687 1943 738 1974 Ac
771 1943 889 1981 miror,
925 1952 1008 1984 quas
1040 1952 1161 1972 causas

179 1997 254 2018 esse
279 1988 436 2029 cogitent,
460 1997 519 2017 cur
542 1987 627 2018 duae
650 1992 787 2017 naturae
810 1986 920 2016 unitae
937 1986 1013 2022 sint,
1038 1986 1092 2026 qui
1109 1995 1162 2015 so-

178 2029 244 2061 lam
266 2029 443 2061 humanam
465 2035 617 2060 naturam
631 2030 833 2060 contendunt
846 2039 922 2059 csse
936 2027 1163 2059 Mediatricem

179 2079 212 2104 et
236 2072 515 2114 Redemptricem,
541 2079 632 2104 certo
656 2083 723 2103 non
746 2070 871 2103 frustra
894 2069 981 2102 facta
1006 2077 1057 2102 est
1079 2070 1164 2101 haec

181 2115 357 2157 copulatio,
402 2116 474 2147 Nec
502 2113 626 2147 frustra
650 2116 771 2147 dictum
801 2120 868 2146 est:
904 2114 961 2145 Sic
992 2113 1086 2145 Deus
1118 2114 1163 2145 di-

180 2158 260 2190 lexit
283 2159 454 2197 mundum,
485 2164 521 2190 ut
543 2157 660 2190 Filium
689 2158 894 2200 unigenitum
923 2157 1027 2188 daret.
1072 2156 1163 2195 Item,

183 2201 244 2236 Qui
263 2208 400 2243 propter
422 2212 486 2232 nos
501 2201 664 2241 homines,
688 2207 720 2233 et
744 2206 881 2242 propter
904 2206 1053 2231 nostram
1076 2199 1166 2231 salu-

181 2250 247 2276 tem
266 2245 439 2276 descendit
457 2245 498 2276 de
521 2243 637 2277 coelis.

268 2323 302 2353 In
316 2321 470 2353 Stancari
493 2322 618 2362 scripto
641 2321 803 2363 quaedam
827 2321 925 2352 etiam
948 2321 988 2351 de
1011 2319 1166 2350 iustifica-

184 2364 273 2395 tione
295 2366 500 2403 inseruntur,
535 2365 589 2395 nbi
623 2370 733 2395 tamen
764 2375 830 2395 non
855 2364 1015 2395 recitatur
1038 2363 1167 2404 integra

185 2407 334 2438 doctrina
368 2408 409 2438 de
443 2418 481 2438 eo
516 2406 666 2439 articulo.
722 2407 828 2438 Nobis
863 2412 973 2438 autern
1012 2417 1168 2448 magnum

186 2451 328 2488 crimen,
362 2451 421 2481 sed
455 2449 542 2482 falso
572 2451 702 2489 obiicit,
734 2451 790 2481 Ait
814 2456 961 2481 nostram
985 2449 1168 2480 doctrinam

187 2502 227 2523 ex
250 2492 429 2534 pelagiana
449 2499 631 2525 extructam
654 2504 740 2525 esse.
786 2493 906 2524 Extant
929 2491 1168 2524 Confessiones

188 2537 432 2567 consentientes
454 2536 628 2569 multarum
650 2535 878 2567 Ecclesiarum
908 2541 1096 2566 nostrarum
1127 2536 1169 2566 de

187 2579 374 2620 praecipuis
408 2578 584 2617 Articulis,
614 2590 698 2620 quas
728 2590 795 2611 non
820 2579 932 2611 dubito
958 2589 1054 2610 veras
1081 2588 1167 2609 esse.

2126 111 2191 145 100

1203 209 1276 249 Ipse
1299 206 1377 249 quid
1397 206 1527 244 sentiat,
1553 211 1586 237 et
1605 204 1700 237 cuius
1723 204 1898 237 Ecclesiae
1922 205 2005 236 civis
2029 205 2083 244 sit,
2106 216 2189 237 non-

1205 252 1281 281 dum
1305 250 1439 281 scimus.
1476 249 1507 280 Si
1531 247 1672 290 publicis
1692 249 1822 290 scriptis
1843 249 2048 290 oppugnabit
2071 249 2190 280 doctri-

1203 304 1280 324 nam
1303 291 1528 324 Ecclesiarum
1551 297 1752 329 nostrarum,
1777 301 1843 322 non
1868 292 2005 322 deerunt
2029 292 2084 333 qui
2106 292 2190 323 veri-

1203 342 1303 367 tatem
1327 336 1411 367 tueri
1434 336 1626 373 studebunt,
1648 344 1711 365 nec
1734 334 1989 365 deterrebantur
2002 334 2071 366 eius
2088 333 2189 366 male-

1205 379 1359 410 dicentia.
2038 384 2055 403 θ

1292 472 1385 503 Haec
1408 472 1529 513 scripsi
1550 481 1626 503 meo
1649 471 1791 502 nomine.
1821 470 1906 501 Nam
1929 469 2002 502 aliis
2026 470 2193 503 attrahere

1206 515 1386 546 certamina
1410 526 1484 546 cum
1503 514 1636 546 homine
1658 513 1822 545 maledico
1845 524 1913 544 non
1935 513 2035 545 volui.
2082 513 2193 546 Causa

1205 558 1291 589 haec
1314 556 1520 598 amplissima
1545 563 1614 596 est,
1639 562 1671 588 et
1693 555 1814 588 multas
1844 557 2061 598 gravissimas
2081 557 2193 597 dispu-

1206 601 1349 632 tationes
1370 601 1526 638 continet,
1549 611 1687 642 quarum
1707 599 1883 641 explicatio
1906 598 2051 631 illustrat
2070 600 2193 631 doctri-

1206 653 1281 674 nam
1294 644 1336 674 de
1348 642 1431 674 Filio
1444 643 1519 677 Dei,
1543 650 1576 674 et
1588 642 1674 674 utilis
1693 648 1743 673 est
1756 643 1798 673 ad
1810 642 2081 684 :consolationem
2101 648 2133 674 et
2149 643 2193 674 ad

1206 686 1462 718 invocationem.
1493 685 1591 717 Nunc
1615 692 1723 717 autem
1743 684 1790 716 fui
1807 687 1952 723 brevior,
1976 691 2009 716 et
2030 685 2193 726 quaedam

1207 730 1372 770 praeterii,
1397 729 1473 770 quia
1492 729 1589 760 video
1614 729 1776 770 quosdam
1798 730 1944 771 undique
1967 728 2115 768 arripere
2140 738 2194 759 ca-

1206 771 1387 803 lumniandi
1417 772 1639 803 occasionem.
1694 771 1766 802 Nec
1796 781 1877 803 vero
1908 770 2042 813 defugio
2073 771 2193 802 iudicia

1206 813 1454 853 Ecclesiarum,
1486 821 1518 845 et
1547 815 1689 845 maxime
1721 814 1862 855 optarim
1895 815 1936 845 (le
1959 812 2069 845 multis
2092 814 2194 845 rebus

1208 856 1355 899 colloqui
1377 867 1430 889 me
1452 867 1554 898 posse
1567 868 1641 888 011111
1664 855 1814 898 pluribus
1832 857 1912 889 viris
1933 858 2040 888 doctis
2064 862 2097 887 et
2117 857 2193 897 piis,

1207 901 1263 942 qui
1285 902 1358 932 sine
1380 901 1562 932 acerbitate
1584 901 1766 932 animorum
1790 900 1970 932 sententias
1991 898 2193 931 conferrent.

1295 993 1443 1025 Subiicio
1465 994 1565 1035 igitur
1587 999 1619 1025 et
1641 994 1826 1034 meipsum,
1850 999 1883 1025 et
1900 993 2009 1025 omnia
2023 1002 2096 1024 mea
2113 993 2196 1024 scri-

1207 1042 1281 1077 pta,
1313 1044 1346 1068 et
1372 1036 1462 1067 hanc
1491 1037 1597 1077 ipsam
1626 1037 1877 1077 responsionem
1906 1036 2026 1067 iudicio
2050 1035 2195 1067 omnium

1207 1079 1455 1118 Ecclesiaruin,
1484 1090 1569 1120 quae
1592 1079 1822 1120 Augustanam
1852 1079 2097 1110 confessionem
2128 1088 2196 1110 am-

1207 1121 1415 1163 plectuntur,
1445 1128 1478 1153 et
1501 1133 1561 1153 oro
1591 1121 1708 1153 Filium
1736 1121 1812 1159 Dei,
1841 1121 2019 1153 Dominum
2044 1127 2196 1153 nostrum

1209 1166 1317 1197 lesum
1341 1164 1520 1202 Christum,
1542 1164 1653 1196 Deum
1676 1170 1709 1195 et
1731 1164 1908 1203 hominem,
1933 1165 1998 1206 qui
2010 1165 2104 1196 dixit:
2128 1164 2196 1196 Ve-

1208 1209 1277 1239 nite
1301 1208 1343 1239 ad
1366 1218 1418 1238 me
1443 1217 1578 1245 omneS,
1608 1207 1662 1250 qui
1691 1206 1850 1239 laboratis
1874 1213 1907 1238 et
1937 1208 2067 1238 onerati
2097 1207 2192 1246 estis,

1209 1257 1241 1282 et
1264 1261 1327 1293 ego
1352 1250 1500 1281 reficiam
1524 1260 1602 1289 VOS,
1633 1258 1669 1282 ut
1699 1260 1830 1291 semper
1852 1249 2043 1282 Ecclesiam
2070 1250 2134 1281 sibi
2162 1250 2195 1281 in

1209 1294 1260 1325 his
1284 1294 1477 1335 regionibus
1498 1292 1636 1335 colligat
1658 1298 1691 1325 et
1714 1294 1895 1336 gubernet,
1926 1300 1959 1325 et
1988 1295 2049 1324 nos
2077 1293 2198 1324 doceat

1210 1343 1242 1369 et
1265 1342 1373 1380 regat,
1395 1336 1514 1368 Amen.

1536 1429 1678 1470 Scripsit
1700 1439 1799 1460 manu
1822 1430 1957 1470 propria
1980 1427 2153 1469 Philippus

1574 1471 1787 1510 Melanthon,
1822 1473 1855 1502 in
1882 1473 1942 1504 alie
1968 1471 2069 1503 Festo
2104 1471 2152 1502 10-

1572 1514 1693 1546 hannis
1713 1515 1898 1555 Baptistae,
1921 1515 1954 1545 in
1977 1525 2056 1546 arce
2067 1513 2153 1546 Des-

1575 1558 1699 1590 saeusi.
1723 1557 1768 1588 M.
1792 1557 1835 1589 D.
1859 1557 1941 1589 Llll.

1589 1725 1823 1763 QUAESTIO.

1300 1814 1371 1852 An,
1407 1814 1491 1845 sicut
1523 1823 1603 1845 vera
1634 1820 1686 1845 est
1719 1813 1920 1855 propositio,
1955 1811 2111 1844 Christus
2145 1819 2197 1844 est

1213 1863 1361 1889 mortuus
1375 1857 1558 1889 secundum
1571 1862 1722 1888 naturam
1735 1856 1921 1893 humanam,
1933 1865 1999 1885 non
2014 1855 2197 1887 secundum

1213 1901 1356 1932 divinam
1378 1906 1546 1931 naturam:
1575 1900 1620 1930 ita
1643 1900 1685 1929 sit
1709 1910 1789 1930 vera
1811 1898 2010 1940 propositio,
2042 1896 2196 1929 Christus

1214 1950 1265 1975 est
1287 1944 1451 1975 Mediator
1479 1948 1605 1974 tantum
1628 1943 1810 1973 secundum
1834 1948 1984 1972 naturam
2006 1940 2196 1980 humanam,

1213 1998 1279 2018 non
1303 1987 1485 2018 secundum
1508 1991 1684 2026 utramque
1707 1991 1868 2016 naturam.
1914 1984 1968 2014 An
1991 1994 2073 2015 vero
2104 1983 2195 2015 diffe-

1214 2031 1321 2061 rentia
1354 2031 1397 2060 sit
1431 2030 1517 2060 inter
1545 2028 1791 2069 propositiones
1822 2037 1906 2068 quae
1940 2026 2122 2068 loquuntur
2155 2027 2198 2058 (le

1214 2073 1471 2114 proprietatibus
1494 2072 1591 2102 unius
1614 2077 1765 2108 naturae,
1790 2077 1821 2101 et
1838 2068 1924 2100 alias
1939 2069 2197 2110 propositiones,

1215 2126 1300 2158 quae
1322 2114 1503 2157 loquuntur
1526 2115 1566 2145 de
1590 2113 1713 2152 officio,
1739 2113 1826 2155 quod
1847 2113 1999 2144 convenit
2022 2122 2198 2154 personae,

1215 2165 1251 2191 ut
1275 2158 1428 2190 Christus
1452 2163 1503 2189 est
1526 2156 1610 2196 Rex,
1634 2157 1817 2188 secundum
1840 2162 2014 2198 utramque
2036 2161 2197 2187 naturam.

1576 2301 1653 2333 Alia
1677 2300 1847 2337 Quaestio.

1305 2398 1359 2429 An
1382 2396 1537 2429 Christus
1560 2402 1684 2427 tantum
1708 2396 1746 2427 sit
1762 2394 1928 2434 Salvator,
1951 2395 2026 2436 quia
2048 2395 2198 2435 partitur,

1220 2448 1251 2472 et
1274 2452 1339 2472 non
1370 2451 1410 2472 eo
1434 2440 1522 2481 quod
1548 2439 1645 2471 simul
1669 2440 1710 2470 sit
1734 2437 1871 2478 efficax,
1900 2449 1943 2470 an
1973 2438 2014 2469 sit
2044 2437 2200 2469 Salvator

1219 2485 1337 2516 merito
1360 2489 1393 2516 et.
1416 2483 1575 2515 efficacia.
2145 2484 2147 2486 ’
2196 2496 2200 2499 ·

1603 2576 1678 2608 Deo
1702 2575 1826 2609 Gratia.
