2383 2990
145 127 191 161 89
813 122 854 154 11.

148 222 292 255 omnium
327 222 516 253 docentium
550 222 582 253 in
621 220 673 252 his
714 219 878 252 Ecclesiis
913 218 1064 262 copulet,
1103 223 1139 248 ut

148 268 249 299 unum
262 266 366 297 simus
386 266 416 296 in
431 264 517 296 Deo.
552 265 599 297 Sit
623 265 654 296 in
678 265 775 296 nobis
800 274 931 306 quoque
955 263 1043 305 pium
1068 267 1138 291 stu-

148 310 234 341 dium
248 309 459 347 concordiae,
483 319 550 339 non
570 318 768 350 quaeramus
792 308 918 338 incensi
931 307 1027 343 odiis,
1048 304 1138 346 quod

148 351 352 384 calumniose
387 352 419 383 in
449 353 595 393 speciem
625 351 786 393 exagitari
819 351 940 392 possit,
976 349 1138 391 quaedam

148 397 246 428 etiam
269 402 529 437 praetereamuS,
555 406 640 436 quae
664 395 790 426 moveri
813 405 879 425 non
903 400 955 425 est
976 390 1066 424 utile.

131 494 135 497 .
234 464 415 506 Postquam
440 464 540 505 igitur
563 474 583 494 a
606 474 658 494 me
681 464 815 505 petitum
836 469 907 500 est,
936 468 969 493 ut
994 462 1035 492 de
1058 460 1139 491 scri-

146 509 213 550 ptis
236 506 380 538 Musculi
405 514 436 538 et
459 507 612 539 Stancari
642 517 748 537 meum
777 506 930 537 iudicium
960 514 1137 546 exponam,

148 557 275 582 tantum
309 551 507 592 praecipuas
542 561 655 581 eornm
687 549 937 581 controversias
967 549 1138 589 attingam,

147 605 214 625 non
238 595 372 636 agitabo
396 594 472 632 alia,
498 604 582 635 quae
607 594 715 624 obiter
738 602 877 634 aspersa
896 598 983 623 sunt.
1030 591 1139 631 Saepe

149 648 189 669 ex
213 638 327 679 parvis
350 638 450 668 initiis
481 647 604 678 magna
629 636 766 667 dissidia
790 642 952 673 oriuntur,
971 635 1058 665 sicut
1086 634 1138 664 his

149 681 312 723 proximis
346 681 442 711 annis
477 679 579 711 multa
613 678 766 721 exempla
800 680 952 710 vidimus.
1000 678 1077 708 ldeo
1111 677 1138 706 si

148 734 302 765 possem,
331 734 492 765 praesens
525 729 691 754 certamen
716 721 836 754 tollere
865 720 1015 758 mallem,
1040 730 1138 761 qnam

149 768 336 798 accendere
369 767 513 797 maiores
544 767 786 797 contentiones.
838 765 888 797 Ac
923 764 1041 795 Filium
1076 762 1139 793 Dei

149 819 222 848 erc,
245 816 281 841 ut
300 820 363 841 nos
388 810 506 841 doceat
529 815 561 840 et
585 810 762 852 gubernet.

235 878 321 909 Sunt
365 884 476 909 autem
512 879 597 909 duae
633 878 883 909 controversiae
924 876 1139 917 praecipuae,

148 928 306 964 quantum
337 931 401 964 ego
433 922 563 963 quidem
596 919 768 961 intelligo,
813 920 930 951 Altera
962 920 1003 950 de
1039 918 1139 949 modo

147 963 304 1039 lhqqgendi
329 965 360 995 in
386 965 683 996 communicatione
707 964 919 1002 idiomatum,
952 961 1069 994 Altera
1099 962 1140 992 de

188 1019 205 1039 e
233 1014 346 1039 iatore.

234 1085 288 1117 De
310 1086 421 1127 priore
445 1086 687 1121 controversia,
716 1085 801 1116 haec
820 1082 895 1115 mihi
914 1083 1046 1115 videtur
1065 1092 1142 1113 csse

146 1129 234 1161 iusta
258 1135 290 1160 et
313 1128 412 1169 plana
434 1129 487 1160 via
512 1129 732 1166 concordiae,
766 1134 799 1158 ut
829 1138 891 1158 nos
916 1126 1139 1170 omneshreti-

148 1183 285 1204 neamus
303 1173 429 1203 formas
447 1171 604 1213 loquendi
625 1172 828 1213 approbatas
851 1171 943 1212 gravi
964 1169 1142 1201 autoritate

148 1216 182 1247 in
208 1214 378 1253 Ecclesia,
408 1216 484 1257 quia
514 1215 650 1246 mutatio
681 1220 738 1246 aut
761 1224 894 1245 errores
925 1219 981 1244 aut
1004 1212 1142 1243 dissidia

148 1259 245 1300 parit;

237 1335 314 1366 Vidi
332 1334 474 1366 musculi
498 1335 761 1376 propositiones,
787 1335 892 1364 editas
917 1343 1032 1364 mense
1053 1332 1143 1363 Maio

149 1379 227 1410 anni
251 1379 447 1419 superioris,
473 1379 503 1408 in
528 1379 648 1419 quibus
673 1384 764 1409 recte
783 1376 930 1418 loquitur
951 1376 992 1406 de
1012 1376 1142 1406 duabus

150 1422 276 1452 naturis
302 1422 336 1459 {n
367 1420 501 1452 Christo
533 1428 611 1451 nato
638 1431 677 1451 ex
708 1421 846 1462 virgine.
894 1419 935 1450 Et
965 1426 1141 1460 utrunque,

148 1463 339 1496 Musculum
364 1470 397 1495 et
419 1464 619 1495 Stancarum
639 1464 727 1495 scire
744 1475 810 1495 non
830 1463 955 1500 dubito,
980 1463 1034 1504 qui
1055 1462 1142 1493 modi

149 1508 275 1550 recepti
298 1509 373 1540 sint.

238 1584 392 1616 Ecclesia
416 1591 508 1615 recte
532 1590 563 1615 et
588 1595 667 1615 vere
690 1584 768 1616 dicit
799 1585 841 1616 de
865 1583 1016 1615 Christo:
1048 1582 1143 1614 Deus

151 1634 202 1660 est
213 1635 311 1660 natus
335 1640 376 1659 ex
400 1629 542 1670 virgine,
566 1638 701 1669 passus,
724 1635 887 1665 mortuus,
912 1627 1144 1664 resuscitatus,

150 1673 225 1704 Non
239 1672 333 1703 dicit:
354 1672 480 1703 Natura
503 1672 613 1702 divina
631 1679 681 1702 est
701 1682 816 1713 passa,
841 1677 984 1709 mortua,
997 1670 1143 1701 resusci-

151 1722 231 1754 tata,
257 1716 334 1757 quia
358 1716 388 1746 in
415 1721 572 1746 concreto
598 1725 742 1756 persona
761 1713 965 1756 intelligitur
1012 1713 1047 1745 ln
1066 1714 1144 1744 abs·

153 1765 262 1790 tracto
287 1765 414 1790 tantum
438 1758 544 1789 altera
567 1765 696 1789 natura.

899 122 1090 156 EXAMEN
1113 118 1495 151 ORDINANDORUM.
2131 115 2176 147 90

1190 212 1326 246 Christo
1350 216 1506 256 patiente,
1529 214 1595 246 alio
1619 214 1717 246 modo
1742 213 1858 245 dicitur
1876 212 1970 243 Deus
1994 212 2074 254 pati,
2100 211 2178 253 quia

1190 259 1275 290 haec
1298 269 1442 300 persona
1462 259 1595 300 patitur,
1620 268 1706 300 quac
1729 264 1780 288 est
1803 256 1908 288 Deus.

1278 328 1373 359 Hane
1396 326 1536 359 formam
1560 328 1723 358 sermonis
1747 327 1904 357 discimus
1928 335 1969 355 ex
1996 325 2069 366 ipso
2093 322 2178 354 Filio

1192 372 1242 403 sic
1264 371 1423 413 loquente
1452 372 1483 401 in
1512 370 1718 411 propheticis
1742 377 1773 401 et
1797 367 2002 410 Apostolicis
2032 368 2177 409 scriptis,

1191 422 1226 446 ut
1250 415 1362 446 ioh.S.
1388 414 1493 445 Amen
1513 425 1607 445 amen
1633 414 1708 444 dieo
1728 414 1837 451 vobis,
1860 413 2052 454 priusquam
2072 412 2178 442 Abra-

1192 458 1268 490 ham
1292 465 1390 489 natus.
1411 464 1473 495 est,
1497 468 1561 499 ego
1586 468 1665 488 sum.

1279 527 1393 558 lohan-
1431 527 1460 557 l.
1517 526 1552 556 ln
1588 526 1709 557 mundo
1745 531 1832 563 erat,
1874 531 1905 556 et
1939 524 2080 555 mundns
2120 533 2181 565 per

1192 571 1300 612 ipsum
1324 569 1433 602 sactus
1458 576 1521 607 est,
1546 576 1577 600 et
1600 570 1743 600 mundus
1768 580 1841 599 eum
1864 579 1931 599 non
1957 567 2125 609 cognovit.

1281 638 1382 670 zach.
1410 640 1459 670 12.
1504 639 1678 679 Aspicient
1703 648 1765 678 me,
1789 648 1885 679 quem
1910 634 2141 668 confoderunt.

1281 708 1315 739 ln
1334 707 1385 739 his
1406 714 1438 739 et
1456 707 1566 739 multis
1585 706 1746 738 similibus
1768 707 1862 737 dietis
1888 705 2096 737 manifestum
2118 710 2180 743 est,

1194 753 1236 783 de
1263 763 1329 783 uno
1360 759 1392 783 et.
1422 753 1539 783 eodeni
1564 751 1700 782 Christo
1725 751 1806 788 (lici,
1839 756 1872 782 et
1902 755 2009 780 tamen
2040 747 2181 790 intelligi

1194 796 1385 827 discrimina
1397 803 1588 826 naturarum
1604 801 1757 835 oportet:
1777 793 1838 824 Hic
1857 792 2011 824 shristus
2029 791 2087 823 fuit
2105 798 2182 823 ante

1195 840 1383 877 Abraham,
1420 839 1602 869 secundum
1638 844 1788 868 naturam
1825 837 1988 873 divinam,
2023 846 2062 867 ac
2093 845 2182 866 nunc

1194 883 1279 913 idem
1299 889 1347 913 est
1369 883 1559 913 subsistens
1589 892 1647 911 sen
1672 881 1787 911 eadem
1806 890 1969 921 persona,
1993 890 2183 921 quanquam

1194 932 1312 957 natura
1336 925 1478 956 humana
1503 931 1675 965 assumpta
1695 930 1755 954 est.

1282 994 1326 1026 Ut
1350 995 1447 1036 igitur
1467 994 1675 1025 discernatur
1694 993 1746 1024 hie
1766 992 1868 1024 Filius
1888 993 1930 1023 ab
1950 990 2023 1023 aliis
2042 991 2182 1029 sanctis,

1196 1044 1227 1069 et
1253 1037 1364 1080 aliquo
1389 1038 1486 1068 modo
1512 1038 1739 1078 conspiciatur
1761 1037 1811 1067 dis
1837 1036 1938 1067 rimen
1963 1036 2047 1066 inter
2077 1033 2182 1076 hypo-

1196 1082 1347 1113 staticam
1383 1082 1536 1112 unionem
1571 1082 1603 1111 in
1639 1079 1789 1117 Christo,
1824 1086 1855 1110 et
1891 1079 2087 1110 societatem
2123 1088 2183 1108 seu

1196 1124 1351 1157 auxilium
1376 1124 1438 1156 Dei
1464 1125 1494 1155 in
1519 1123 1593 1154 aliis
1617 1123 1760 1160 sant-tis,
1784 1129 1876 1153 recte
1899 1123 2016 1153 tradita
2046 1128 2096 1152 est
2127 1121 2184 1152 do-

1197 1169 1301 1200 ctrina
1317 1170 1358 1199 de
1378 1168 1675 1198 communicatione
1690 1167 1892 1202 idiomatum,
1911 1176 1996 1207 quae
2010 1171 2059 1196 est
2078 1163 2185 1196 forma

1197 1212 1373 1249 sermonis,
1398 1212 1430 1242 in
1454 1222 1518 1252 qua
1543 1212 1729 1251 proprietas
1748 1210 1802 1241 uni
1821 1217 1960 1241 naturae
1980 1217 2183 1250 congruenS,

1197 1255 1314 1286 dicitur
1337 1256 1367 1285 in
1393 1261 1549 1285 concreto
1575 1255 1616 1284 de
1638 1263 1795 1295 persona,
1816 1259 1852 1284 ut
1875 1252 2054 1290 vulnerari,
2081 1260 2184 1293 posse

1197 1299 1290 1329 mori.
1336 1298 1486 1329 Dicimus
1528 1298 1627 1339 igitur
1661 1298 1691 1328 in
1717 1303 1896 1334 concreto,
1937 1295 2091 1327 Christus
2133 1300 2186 1326 est

1197 1342 1314 1379 homo,
1348 1341 1433 1380 λόγος
1468 1347 1519 1371 est
1554 1340 1667 1377 homo,
1704 1339 1857 1371 Christus
1893 1346 1942 1371 est
1977 1337 2183 1376 vulneratus,

1197 1384 1351 1416 Christus
1376 1390 1427 1415 est
1447 1391 1609 1421 mortuus,
1633 1383 1725 1414 Deus
1747 1389 1798 1414 est
1822 1389 1983 1414 mortuus.

1285 1452 1425 1495 Propria
1448 1464 1528 1485 vero
1553 1454 1685 1484 divinae
1719 1458 1856 1484 naturae
1885 1457 1963 1483 sunt
1993 1451 2184 1489 aeternitas,

1198 1497 1452 1537 omnipotentia,
1488 1495 1727 1527 immortalitas.
1779 1497 1824 1527 lta
1858 1495 1995 1533 dicitur,
2030 1494 2185 1526 Christus

1198 1547 1251 1572 est
1272 1540 1358 1580 λόγος
1380 1543 1503 1571 aeternT
1527 1540 1647 1577 Patris,
1672 1546 1871 1571 coaeternus
1895 1538 2006 1577 Patri,
2030 1537 2184 1570 Christus

1198 1590 1250 1615 est
1274 1584 1497 1625 omnipotens,
1520 1581 1725 1615 immortalis.

1285 1653 1422 1684 Diserte
1453 1658 1562 1684 autem
1593 1653 1714 1683 dictum
1747 1658 1817 1690 est,
1852 1650 2184 1682 communicationem

1197 1696 1268 1728 fieri
1281 1698 1311 1728 in
1336 1702 1508 1733 concreto,
1528 1706 1594 1727 non
1613 1697 1644 1727 in
1664 1697 1846 1727 abstracto.
1875 1694 1920 1725 Ut
1938 1694 2022 1725 enim
2042 1703 2184 1725 necesse

1198 1747 1249 1772 est
1281 1741 1413 1771 retineri
1438 1740 1594 1770 unitatem
1619 1749 1785 1781 personae
1815 1749 1876 1769 sen
1900 1739 2054 1769 unionem
2079 1736 2183 1779 hypo·

1197 1784 1366 1814 staticam:
1387 1785 1432 1814 ita
1456 1793 1596 1814 necesse
1621 1790 1688 1820 est,
1713 1783 1852 1824 agnosci
1877 1781 1961 1813 duas
1992 1786 2128 1811 naturas
2152 1781 2185 1810 in

238 1836 311 1867 Etsi
334 1843 442 1867 autent
473 1835 586 1873 multi,
616 1836 670 1877 qui
694 1834 804 1867 fontes
834 1835 951 1866 horum
982 1834 1144 1864 disci-imi·
1197 1826 1331 1859 Christo
1349 1834 1424 1858 nato
1451 1837 1490 1857 ex
1504 1827 1640 1868 virgine.
1667 1827 1736 1857 Nec
1756 1825 1906 1857 iacienda
1927 1830 1978 1855 est
1994 1830 2185 1855 naturarum

151 1891 228 1912 num
251 1880 418 1922 ignorant,
443 1886 559 1920 putant
581 1889 660 1910 esse
681 1880 810 1910 inanem
830 1877 1055 1913 subtilitatem,
1080 1875 1143 1907 hos

151 1925 270 1955 modos
301 1921 457 1965 loquendi
493 1923 700 1954 discernere:
737 1929 847 1953 tamen
882 1921 999 1953 eruditi
1034 1921 1144 1951 sciunt

154 1967 374 2009 gratissimas
400 1976 476 1997 esse.
501 1976 633 1996 causas.

240 2044 417 2075 Nestorius
443 2045 585 2086 negabat.
609 2045 670 2075 has
694 2043 954 2085 propositiones,
978 2041 1072 2072 Deus
1092 2047 1144 2071 est

1197 1870 1363 1902 confusio.
1409 1870 1624 1912 Nequaquam
1657 1870 1754 1911 igitur
1784 1870 1941 1900 dicimus:
1976 1867 2104 1899 Natura
2138 1867 2185 1897 di-

1197 1915 1273 1945 vina
1297 1914 1428 1952 dormit,
1453 1912 1657 1952 vulneratur,
1682 1913 1827 1944 moritur.

1283 1991 1324 2022 Et
1340 1991 1542 2022 Athanasius
1566 1992 1598 2023 in
1617 1990 1702 2022 libro
1723 1992 1763 2021 de
1785 1990 2018 2021 incarnatione
2036 1998 2116 2020 vere
2138 1988 2186 2019 in-

1196 2036 1282 2077 quit:
1307 2034 1390 2066 Cum
1415 2046 1479 2065 non
1506 2042 1593 2065 esset
1619 2033 1780 2076 possibile
1804 2035 1910 2075 ipsum
1924 2033 2071 2064 Verbum
2090 2032 2184 2069 mori,

152 2092 252 2119 natus
275 2098 315 2118 ex
335 2088 474 2129 virgine,
499 2087 680 2118 crucifixus
700 2094 764 2118 etc.
801 2086 876 2117 ideo
896 2086 1043 2116 dicebat:
1068 2083 1144 2115 Noli
1167 2078 1171 2125 'j
1196 2082 1318 2120 quippe
1341 2077 1555 2109 immortalem
1570 2078 1680 2110 Patris
1706 2075 1833 2115 Filium,
1853 2087 1975 2117 corpus
1997 2076 2071 2113 sibi,
2095 2075 2184 2117 quod

154 2130 291 2172 gloriari
327 2130 463 2161 ludaee:
500 2142 565 2161 non
602 2131 688 2161 enim
724 2130 843 2167 Deum,
880 2130 940 2160 sed
977 2128 1143 2159 hominem
1167 2135 1171 2170 ζ
1197 2123 1279 2153 ¹¹¹01'i
1304 2129 1432 2164 POSSffl,
1456 2122 1600 2163 accepit,
1626 2128 1661 2153 ut
1684 2122 1715 2152 Μ
1741 2131 1862 2162 00¹1)sss
1887 2120 1990 2151 Verbi
2015 2119 2183 2160 particeps

155 2173 359 2205 crucifixisti.
396 2174 478 2205 Hinc
495 2181 549 2205 aut
570 2174 652 2214 ipse,
676 2180 733 2205 aut
754 2172 808 2204 alii
829 2172 893 2204 hoc
913 2172 1142 2209 exstruebant,
1168 2184 1171 2199 ι
1196 2164 1336 2203 factum,
1371 2172 1403 2196 Οἱ
1439 2173 1623 2196 ΠΙΟΥΗΉΗΙ·
1656 2176 1717 2206 Pt'O
1741 2165 1910 2199 Omnibus,
1944 2169 1975 2195 ei
1995 2162 2185 2193 issbflbiiffils

155 2215 291 2247 Christo
321 2216 457 2247 affuisse
492 2223 641 2248 naturam
677 2217 819 2247 dixinain
856 2227 914 2257 per
947 2215 1143 2245 societatem

153 2301 274 2344 pitens,
297 2313 360 2333 nec
385 2301 488 2334 tuisse
511 2304 666 2334 unionem
690 2303 957 2345 hypostaticam,
989 2312 1051 2332 seu
1077 2311 1144 2332 non

154 2345 260 2377 fnisse
283 2357 380 2377 unani
404 2356 594 2387 personam.

243 2423 392 2455 Patiente
416 2422 562 2454 Iohanne
584 2423 750 2465 Baptista,
774 2433 964 2465 quanquam
988 2421 1084 2453 adest
1114 2422 1142 2453 ei

154 2467 263 2505 Deus,
288 2473 320 2499 et
343 2467 568 2508 metaphorice
591 2467 710 2498 dicitur
722 2465 817 2497 Deus
840 2467 920 2506 pati,
945 2472 1052 2496 tannen
1073 2463 1143 2496 vul-

154 2522 219 2543 nus
243 2517 295 2542 est
318 2521 495 2551 personae,
518 2520 604 2552 quae
627 2521 691 2541 non
712 2518 762 2541 est
781 2509 888 2540 Deus.
924 2507 1054 2539 Relatio
1073 2514 1144 2539 tan-

156 2561 236 2593 tum,
259 2555 291 2585 id
315 2561 378 2592 est,
403 2559 588 2585 contemtus
613 2554 653 2584 ad
678 2553 786 2584 Deum
815 2553 977 2593 pertinet,
1003 2558 1040 2582 ut
1069 2563 1144 2583 cuin

1168 2203 1171 2258 [
1197 2208 1344 2241 Verbum
1364 2207 1613 2249 incorruptibile
1633 2215 1790 2239 maneret.
1815 2207 1872 2239 Sic
1895 2205 1950 2238 ille
1974 2204 2108 2237 locutus
2121 2210 2183 2237 est.

155 2269 216 2290 seu
239 2259 484 2295 assistentiam,
506 2261 593 2291 ‚sicut
615 2260 705 2291 affuit
730 2259 842 2297 Eliae,
872 2265 929 2290 aut
958 2258 1032 2289 aliis
1063 2257 1144 2288 Pro·
1167 2291 1171 2298 ἱ

1285 2287 1336 2318 Ae
1360 2293 1488 2318 certum
1518 2293 1586 2323 est,
1621 2285 1807 2318 Ecclesiam
1837 2286 1887 2316 sic
1918 2283 2023 2326 loqui:
2057 2284 2185 2314 Natura

1167 2323 1171 2376 ι
1197 2330 1308 2362 divina
1333 2340 1398 2361 non
1423 2331 1580 2367 moritur,
1608 2329 1648 2360 Et
1672 2335 1779 2360 tamen
1805 2338 1906 2360 verae
1929 2334 2006 2359 sunt
2030 2326 2183 2368 proposi-

1196 2375 1306 2404 tiones
1324 2374 1357 2404 in
1381 2380 1553 2411 concreto,
1577 2372 1730 2404 Chiistus
1754 2379 1804 2403 est
1828 2376 1990 2408 mortnuS,
2014 2369 2108 2401 Deus
2132 2375 2184 2400 est

1404 2417 1540 2448 Addidit
1573 2424 1681 2448 autem
1717 2415 1835 2446 Petrus
1859 2412 2129 2451 declarationem,
2155 2413 2182 2444 l.

1978 2457 2030 2488 Ac
2060 2455 2182 2488 Paulus

1195 2424 1358 2449 mortuus.

1196 2460 1286 2492 Petri
1321 2461 1352 2491 4.
1399 2460 1552 2491 Christus
1586 2470 1709 2501 passus
1738 2464 1789 2490 est
1819 2468 1932 2489 carne.

1195 2514 1278 2535 usus
1311 2510 1362 2535 est
1385 2503 1548 2545 particula
1570 2503 1777 2537 distinctiva,
1807 2501 2000 2539 secundum,
2032 2499 2126 2531 Rom.
2153 2500 2182 2531 l.

1196 2553 1229 2578 et
1251 2546 1346 2578 Rom.
1360 2547 1393 2579 9.
1438 2546 1478 2577 Et
1502 2547 1532 2577 in
1559 2548 1652 2577 Actis
1677 2556 1751 2586 cap.
1773 2545 1804 2576 ἱ).
1833 2545 1969 2575 dicitur:
2000 2543 2050 2575 Ex
2073 2542 2183 2574 fructu

155 2597 305 2640 Legatus
331 2595 492 2635 violatur,
516 2595 631 2628 relatio
655 2597 697 2628 ad
722 2596 848 2638 Regem
878 2596 1030 2636 pertinet.
1075 2594 1144 2626 Sed
1167 2606 1171 2624 t
1195 2588 1382 2622 lumborum
1406 2592 1477 2622 eius
1501 2590 1683 2621 secundum
1703 2599 1848 2620 carnem.
1883 2588 1939 2619 Sic
1950 2594 2067 2629 postea
2080 2585 2182 2618 Atha-
