2383 2990
161 114 204 146 65
833 113 873 146 11.

160 208 237 242 ficia
255 214 333 240 sunt
355 207 562 251 εὖχαριστικά.
597 207 639 239 Et
663 207 747 240 haec
770 214 828 239 aut
851 214 928 239 sunt
950 208 1070 247 τυπικὰ,
1094 213 1151 240 aut

161 258 240 284 sunt
263 251 414 283 moralia.

251 410 316 449 De
348 409 555 449 vocabulis
586 409 737 463 publici
766 408 866 448 ritus
900 407 1064 448 Coenae

564 469 740 508 Domini.

176 596 180 598 ,
245 561 356 592 Prima
368 560 548 602 appellatio
568 566 630 598 est,
654 559 769 591 Coena
788 559 932 597 Domini,
954 560 982 589 l.
1000 559 1147 591 Corinth.

161 604 211 635 11.
236 615 301 646 qua
323 603 548 646 appellatione
571 604 653 634 ritus
683 602 926 643 simplicissime
949 603 1147 644 appellatur.

247 684 283 714 Π.
329 682 453 712 Postea
476 681 508 712 in
534 680 663 711 Graeca
688 679 841 712 Ecclesia
866 691 988 711 nomen
1008 691 1149 722 usurpa·
1175 682 1180 721 f
1203 681 1382 712 abolenda.

917 113 1109 145 EXAMEN
1132 113 1369 146 ORDINAND
1375 114 1513 146 oRUM.
2150 118 2197 150 66

1177 217 1180 265 Ι
1203 208 1304 246 EST,
1328 210 1361 240 id
1380 216 1448 248 est,
1479 211 1633 241 remissio
1657 217 1873 252 peccatorum
1896 212 1994 242 vobis
2019 218 2111 243 certo
2135 223 2194 243 an·

1177 268 1179 302 Ι
1203 253 1353 283 nuntiata
1384 259 1444 284 est.
1479 253 1514 284 In
1538 254 1590 284 his
1615 253 1790 286 vocabulis
1814 253 1945 295 publice
1968 256 2097 287 usitatis
2120 254 2192 286 nul-

1202 294 1271 326 lum
1302 302 1371 333 est,
1402 298 1491 337 quod
1515 296 1715 329 oblationem
1742 303 1801 329 aut
1829 298 2031 330 sacrificium
2059 300 2194 341 proprie

1204 338 1380 380 significet.

1204 486 1341 537 Quare
1379 502 1544 527 necesse
1586 495 1648 527 ests
1685 488 1904 529 MISSAM
1936 490 2193 545 Papistarum

1617 549 1778 588 taxari?

1291 638 1376 673 Quia
1400 639 1505 669 omnis
1521 638 1711 670 idololatria
1736 646 1786 671 est
1810 642 1966 679 taxanda,
1990 641 2148 682 fugienda
2161 647 2195 673 et

1436 681 1683 713 idololatr-icum
1715 690 1765 714 est
1795 691 1922 722 autem,
1957 686 2046 725 quod
2081 686 2194 716 dicunt

158 730 227 756 tum
259 731 308 756 est
340 735 447 766 usque
477 725 519 754 ad
547 723 632 754 haec
668 731 817 764 tempora
844 727 1027 763 λειτουργία,
1059 725 1148 765 qnod
1175 726 1180 753 t
1203 725 1371 766 Papistae,
1395 725 1614 756 sacrificulos
1634 736 1695 757 sua
1716 726 1883 758 oblatione
1904 734 1933 758 et
1950 728 2053 759 Missa
2074 729 2194 760 mereri

158 767 325 810 significat
348 766 541 808 simpliciter
565 768 881 798 administrationem
909 766 1031 808 publici
1057 768 1147 805 honi,

157 819 193 842 ut
216 812 245 842 si
269 811 342 852 quis
363 811 468 848 dicat,
501 811 617 841 instrui
638 817 669 841 ct
693 811 847 851 apparari
876 811 986 846 navim
1017 813 1148 853 λειιουρ-
1175 840 1178 849 ,

157 859 234 893 γίαν.
281 854 341 884 Est
365 855 449 884 enim
481 864 500 884 a
523 854 636 892 λη’ϊτον,
668 855 700 884 id
731 861 792 891 est,
817 853 975 884 bellando
1006 863 1148 894 partum,

156 907 225 928 non
245 908 264 928 a
288 896 364 935 λιῑῇ,
388 898 420 927 id
445 902 507 935 est,
528 898 688 937 precatio.
736 897 810 927 Non
835 904 886 928 est
917 898 1015 937 igitur
1046 898 1148 928 sacri-

156 940 222 971 ficii
244 950 377 977 nomen,
397 941 457 971 sed
481 941 662 978 ministerii,
687 941 720 970 in
744 951 809 982 quo
835 951 920 971 unns
950 939 1057 971 multis
1078 952 1148 971 ser-

157 984 220 1021 vit,
256 984 419 1014 exhibens
455 983 717 1015 Sacramentum.
762 984 945 1014 Notissima
981 991 1031 1014 est
1062 985 1179 1029 enims

156 1025 332 1067 appellatio
357 1029 525 1066 λειτουργία
551 1027 590 1057 de
614 1028 772 1058 oneribus
798 1026 956 1067 publicis⁹
982 1033 1015 1058 ut
1038 1028 1148 1059 sciunt

157 1080 272 1101 omnes
297 1070 509 1101 mediocriter
533 1070 622 1101 docti
642 1071 673 1100 in
699 1070 829 1101 Graeca
849 1069 972 1111 lingua.

244 1146 296 1177 ΙΙΙ.
343 1146 454 1177 Tertia
476 1146 654 1187 appellatio
680 1153 731 1178 est
754 1147 892 1185 σύναξις,
917 1158 934 1177 a
961 1158 1147 1190 congrega-

155 1190 257 1227 tionc,
277 1190 351 1231 quia
376 1190 472 1221 Deus
492 1190 563 1221 vult
587 1189 741 1230 publicos
770 1201 846 1221 esse
871 1190 1044 1222 Ecclesiae
1069 1204 1146 1223 von-

157 1243 296 1274 gressus
321 1232 494 1270 honestos,
522 1240 551 1263 et
577 1244 636 1263 eos
662 1234 819 1264 immensa
845 1234 991 1264 bonitate
1020 1242 1145 1273 sersat,

156 1282 188 1306 et
206 1275 293 1306 hanc
313 1277 536 1307 ceremoniam
556 1276 625 1307 vult
646 1287 723 1307 esse
742 1287 882 1308 nervum
899 1277 1054 1318 publicae
1068 1290 1146 1310 con-

155 1319 372 1360 greg-ationis.

241 1394 309 1425 llll.
356 1395 482 1430 Quarta
501 1394 682 1437 appellatio
696 1396 872 1438 εὐχαριστία
891 1404 939 1428 est
955 1398 1147 1430 Gratiarum

1204 769 1434 799 remissionem
1459 776 1674 809 peccatorum
1698 769 1832 801 facienti
1863 777 1894 801 et
1925 769 2010 801 aliis.
2058 771 2097 801 Et
2124 772 2193 813 qui-

1204 812 1278 842 dem
1293 811 1460 842 cumulant
1483 823 1627 851 errores,
1653 823 1725 843 cum
1746 814 1882 851 addunt,
1906 825 1978 845 eam
1992 813 2195 846 oblationem

1204 855 1321 885 mereri
1346 866 1384 886 ex
1412 866 1512 896 opere
1537 862 1693 896 operato,
1717 863 1751 887 ut
1779 858 1841 898 ipsi
1866 856 2056 898 loquuntur.
2102 857 2195 892 Quae

1204 899 1313 939 opinio
1338 898 1448 939 palam
1473 898 1613 930 Etltnica
1637 907 1699 930 est.
1745 900 1896 931 Necesse
1928 907 1977 931 est
2009 901 2109 941 igitur
2131 901 2194 933 Pa-

1203 943 1354 982 pisticam
1378 941 1553 973 MtSSAM
1578 944 1696 981 taxari,
1721 944 1815 974 vitari
1840 950 1873 974 ct
1896 942 2034 974 aboleri.

1291 1018 1401 1050 Minor
1424 1021 1603 1060 probatur,
1639 1020 1721 1055 Quia
1757 1021 1799 1051 ad
1828 1021 2001 1052 Hebraeos
2033 1031 2195 1062 expresse

1204 1063 1362 1103 scriptum
1392 1070 1459 1093 est:
1496 1063 1602 1094 Unico
1635 1064 1806 1095 Sacrificio
1838 1066 2078 1096 consummavit
2112 1065 2194 1095 San-

1204 1113 1290 1136 ctos.
1336 1106 1515 1137 Praeterea
1551 1106 1676 1138 nullum
1711 1118 1796 1148 opus
1832 1115 2001 1139 externum
2036 1109 2067 1138 in
2095 1108 2193 1139 Novo

1203 1149 1417 1181 Testamento
1444 1149 1563 1190 pl;1‹·et‚
1588 1158 1621 1181 ut
1643 1150 1691 1181 illi
1716 1150 1907 1192 loquuntur,
1932 1162 1971 1182 ex
1996 1162 2098 1192 opere
2114 1162 2192 1192 ope-

1203 1199 1288 1229 rato²
1313 1192 1397 1228 Quia
1421 1195 1579 1233 scriptum
1598 1200 1665 1225 est:
1691 1194 1770 1225 Veri
1789 1196 1987 1227 adoratores
2005 1196 2193 1226 adorabunt

1203 1235 1334 1267 Patrem
1358 1239 1390 1267 in
1415 1237 1540 1278 Spiritu
1563 1244 1594 1268 ct
1618 1238 1770 1268 veritate.

1599 1331 1675 1363 Alia
1698 1333 1794 1364 ratio.

1288 1398 1446 1430 Tenenda
1470 1406 1522 1431 est
1546 1400 1680 1442 regula:
1704 1400 1819 1432 Nihil
1841 1400 1966 1432 habet
1990 1401 2191 1432 rationem

153 1439 253 1476 aetio,
278 1439 354 1479 quia
373 1439 583 1470 verissimum
602 1445 665 1477 est,
689 1439 803 1470 Filium
817 1439 880 1470 Dei
904 1441 936 1471 in
962 1440 1018 1472 illa
1032 1441 1147 1473 Coena
1173 1436 1177 1487 Ι
1202 1441 1464 1473 sacramenti
1495 1450 1610 1475 extra
1642 1455 1756 1475 usum
1791 1445 1857 1486 qui
1890 1445 2106 1475 institutus
2131 1449 2192 1476 est

152 1481 293 1522 primum
317 1480 405 1512 velle
430 1482 509 1513 Fide
534 1483 639 1524 accipi
666 1483 826 1514 beneficia
850 1494 922 1515 sua.
958 1484 1088 1515 Dcinde
1112 1493 1144 1517 et

153 1525 282 1598 gli-atias
306 1525 361 1567 agi
383 1536 445 1566 pro
464 1531 533 1557 tota
552 1527 791 1567 redemptione,
815 1532 847 1557 et
871 1526 1070 1560 collectione
1083 1528 1146 1560 Ec-

153 1578 172 1599 c
188 1578 287 1599 eslae.

239 1644 282 1676 V.
329 1645 452 1680 Quinta
492 1645 672 1687 appellatio
715 1653 766 1678 est
808 1647 927 1686 ἀγάπη,
962 1649 1035 1679 sive
1070 1651 1146 1691 qnia

153 1686 230 1719 olim
260 1687 359 1719 simul
383 1689 610 1721 afferebantur
639 1691 681 1721 ad
707 1690 854 1721 Coenam
879 1690 1011 1722 Domini
1039 1703 1144 1732 panes

153 1737 186 1762 et
222 1730 306 1762 aliae
344 1742 399 1763 res
430 1733 680 1764 distribuendae
709 1734 928 1774 pauperibus:
960 1736 1032 1766 sive
1068 1738 1143 1778 quia

152 1774 342 1806 iudicabant
375 1786 452 1806 esse
484 1775 602 1807 foedus
638 1783 772 1807 mutuae
801 1776 999 1808 dilectionis.
1047 1779 1145 1814 Quod

153 1818 217 1848 etsi
240 1829 355 1849 verum
380 1824 441 1856 est,
466 1826 573 1849 tamen
599 1819 684 1850 alius
709 1826 760 1850 est
783 1821 874 1861 prior
897 1827 929 1851 et
952 1822 1144 1863 principalis

152 1860 246 1899 finis,
272 1860 413 1899 scilicet,
437 1862 675 1894 Testimonium
699 1874 759 1895 seu
781 1865 902 1905 pignus
927 1874 1004 1896 esse
1028 1865 1145 1898 volun-

152 1904 230 1935 tatis
254 1904 318 1935 Dei
343 1915 425 1947 erga
448 1916 522 1936 nos.

241 1980 380 2013 Romani
411 1984 463 2014 usi
492 1990 570 2015 sunt
593 1985 725 2014 nomine
747 1984 902 2023 MlSSA,
935 1996 999 2016 nec
1028 1988 1144 2026 scitur,

153 2035 197 2055 an
221 2025 253 2055 id
286 2036 406 2056 nomen
431 2028 473 2057 ab
504 2027 666 2058 Hebraeis
694 2034 860 2068 sumptum
885 2030 948 2067 sit,
984 2040 1027 2060 an
1063 2041 1144 2062 vero

154 2067 306 2099 Latinam
343 2070 503 2111 originem
537 2069 670 2101 habeat.
728 2072 763 2102 ln
792 2071 1055 2104 Deuteronomio
1092 2085 1146 2105 ca-

154 2111 222 2150 pite
238 2111 286 2142 16.
306 2110 427 2153 legitur
451 2113 652 2145 vocabulum
673 2114 778 2145 Missa
800 2126 861 2156 pro
886 2117 1144 2156 contributione,

156 2154 233 2194 quia
262 2154 294 2184 in
317 2154 426 2194 feriis,
448 2162 483 2187 ut
507 2157 571 2187 iam
602 2158 680 2196 dixi,
704 2158 807 2189 multa
830 2158 1057 2191 afferebantur
1080 2161 1146 2192 dis-

154 2196 331 2228 tribuenda
353 2201 567 2240 pauperibuS.

240 2272 307 2305 Alii
327 2275 440 2307 dicunt
451 2275 604 2308 Latinum
619 2287 697 2309 esse
709 2277 847 2310 Missam
866 2290 928 2320 pro
947 2280 1146 2312 remissione

151 2323 379 2357 peecatorum,
403 2320 490 2349 sicut.
514 2327 546 2350 et
570 2319 757 2361 Cyprianus
773 2324 875 2354 utitur
894 2323 1058 2354 vocabulo
1082 2324 1146 2355 Re-

151 2359 255 2390 missa
276 2371 336 2400 pro
351 2360 571 2403 Remissione‚
596 2365 728 2404 quiaibi
748 2367 960 2397 annuntiatur
981 2366 1145 2399 Remis-sio

151 2409 367 2443 peccatorum
382 2405 535 2436 omnibus
550 2408 724 2438 conversis
738 2409 792 2450 qui
806 2410 847 2440 ad
856 2409 1002 2441 Coenam
1012 2410 1145 2442 Domini

151 2446 290 2478 admissi
322 2454 408 2479 sunt.
455 2448 602 2480 Fuerunt
637 2451 737 2492 igitur
767 2458 924 2494 tanquam
955 2454 1059 2484 verba
1088 2455 1146 2486 ab·

151 2488 346 2523 solutionis:
382 2491 467 2527 λᾰοις
495 2490 603 2533 ἄφεσις
633 2494 728 2532 ἒσιω,
751 2495 885 2536 populis
916 2498 958 2528 sit
982 2497 1145 2536 remissio,

150 2533 183 2563 id
198 2539 260 2572 est,
283 2535 327 2565 sit
348 2535 447 2566 vobis
471 2536 636 2574 remissio,
659 2538 715 2578 qui
730 2540 924 2571 accessistis
939 2541 981 2571 ad
1001 2552 1145 2572 commu-

151 2576 295 2609 nionem.
350 2577 448 2613 Quod
481 2578 591 2610 Latini
623 2581 738 2613 imitati
772 2589 866 2615 sunt:
902 2583 972 2614 ITE
1006 2583 1146 2616 MlSSA

305 2645 432 2666 HELANT.
447 2647 529 2668 OPER.
544 2647 607 2668 VOL.
623 2648 707 2669 XXJJI.

1201 1496 1221 1515 a
1245 1485 1340 1516 Deo.
1387 1486 1523 1518 Oblatio
1549 1498 1615 1518 non
1639 1488 1787 1518 instituta
1811 1494 1862 1519 est
1891 1489 1921 1518 in
1947 1489 2058 1519 verbis
2082 1487 2191 1519 Evan-

1201 1528 1292 1570 gelii,
1316 1530 1376 1561 sed
1396 1532 1552 1572 sumptio.
1588 1531 1692 1573 Igitur
1715 1542 1781 1562 non
1801 1538 1850 1562 est
1875 1529 2029 1563 facienda
2053 1531 2190 1563 oblatio.

1610 1697 1773 1739 Contra.

1261 1792 1507 1833 Universalis
1540 1793 1718 1833 Ecclesia
1750 1809 1833 1833 non
1866 1800 1981 1834 errat.

1261 1852 1418 1893 Graeca
1466 1861 1508 1893 et
1556 1854 1702 1894 Latina
1750 1854 1927 1895 Ecclesia
1972 1854 2126 1894 faciunt

1319 1915 1571 1954 mentionem
1605 1915 1828 1955 oblationis.

1260 1974 1368 2029 Ergo
1402 1982 1463 2015 est
1496 1975 1630 2029 aliqua
1664 1976 1825 2015 oblatio.

1287 2066 1503 2107 Respondes».
1555 2067 1661 2098 Vetus
1691 2066 1847 2098 Ecclesia
1878 2066 2008 2098 Graeca
2042 2066 2189 2108 loquitur

1200 2110 1240 2140 de
1276 2109 1444 2140 oblatione
1481 2111 1663 2152 gratiarum
1694 2112 1853 2148 actionis,
1890 2121 1955 2141 non
1986 2111 2026 2141 de
2058 2111 2187 2149 me1ito‚

1200 2163 1259 2183 seu
1283 2154 1517 2194 propitiatione
1542 2164 1601 2195 pro
1626 2155 1785 2195 pcccatis,
1810 2154 1886 2195 quia
1910 2164 2072 2195 expresse
2096 2155 2188 2184 dicit:

1200 2195 1378 2227 offerimus
1403 2208 1463 2237 pro
1490 2197 1656 2235 Patribus,
1681 2197 1858 2239 Prophetis
1883 2204 1913 2228 et
1934 2196 2120 2237 Apostoli-5,
2144 2198 2191 2228 vi-

1200 2238 1318 2271 delicet
1343 2241 1531 2271 Gratiarum
1555 2241 1738 2278 actionem,
1762 2242 1847 2272 sicut
1872 2251 1986 2272 verum
2011 2247 2081 2279 est,
2105 2251 2190 2271 sem-

1199 2294 1260 2324 per
1290 2284 1321 2314 in
1347 2282 1461 2314 Coena
1486 2283 1620 2315 Domini
1652 2284 1736 2315 haec
1765 2283 1919 2315 facienda
1950 2294 2029 2315 esse
2060 2284 2190 2323 ordine,

1198 2326 1333 2368 publice
1357 2332 1387 2357 et
1411 2327 1574 2368 privatim.

1285 2406 1307 2436 Ι.
1353 2404 1609 2445 proponendam
1633 2415 1710 2436 esse
1740 2404 1923 2435 doctrinam
1951 2404 1993 2435 de
2017 2403 2188 2436 beneficiis

1199 2446 1337 2487 Christi,
1361 2449 1403 2480 de
1427 2447 1636 2480 Poenitcntia
1660 2454 1691 2479 et
1713 2447 1805 2479 Fide.

1285 2518 1320 2549 II.
1368 2516 1537 2556 Secundo,
1561 2517 1762 2549 Faciendam
1786 2526 1865 2548 esse
1888 2516 2142 2548 invocationem.

1285 2587 1334 2618 111.
1367 2585 1492 2625 Tertio,
1517 2586 1758 2627 Sumpfionem,
1782 2596 1848 2628 qua
1859 2585 1959 2617 Fides
1973 2585 2187 2618 confir-netur

1963 2646 1980 2672 ὃ
