2383 2990
170 134 232 166 327

169 230 241 271 gia,
277 227 478 269 Septimum,
511 226 628 256 domos
652 234 713 255 seu
735 223 832 254 nidos
862 221 1090 265 singulorum,
1125 228 1157 253 et

170 284 224 304 res
249 272 292 303 ad
315 272 438 301 11611111]
461 269 683 300 necessarias.
730 267 884 298 Sciamus
915 274 1025 297 autem
1049 273 1080 297 et
1103 266 1157 297 hic

170 315 333 347 ins-lusam
363 324 438 344 esse
470 312 709 343 adtii·n¹r.tivani
733 311 932 341 sententiam
956 311 989 340 in
1011 309 1157 350 prohibi-

170 361 259 390 tione
290 358 378 389 furti.
436 356 507 387 Nid
536 356 622 386 enim
657 354 823 385 distinctio
859 354 1096 390 dominiorum,
1127 360 1158 384 et

170 413 280 434 rerum
303 401 489 442 proprietas
514 405 615 436 esset,
640 396 820 439 adpellatio
843 396 921 428 furti
950 395 1031 427 nihil
1056 397 1158 438 signi-

170 446 296 477 ficaret.

258 530 341 561 Cum
361 535 472 560 autem
496 529 578 559 haec
602 538 668 558 1·οΧ
691 527 802 558 (11νί113
826 537 892 557 11011
917 527 961 557 511
984 527 1101 565 otiosa,
1127 532 1159 557 et
1182 521 1186 574 ξ
1211 535 1273 556 nec
1297 535 1376 556 esse
1399 526 1487 566 apud
1511 535 1585 555 eum
1608 526 1876 565 προςωποληψίαν.

173 574 273 606 iurari
298 573 385 604 haud
407 573 505 603 dubie
529 571 712 613 significet,
747 581 802 601 res
825 569 953 601 alienas
977 571 1049 601 sine
1072 571 1159 600 iusta

173 628 275 649 causa
309 616 458 653 auferre,
493 625 554 646 seu
579 616 609 646 11
632 625 690 645 5611
716 612 850 652 fraude,
877 613 1084 645 manifestum
1108 619 1159 644 est

173 663 205 692 in
229 661 295 691 1106
316 666 514 700 praecepto,
544 659 788 689 distinctionem
813 658 1031 688 dominiorum
1055 663 1085 687 et
1110 667 1160 687 re·
1183 679 1186 683 .

174 717 245 736 rum
268 704 505 746 proprietatem
531 702 652 733 sanciri
677 708 708 732 et
733 701 931 733 confirmari.
962 700 1004 731 Et
1028 701 1159 742 quoties

172 748 257 790 legis
284 757 399 778 1066111
423 747 592 784 audimus,
621 744 719 776 simul
744 745 1005 785 complectamur
1028 744 1160 774 additas

172 791 415 832 promissiones
447 796 479 820 et
514 790 799 824 comminationes,
835 798 919 829 quae
954 793 1033 818 sunt
1066 787 1161 818 nervi

172 835 294 878 legum.

260 904 384 935 Tuetur
408 903 502 934 Deus
533 901 641 944 legem
673 903 714 932 de
743 901 947 937 homicidiis,
977 898 1162 930 manifestis

175 947 335 989 exemplis
358 956 554 988 poenarum,
579 946 650 976 sive
679 945 892 986 magistratus
923 943 964 974 sit
990 949 1162 980 execatur,

175 994 247 1024 5116
273 997 394 1027 cesset,
419 996 453 1021 ut
485 990 644 1030 scriptum
669 995 734 1019 est:
767 987 831 1022 Qui
856 985 1001 1028 gladium
1025 996 1162 1027 accepe-

175 1038 227 1074 rit,
241 1035 352 1078 gladio
364 1034 493 1075 peribit.
509 1031 654 1063 Retrahit
665 1033 749 1062 enim
760 1030 1042 1071 Deusipsevariis
1055 1030 1162 1060 modis

174 1081 215 1111 ad
233 1089 359 1121 poenas
379 1078 475 1107 etiam
494 1074 582 1113 illos,
603 1076 656 1117 qui
677 1086 717 1106 ex
735 1075 886 1105 manibus
909 1074 1162 1115 magistratuum

175 1122 281 1164 elapsi
301 1127 388 1152 sunt.
413 1120 539 1150 Eodem
559 1119 657 1150 modo
677 1119 717 1150 de
736 1119 852 1159 poenis
866 1119 897 1148 in
912 1118 1054 1148 caeteris
1067 1127 1163 1157 prae-

175 1167 279 1208 ceptis
293 1165 444 1195 omnibus
458 1163 665 1193 sentiendum
680 1168 741 1193 est.
767 1161 844 1192 ldeo
861 1161 1030 1202 Propheta
1042 1161 1162 1201 inquit:

175 1210 248 1241 Vae
262 1209 315 1250 qui
327 1206 466 1248 spolias,
479 1207 555 1248 quia
568 1204 779 1247 spoliaberis.
809 1205 849 1235 Et
869 1205 946 1236 hinc
959 1203 1060 1235 multa
1074 1205 1163 1235 dicta

177 1265 195 1285 a
225 1253 375 1294 patribus
405 1257 545 1292 accepta
576 1256 698 1281 extant.
750 1247 840 1280 Male
869 1256 985 1291 parta,
1008 1247 1094 1279 male
1118 1247 1164 1278 di-

176 1296 343 1328 labuntur.

262 1357 411 1388 Primum
441 1355 541 1396 igitur
567 1354 653 1385 haec
675 1353 729 1385 lex
756 1354 799 1384 sit
822 1353 920 1384 nobis
944 1352 1166 1384 testimonium

178 1407 294 1433 contra
324 1398 508 1436 fanaticos,
533 1399 587 1439 qui
618 1396 835 1439 Evangelium
864 1395 1102 1427 transformant
1133 1396 1166 1426 in

178 1444 386 1477 Platonicam
409 1441 571 1484 politiam,
596 1448 628 1472 et
651 1440 780 1483 fingunt
802 1440 876 1471 Deo
901 1438 1080 1481 displicere
1100 1439 1167 1469 dis-

181 1488 374 1520 tinctionem
398 1486 629 1516 dominiorum.
670 1484 729 1516 His
753 1483 922 1515 furoribus
957 1487 1167 1524 opponantur
1192 1505 1193 1508 η

179 1538 212 1564 61
236 1532 338 1562 verba
362 1530 460 1560 huius
483 1529 586 1570 legiS‚
619 1534 651 1559 et
675 1538 806 1569 poenae
836 1527 991 1559 divinitus
1016 1526 1167 1568 proposi-

180 1582 234 1607 tae
257 1574 462 1616 rapientibus
486 1583 540 1603 res
564 1571 702 1603 alienas.

265 1661 436 1698 Secundo,
460 1659 586 1702 gratias
611 1669 750 1701 agamus
763 1657 850 1696 Deo,
874 1657 963 1699 quod
985 1657 1075 1688 hunc
1097 1654 1169 1697 pul·
1194 1661 1195 1664 ’

181 1705 296 1738 chrum
321 1705 469 1736 ordinem
492 1703 650 1741 instituit,
673 1703 763 1744 quod
786 1703 950 1742 adprobat
968 1711 1079 1732 rerum
1104 1702 1169 1732 dis·
1194 1719 1196 1725 ·

180 1750 386 1786 tinctionem,
421 1746 494 1778 11111
516 1754 548 1778 16
566 1746 630 1778 frui
653 1748 754 1778 rebus
778 1747 855 1784 tuis,
884 1751 917 1776 et
940 1755 1035 1776 suam
1057 1743 1168 1787 legem
1195 1751 1197 1769 ³

181 1800 214 1824 et
236 1802 421 1834 poenarum
445 1791 732 1828 comminationes,
769 1789 953 1821 circumdat
977 1789 1041 1820 tuis
1066 1790 1168 1819 rebu's

180 1846 288 1878 paene
312 1842 347 1866 ut
370 1835 516 1872 moenia,
539 1835 615 1876 quia
639 1834 850 1865 verissimum
873 1839 938 1870 est,
961 1833 1068 1874 magis
1091 1830 1168 1874 lege

180 1880 244 1911 Dei
267 1886 299 1911 et
322 1889 504 1920 poenarum
526 1884 627 1915 metu,
640 1888 735 1908 suam
759 1878 920 1918 cuiusque
944 1877 1077 1907 domum
1100 1886 1168 1906 mu-

181 1924 282 1954 nitam
307 1932 384 1953 esse
408 1922 575 1960 divinitus,
600 1932 699 1963 quam
723 1920 801 1952 ullis
823 1921 939 1958 muris,
963 1918 1079 1958 fossis,
1102 1925 1168 1950 tur-

181 1967 285 2004 ribus,
320 1966 501 2007 aggeribus
537 1972 567 1996 61
598 1964 708 1996 vallis.
776 1964 868 1995 Haec
909 1963 1070 1995 beneficia
1105 1962 1169 1993 Dei

180 2019 416 2051 agnoscamuS,
451 2016 484 2040 et
507 2008 671 2040 fateamur
703 2009 813 2049 ipsum
849 2017 927 2039 esse
961 2014 1112 2038 autorem
1137 2012 1169 2037 et

182 2054 355 2084 custodem
390 2051 515 2094 politici
550 2053 694 2090 ordinis,
730 2058 762 2083 et
792 2052 878 2093 grati
906 2057 1057 2082 tueamur
1079 2050 1168 2081 hunc

181 2097 329 2128 ordinem
365 2103 398 2127 et
431 2097 578 2127 sciamus
613 2106 675 2127 nos
710 2096 799 2127 bona
834 2095 1040 2126 conscientia
1067 2095 1169 2125 rebus

180 2141 305 2172 nostris
339 2141 386 2171 11ῐί
420 2150 542 2181 POSSC,
577 2146 618 2172 et·
642 2139 717 2170 Deo
756 2138 891 2181 Placere
924 2137 1024 2170 talem
1058 2148 1170 2169 rerum
1194 2163 1196 2179 =,
1221 2144 1365 2182 factare,
1399 2150 1429 2174 et
1455 2143 1593 2184 gignere
1626 2152 1733 2172 novas
1768 2142 1941 2183 opiniones
1965 2147 1995 2171 et
2019 2141 2210 2182 praestigiis

1194 2185 1197 2226 [ι
1222 2187 1461 2229 sophismatum
1486 2196 1542 2216 eas
1567 2184 1759 2216 defendere.
1803 2185 1842 2216 l-li
1871 2184 1940 2216 ludi
1963 2190 2113 2226 pugnant
2136 2194 2212 2216 cum

179 2195 277 2216 usum
299 2182 430 2225 legibus
456 2184 654 2215 ordinatum.

267 2270 398 2309 Tertio,
433 2270 651 2311 reprimamur
686 2280 770 2301 1066
804 2268 886 2307 Dei,
921 2275 953 2300 et
988 2277 1196 2310 poenarum:

181 2321 289 2352 metu,
319 2320 353 2344 ut
383 2314 609 2345 abstineamus
633 2323 651 2343 a
676 2314 777 2344 rebus
803 2311 938 2350 alienis,
969 2318 1002 2343 et
1029 2322 1094 2342 nec
1112 2322 1170 2343 vo·
1194 2309 1196 2326 ²

1194 2358 1274 2391 {tas
1309 2352 1480 2383 doctrinae
1517 2350 1675 2382 coelestis
1717 2352 1955 2392 corrumpitur,
1995 2356 2031 2381 ut
2065 2350 2210 2380 onmium

184 2400 225 2430 Et
253 2407 361 2432 tamen
388 2411 461 2432 cum
491 2401 637 2431 societas
664 2399 832 2430 hominum
858 2399 1012 2431 devincta
1041 2400 1083 2429 sit
1105 2399 1171 2430 hoc
1194 2427 1196 2431 .

181 2356 305 2395 luntas,
341 2368 404 2388 nec
437 2367 554 2388 manus
590 2357 654 2387 sint
689 2357 806 2388 avidae
833 2367 943 2387 rerum
978 2354 1169 2386 alienarum.

183 2444 294 2481 modo,
329 2450 365 2475 ut
389 2444 510 2485 singuli
545 2442 654 2475 aliena
684 2453 747 2484 ope
781 2443 962 2485 indigeant,
998 2440 1171 2474 consilium

184 2486 248 2517 Dei
272 2494 305 2517 et
328 2497 366 2517 ea
388 2488 421 2518 in
445 2498 480 2518 re
504 2488 767 2519 consideremus.

271 2571 353 2604 Vult
376 2572 470 2604 Dens
493 2584 552 2615 per
576 2580 791 2612 contractus,
814 2574 846 2604 in
872 2574 992 2615 quibus
1015 2579 1171 2604 servatur

184 2621 298 2647 mutua
331 2615 533 2659 aequalitas,
566 2628 622 2649 res
646 2618 891 2649 communicari.
933 2616 1195 2661 Agnoscamusl

796 128 908 160 PHIL.
931 127 1035 159 MEL.
1061 127 1250 159 SCRIPTA
1271 124 1552 158 DOGMATICA.

2133 124 2197 156 328

1210 223 1311 264 igitur
1333 220 1537 252 voluntatem
1550 220 1627 258 Dei,
1651 225 1682 251 et
1705 218 1939 262 aequalitatem
1962 220 1995 251 in
2020 219 2197 251 contracti-

1210 267 1272 297 bus
1302 271 1435 306 praeste
1450 274 1528 302 nus,
1560 270 1594 294 ut
1617 263 1688 294 Lex
1712 263 1893 306 significat:
1926 262 2058 306 Diligas
2088 263 2198 304 proxi-

1210 320 1310 347 mum,
1335 309 1421 339 sicut
1444 314 1476 338 te
1500 308 1618 348 ipsum.

1297 394 1364 425 11110
1389 400 1419 425 61
1444 394 1528 425 haec
1553 394 1703 424 doctrina
1728 394 1768 424 de
1795 392 2012 435 aequalitate,
2045 394 2087 427 sit
2110 403 2198 424 com·

1211 437 1426 476 monefactio,
1466 437 1622 469 iustitiam
1648 447 1725 467 csse
1748 435 2002 478 aequalitatem,
2025 442 2056 467 et
2078 436 2199 473 Deum,

1211 492 1286 512 cum
1310 482 1351 511 sit
1375 482 1495 519 iustus,
1519 479 1695 522 aequalem
1719 490 1795 511 esse
1820 480 1973 510 omnibus
1998 479 2199 517 hominibus,

1927 522 2022 554 Haec
2046 523 2200 554 conside-

1210 569 1292 599 ratio
1318 568 1417 609 digna
1441 574 1493 599 est
1523 568 1675 604 eruditis,
1714 573 1747 597 ut
1776 573 1964 607 agnoscant
1994 567 2026 597 in
2057 565 2199 608 singulis

1213 612 1390 642 virtutibus
1422 609 1761 642 commonefactiones
1793 609 1921 651 aliquas
1946 620 2023 641 esse
2047 610 2089 641 de
2111 609 2198 648 Deo,

1211 661 1247 686 ut
1268 665 1346 694 mog
1370 655 1411 685 de
1435 655 1572 687 veritate
1594 655 1701 696 magis
1725 654 1907 696 apparebit.

1419 870 1480 901 DE
1505 869 1688 901 OCTAVO
1713 869 1993 907 PRAECEPTO,

1336 961 1431 1001 Non
1471 960 1581 1000 dieas
1612 958 1758 1000 falsum
1788 959 2078 1000 testimonium.

1302 1079 1338 1109 In
1370 1077 1436 1110 hoc
1460 1084 1641 1119 praecepto
1673 1077 1772 1109 facile
1797 1078 1946 1118 conspici
1969 1083 2081 1118 potest
2105 1076 2204 1108 adfir-

1214 1123 1337 1154 mativa
1361 1123 1536 1160 sententia,
1550 1120 1716 1159 1111611661,
1741 1123 1788 1152 sis
1812 1132 1926 1159 verax,
1950 1122 2055 1152 oratio
2079 1128 2112 1152 et
2135 1126 2205 1151 tota

1216 1173 1353 1198 externa
1376 1166 1463 1197 actio
1487 1165 1529 1196 sit
1552 1175 1703 1207 congrua
1726 1175 1800 1196 cum
1822 1171 1942 1203 mente,
1966 1171 1999 1195 et
2022 1165 2088 1195 sint
2110 1165 2205 1195 firma

1216 1211 1304 1242 dicta
1328 1217 1359 1241 et
1382 1216 1490 1251 pacta.

1302 1288 1388 1319 Nam
1422 1286 1476 1318 hic
1506 1287 1546 1318 (16
1584 1287 1703 1318 virtute
1737 1285 1961 1328 μῦς-1161111113
1991 1285 2206 1327 prat-cipitur,

1218 1342 1303 1374 quae
1326 1333 1514 1362 nominatur
1538 1331 1671 1368 veritas,
1697 1341 1795 1372 quam
1818 1340 1932 1361 omnes
1962 1328 2152 1372 intelligunt
2173 1329 2206 1360 111

1216 1376 1281 1407 1136
1317 1375 1482 1406 6011111111νί
1517 1374 1584 1404 vita
1617 1375 1757 1404 maxime
1793 1374 2020 1404 necessariam
2051 1383 2140 1410 esse,
2170 1378 2208 1403 ut

1218 1420 1379 1457 videmus,
1404 1418 1432 1448 si
1456 1416 1546 1448 nulla
1571 1424 1661 1448 esset
1691 1418 1773 1447 tides
1797 1424 1986 1458 pactorum,
2017 1426 2139 1457 magna
2163 1425 2207 1446 ex

1217 1469 1313 1505 parte
1337 1467 1529 1493 contractus
1565 1459 1779 1498 tollerentur,
1812 1461 1933 1492 iudicia
1963 1460 2060 1490 etiam
2091 1463 2208 1490 essent

1219 1505 1388 1538 horribilis
1423 1503 1575 1536 confusio
1601 1505 1707 1542 11136,
1742 1505 1806 1535 11110
1832 1503 1931 1544 plena
1952 1502 2155 1540 latrociniiS,
2178 1501 2208 1533 si

1219 1560 1286 1581 non
1322 1555 1413 1580 esset
1448 1548 1639 1590 quaerenda
1662 1548 1806 1586 veritas,
1841 1554 1873 1578 et
1896 1548 1988 1578 iuxta
2011 1557 2093 1578 1613
2116 1545 2208 1577 testi-

1219 1594 1328 1625 monia
1352 1591 1641 1634 pronuntiandum.

1305 1665 1507 1702 Necessaria
1537 1676 1588 1704 est
1618 1670 1717 1700 etiam
1750 1670 1900 1700 veritatis
1936 1667 2148 1700 conservatio
2175 1667 2209 1698 in

1221 1716 1367 1753 artibus,
1399 1725 1475 1745 nam
1500 1714 1528 1744 si
1551 1713 1700 1744 medicus
1723 1724 1783 1754 pro
1808 1712 1937 1744 salubri
1966 1713 2207 1743 medicamento

1222 1760 1315 1790 daret
1344 1769 1474 1789 venena
1509 1758 1780 1798 extinguerentur
1806 1757 1967 1787 homines.
2024 1755 2085 1786 Est
2109 1755 2209 1797 igitur

1221 1803 1359 1834 evidens
1383 1800 1509 1833 utilitas
1534 1801 1683 1832 veritatis
1708 1802 1740 1831 in
1764 1801 2002 1837 contractibuS,
2021 1799 2152 1830 iudiciis
2177 1804 2210 1830 et

1221 1847 1368 1884 artibus,
1401 1846 1451 1876 Ac
1475 1846 1517 1876 sit
1546 1846 1578 1876 in
1603 1851 1789 1886 conspectu
1816 1843 1881 1875 hoc
1903 1849 2118 1885 praeceptum
2139 1841 2208 1874 De-

1223 1889 1344 1932 calogi,
1368 1896 1403 1921 ut
1426 1890 1598 1920 veritatem
1622 1899 1749 1920 summa
1768 1898 1848 1919 cura
1871 1894 2032 1918 tueamur.

1310 1969 1360 2000 Ac
1382 1974 1417 2000 ut
1448 1968 1490 2000 (16
1522 1967 1702 1998 mendaciis
1739 1972 1971 1998 contractuum
2004 1971 2037 1997 et
2070 1965 2210 1997 iudicio·

1221 2024 1305 2051 rum,
1329 2023 1414 2054 quae
1438 2017 1515 2043 sunt
1534 2010 1671 2048 infinita,
1691 2010 1754 2041 iam
1778 2020 1845 2041 non
1870 2011 1994 2041 dicam:
2030 2007 2211 2041 dolendum

1223 2063 1275 2088 est
1309 2063 1422 2088 tantos
1456 2065 1533 2086 esse
1568 2052 1700 2085 furores
1734 2053 1920 2092 hominum,
1955 2060 1991 2084 ut
2019 2054 2051 2084 in
2081 2054 2209 2085 artibus

1221 2099 1354 2131 laudem
1376 2099 1500 2141 ingenii
1524 2108 1599 2129 esse
1624 2098 1764 2136 ducant,
1790 2107 1888 2128 veras
1913 2097 2096 2128 sententias
2119 2095 2210 2128 labe-

1221 2231 1286 2263 hac
1309 2241 1394 2263 voce
1417 2230 1541 2261 divina:
1565 2229 1640 2260 Non
1661 2229 1753 2260 dicas
1777 2227 1900 2260 salsum
1923 2228 2158 2260 testimonium.

1309 2309 1376 2340 Sed
1400 2308 1506 2339 maius
1530 2305 1644 2338 scelus
1670 2314 1731 2346 est,
1756 2307 1887 2349 quando
1918 2307 2042 2338 veritas
2067 2311 2100 2337 et
2121 2305 2211 2347 puri-

1223 2404 1407 2438 temporum
1441 2393 1599 2426 haeretici
1631 2402 1661 2425 et
1692 2395 1780 2435 impii
1816 2395 1974 2425 doctores
2009 2392 2211 2424 horribiliter

1225 2451 1297 2472 eam
1333 2444 1558 2479 corrumpunt.
1619 2437 1708 2470 llaec
1743 2445 1883 2479 peccata
1910 2447 1976 2468 non
2001 2435 2109 2468 solum
2135 2446 2211 2468 cum

1193 2478 1195 2505 Ῐ
1222 2485 1289 2515 1106
1313 2489 1434 2514 octavo
1458 2488 1651 2523 praecepto,
1669 2482 1729 2513 ¹sed
1754 2482 1849 2512 etiam
1873 2492 1948 2512 cum
1970 2481 2075 2521 primo
2101 2486 2134 2511 et
2157 2490 2210 2512 se-

1224 2528 1333 2560 cundo
1363 2532 1526 2568 pugnant:
1562 2525 1637 2557 Non
1671 2526 1829 2557 adsumas
1864 2535 1983 2556 nomen
2018 2523 2080 2555 Dei
2113 2533 2209 2554 vane.

1223 2572 1348 2603 Harum
1378 2569 1596 2602 maximarum
1625 2579 1736 2601 rerum
1765 2569 1989 2600 consideratio
2017 2567 2211 2599 necessaria

1225 2622 1276 2647 est
1299 2615 1412 2646 xitaes
