2383 2990
230 147 269 179 15
809 124 812 125 ⁷
854 140 966 172 mm..
990 139 1093 171 MEL.
1118 139 1306 173 SCRIPTA
1329 140 1606 173 DOGMA'rtcA.
2191 141 2232 173 16

228 238 420 270 clamantem
454 237 551 268 Abba
580 242 691 276 pater,
726 235 758 265 id
782 240 851 271 est,
882 232 1125 275 confugientem
1158 235 1201 265 ad

226 282 334 312 Deum
357 280 477 311 fiducia
499 277 582 315 Filii,
605 283 635 308 et
660 278 693 308 in
716 277 804 307 veris
819 278 997 317 pavoribus
1017 283 1200 308 moventem

226 324 338 361 corda,
358 330 390 353 ut
414 322 627 362 acquiescant
649 321 681 350 in
703 319 795 358 Deo,
819 325 954 361 propter
976 318 1200 350 Mediatorem.

313 407 355 437 Et
377 404 680 437 manifestissimum
703 411 773 443 est,
798 414 865 435 non
888 414 989 444 posse
1013 405 1132 445 deponi
1158 405 1203 434 vi-

225 452 316 482 ribus
339 447 542 480 naturalibus
565 447 704 485 ᾰιαξίαν,
734 457 818 488 quae
848 448 1020 477 nobiscum
1044 448 1201 483 nascitur,

227 503 313 534 quae
346 491 532 522 nominatur
564 489 651 520 Mala
676 491 962 530 concupiscentia,
997 495 1029 519 et
1052 489 1202 526 Mortem,

225 545 286 567 nec
320 544 420 574 posse
444 532 607 563 hominem
631 531 778 574 perfecte
802 531 998 563 satisfacere
1022 531 1105 572 Legi
1130 531 1201 561 Dei.

223 578 356 609 Dictum
379 582 429 606 est
452 576 552 617 igitur
576 574 691 606 Roma.
715 575 746 606 S.
793 574 998 615 Impossibile
1023 581 1093 604 erat
1112 574 1203 614 Lege

224 619 412 654 iustificari;
436 618 534 649 ltem:
560 617 686 648 Sensus
711 619 819 648 carnis
844 618 926 657 Legi
949 617 1012 647 Dei
1036 626 1102 646 non
1126 618 1202 647 sub-

224 663 327 699 ditur,
362 671 423 691 nec
446 667 555 702 potest
579 662 609 691 ei
632 661 739 691 subdi.
787 660 926 700 Propter
950 659 1033 689 haec
1058 660 1203 688 testimo·

222 706 277 736 nia
299 704 473 745 perspicua
498 704 643 734 sciamus
667 702 786 733 falsam
815 708 845 733 et
875 702 1006 742 impiam
1035 711 1111 731 esse
1135 702 1202 741 opi-

223 749 354 779 nionem
377 745 642 787 l’elagianorum,
667 756 765 786 quam
788 745 917 785 sequuti
943 751 1017 774 sunt
1036 742 1203 780 Monachi,

227 792 281 831 qui
306 791 499 825 docuerunt,
523 789 672 818 homines
693 797 794 827 posse
817 787 898 827 Legi
922 786 983 816 Dei
1008 786 1202 816 satisfacere

225 834 350 863 viribus
364 830 578 868 naturalibus,
603 832 719 861 mereri
739 830 965 860 remissionem
977 835 1202 870 peccatorum,

225 882 257 907 et
280 886 358 906 esse
381 875 486 905 iustos
510 874 611 915 Legis
635 872 832 913 impletione.

311 959 438 990 Rursus
463 959 558 989 etiam
582 967 713 987 errores
736 957 1005 988 Manichaeorum
1029 962 1061 987 et
1078 955 1201 986 Enthu-

225 1004 399 1034 siastarum
423 1000 567 1042 fugiendi
602 1007 689 1031 suut.
745 999 930 1030 Manichaei
954 999 1092 1040 fingunt,
1117 997 1200 1029 alios

225 1046 374 1077 homines
409 1051 501 1074 ortos
536 1053 612 1073 esse
635 1053 655 1072 a
679 1043 766 1073 bono
795 1042 888 1080 Deo,
923 1043 978 1083 qui
1011 1042 1201 1072 necessario

225 1086 451 1119 benefaciunt:
487 1085 569 1116 alios
603 1096 623 1115 a
657 1084 743 1115 malo
778 1084 872 1123 Deo,
906 1086 960 1125 qui
983 1095 1049 1115 non
1072 1084 1203 1124 possint

225 1131 372 1162 converti
395 1130 436 1159 ad
462 1128 578 1158 Deum.
624 1127 877 1165 Enthusiastae,
911 1128 1146 1167 Anabaptistae
1171 1131 1203 1156 et.

225 1171 485 1205 Stenckfeldiani
511 1171 653 1211 tingunt,
689 1171 913 1211 expectandos
942 1179 1019 1200 esse
1038 1169 1202 1199 violentos

224 1222 348 1256 raptus,
369 1215 422 1255 qui
447 1213 609 1244 hominem
633 1214 730 1243 etiam
744 1219 982 1254 repugnantem
996 1216 1201 1243 convertant.

225 1259 293 1289 llas
319 1263 532 1298 portentosas
558 1256 730 1295 opiniones
754 1254 937 1295 fugiamus,
960 1261 991 1285 et
1015 1255 1203 1284 considere-

224 1311 294 1332 mus
319 1300 467 1330 ordinem
490 1298 594 1328 aDeo
617 1299 800 1329 sancitum:
824 1298 922 1328 Fides
946 1298 1121 1328 ex‘*auditu
1140 1302 1203 1332 est,

224 1344 354 1375 auditus
378 1353 437 1382 per
461 1342 597 1372 verbum
620 1340 695 1378 Dei,
719 1347 782 1371 etc.

311 1425 446 1467 Colligit
466 1425 559 1456 Deus
584 1432 750 1456 aeternam
772 1423 960 1456 Ecclesiam
982 1433 1067 1455 voce
1096 1423 1204 1453 Evan-

226 1469 323 1512 gelii,
357 1475 388 1499 et
412 1479 478 1500 non
497 1467 603 1506 aliter,
638 1468 745 1508 arguit
774 1473 966 1508 peccatum,
1001 1472 1032 1496 et
1051 1465 1117 1497 vult
1141 1476 1204 1496 nos

226 1522 469 1553 expavescere,
509 1521 574 1541 non
607 1521 824 1551 perseverare
857 1511 889 1540 in
924 1509 1051 1540 delictis
1087 1515 1204 1539 contra

226 1555 473 1587 conscientiam.
541 1553 686 1584 Tradidit
720 1553 817 1583 etiam
850 1552 1105 1592 promissionem
1129 1562 1204 1592 gra-

226 1600 303 1635 tiae,
333 1599 385 1629 cui
407 1596 477 1627 wilt
501 1606 563 1626 nos
587 1596 753 1633 assentiri,
784 1601 816 1625 et
839 1605 905 1625 non
927 1593 1098 1634 indulgere
1122 1592 1204 1624 disti-

227 1641 369 1677 dentiae,
394 1640 453 1670 sed
476 1638 593 1670 luctari
617 1650 691 1669 cum
715 1636 937 1669 imbecillitate
960 1643 1085 1674 nostra,
1108 1642 1140 1666 ct
1164 1636 1205 1666 si-

225 1683 293 1715 mul
316 1690 427 1724 petere
451 1681 605 1712 auxilium
629 1682 770 1721 Spiritus
793 1682 910 1717 sancti,
934 1690 1031 1721 quem
1055 1680 1205 1720 promisit

226 1728 277 1764 iis,
301 1727 355 1767 qui
379 1736 416 1755 se
439 1724 502 1755 fide
526 1730 723 1761 sustentant,
746 1726 831 1754 sit-ut
851 1724 969 1753 dicitur
989 1721 1142 1753 Galat-3.
1163 1721 1206 1751 Ut

227 1769 403 1810 promissio
427 1767 569 1808 Spiritus
589 1767 696 1797 sancti
724 1767 819 1797 detur
845 1766 1066 1797 credentibus.
1111 1765 1205 1794 Item:

227 1812 359 1847 Quanto
382 1812 486 1851 magis
512 1809 609 1840 Pater
632 1816 744 1840 vester
768 1808 923 1840 coelestis
947 1809 1034 1839 dabit
1049 1808 1205 1847 Spiritum

228 1861 379 1885 sanctum
393 1853 590 1893 petentibus,
616 1853 710 1893 quasi
734 1853 830 1889 dicat,
854 1862 920 1882 non
934 1851 1205 1892 repugnantibus.

228 1897 323 1927 Item:
360 1896 463 1926 Petite
493 1902 522 1926 et
551 1896 730 1934 accipietis.
784 1894 878 1925 Item:
915 1893 1082 1924 Converte
1105 1903 1156 1923 me
1176 1897 1205 1922 et

229 1945 413 1970 convertar.
459 1938 531 1969 Huc
555 1939 718 1978 pertinent
737 1938 818 1968 haec
843 1938 948 1967 dicta:
967 1936 1079 1966 Trahit
1101 1935 1207 1972 Deus,

229 1983 287 2013 sed
310 1981 462 2013 volentes
488 1981 596 2012 trahit.
642 1980 738 2010 Item:
764 1980 877 2011 Gratia
900 1985 1089 2019 praeeunte,
1109 1978 1207 2009 comi-

228 2031 317 2056 tante
339 2023 518 2055 voluntate.

315 2108 527 2140 Concurrunt
556 2109 654 2148 igitur
677 2108 708 2137 in
739 2108 957 2138 conversione
988 2107 1050 2137 hae
1074 2115 1207 2142 causae,

233 2154 369 2183 verbum
384 2151 462 2187 Dei,
488 2151 630 2191 Spiritus
654 2156 807 2187 sanctus,
833 2160 928 2190 quem
941 2149 1040 2180 Pater
1063 2155 1095 2179 et
1107 2147 1208 2178 Filius

230 2197 372 2232 mittunt,
391 2201 426 2224 ut
449 2195 611 2225 accendat
634 2199 749 2224 nostra
773 2193 885 2230 corda,
905 2198 937 2223 et
961 2199 1076 2223 nostra
1095 2189 1208 2222 volun-

231 2245 281 2269 tas
302 2238 498 2274 assentiens,
522 2242 554 2267 et
573 2246 637 2266 non
657 2246 846 2277 repugnans
867 2236 967 2266 verbo
991 2234 1065 2265 Dei.
1097 2234 1148 2264 Ac
1168 2244 1209 2264 ne

231 2280 461 2322 indulgeamus
476 2278 688 2316 diffidentiae,
708 2279 984 2309 considerandum
1004 2283 1066 2314 est,
1090 2283 1208 2307 utram-

232 2334 295 2365 que
320 2323 512 2354 concionem
535 2320 757 2352 universalem
783 2331 878 2358 esse,
915 2321 1110 2351 concionem
1132 2329 1209 2360 poe-

235 2367 407 2403 nitentiae,
431 2372 463 2396 et
481 2365 736 2405 promissionem
761 2364 905 2405 gratiae,
941 2364 1026 2394 sicut
1046 2363 1078 2393 in
1104 2362 1209 2392 lesaia

234 2408 324 2440 clare
352 2409 485 2445 dicitur,
522 2409 618 2447 capit.
648 2406 700 2437 53.
769 2408 893 2437 Omnes
925 2416 986 2437 nos
1010 2406 1104 2447 quasi
1128 2415 1208 2436 oves

234 2451 428 2488 erravimus,
462 2451 686 2491 unusquisque
721 2450 752 2480 in
787 2450 873 2479 viam
907 2459 1000 2479 suam
1023 2447 1209 2485 declinavit,

235 2500 267 2524 et
300 2494 409 2534 posuit
432 2493 524 2524 Deus
548 2494 579 2523 in
603 2503 643 2523 eo
674 2493 860 2533 iniquitates
883 2492 1025 2522 omnium
1048 2499 1209 2522 nostrum.

234 2535 276 2567 Et
299 2537 341 2566 de
365 2537 578 2567 accusatione
601 2534 781 2566 universali
804 2535 927 2575 passim
946 2535 1044 2565 obvia
1067 2539 1143 2564 sunt
1165 2540 1210 2564 te-

236 2580 404 2610 stimonia:
449 2579 564 2609 Omnis
599 2589 678 2610 caro
712 2578 856 2609 foenum.
928 2577 1008 2608 ltem
1044 2576 1140 2608 Rom.
1173 2576 1202 2607 3.

1252 234 1298 266 Ut
1338 244 1434 265 omne
1468 244 1507 265 os
1541 235 1729 272 obturetur,
1769 240 1802 265 et
1835 244 1911 266 reus
1946 236 1989 266 sit
2016 240 2106 266 totus
2140 245 2232 266 mun-

1254 278 1315 308 dus
1339 277 1423 307 Deo.
1491 276 1620 310 Rursus
1655 282 1687 307 et
1708 278 1946 317 promissiones
1968 276 2175 309 universales
2199 277 2233 308 in

1254 325 1437 360 conspectu
1460 320 1536 349 sint.
1583 317 1756 350 Conclusit
1777 319 1872 350 Deus
1896 330 2010 351 omnes
2033 321 2094 351 sub
2114 330 2231 361 pecca-

1254 368 1333 399 tum,
1357 368 1389 392 ut
1414 362 1556 392 omnium
1580 362 1785 393 misereatur.
1831 362 1932 394 Item:
1961 363 2077 394 Omnis
2107 363 2161 404 qui
2185 363 2232 393 in-

1255 405 1424 435 vocaverit
1448 414 1566 434 nomen
1589 403 1733 442 Domini,
1753 404 1869 435 salvus
1892 406 1963 436 erit.
1995 405 2090 436 ltem:
2115 405 2233 436 Venite

1255 447 1296 476 ad
1321 457 1372 477 me
1395 457 1520 483 omnes,
1545 447 1599 487 qui
1623 446 1783 478 laboratis
1808 453 1839 478 et
1856 450 1982 479 onerati
1999 449 2093 486 estis,
2112 453 2145 478 et
2168 457 2232 489 ego

1255 488 1400 519 reficiam
1424 500 1496 520 vos.
1542 489 1637 519 ltem:
1667 489 1764 530 Apud
1795 489 1902 521 Deum
1931 501 1997 520 non
2032 496 2082 521 est
2115 502 2232 531 προςω-

1255 534 1396 571 ποληψία.
1467 532 1537 562 Hae
1563 542 1663 562 verae
1686 538 1718 563 et
1742 532 1956 563 dulcissimae
1984 533 2233 564 consolationes

1255 584 1385 613 semper
1416 575 1449 605 in
1483 580 1667 614 conspectu
1700 576 1782 613 sint,
1816 585 1877 605 nec
1911 581 2074 615 ponantur
2103 577 2134 606 in
2158 575 2233 606 Deo

1256 618 1535 648 contradictoriae
1559 616 1757 648 voluntates.
1792 617 1872 648 Vult
1891 628 1953 648 nos
1978 617 2071 650 Deus
2096 619 2235 649 credere

1256 659 1355 696 Filio,
1388 666 1420 690 et
1448 660 1604 700 promittit
1628 661 1768 701 gratiam
1792 662 1942 692 onmibus
1966 660 2233 702 confugientibus

1254 702 1296 732 ad
1316 701 1451 739 Filium,
1486 708 1518 733 et
1540 704 1726 743 petentibus
1750 702 1924 742 auxilium,
1958 704 2044 734 sicut
2078 703 2233 735 Psalmus

1254 745 1374 785 inquit:
1409 745 1503 776 Beati
1535 756 1650 775 omnes
1681 747 1734 786 qui
1759 746 1928 777 confidunt
1951 747 1983 777 in
2007 757 2090 777 eum.
2157 746 2234 776 Non

1254 788 1353 828 igitur
1376 798 1608 828 repugnemuS,
1631 789 1690 818 sed
1714 790 1935 820 assentiamur
1957 790 2180 830 promissioni,
2201 793 2234 820 et

1254 830 1340 860 lianc
1374 831 1598 870 precationem
1628 832 1763 862 assidue
1793 838 1997 872 repetamus:
2032 831 2140 863 Credo
2162 831 2233 862 Do-

1254 873 1351 911 mine,
1375 874 1436 904 sed
1460 884 1557 915 opem
1579 872 1629 904 fer
1652 884 1744 905 meae
1768 874 1992 906 imbecillitati.

1351 1004 1438 1043 DE
1483 1004 2128 1045 IUSTIFICATIONE.

1331 1122 1439 1172 Quid
1471 1123 1668 1177 significat
1699 1125 1943 1164 vocabulum
1974 1124 2157 1164 Iustitia?

1343 1222 1481 1261 Semper
1500 1222 1533 1252 in
1556 1222 1619 1252 hac
1643 1222 1792 1253 doctrina
1815 1222 1906 1253 initio
1931 1224 2176 1260 consideretur,
2199 1227 2233 1253 et

1257 1264 1334 1305 quid
1357 1263 1522 1295 vocabula
1547 1265 1735 1305 significent
1758 1264 1894 1302 Iustitia,
1919 1264 2045 1303 Gratia,
2068 1265 2179 1303 Fides,
2199 1269 2233 1296 et

1257 1307 1462 1338 discernatur
1485 1307 1610 1338 lustitia
1634 1309 1744 1338 carnis
1768 1319 1788 1339 a
1806 1308 1931 1339 lustitia
1954 1307 2038 1339 fidei.

1342 1366 1403 1397 Est
1437 1372 1547 1397 autem
1580 1367 1705 1397 Iustitia
1736 1369 1844 1398 carnis
1879 1367 2065 1398 obedientia
2087 1373 2234 1406 externa,

1256 1410 1347 1440 iuxta
1365 1410 1473 1439 omnia
1496 1410 1651 1440 mandata
1664 1409 1739 1448 Dei,
1763 1420 1861 1450 quam
1884 1409 1981 1440 homo
2005 1410 2103 1441 etiam
2126 1411 2158 1441 in
2170 1410 2235 1440 hac

1257 1451 1476 1482 imbecillitate
1510 1451 1713 1483 naturalibus
1744 1453 1869 1483 viribus
1904 1453 2072 1494 utcu'nque
2101 1451 2235 1484 efficere

1257 1500 1377 1535 potest.
1432 1494 1494 1525 Est
1522 1500 1629 1526 autem
1652 1494 1735 1526 haec
1759 1496 1944 1526 obedientia
1968 1496 2162 1537 gubernatio
2185 1494 2235 1525 lo-

1258 1538 1453 1575 comotivae,
1487 1538 1519 1567 id
1554 1544 1621 1575 est,
1655 1544 1864 1569 externorum
1893 1544 2061 1579 gestuum,
2091 1548 2177 1579 quae
2199 1536 2236 1569 fit

1258 1581 1457 1621 cogitatione
1486 1581 1603 1611 mentis
1639 1587 1671 1611 et
1698 1579 1893 1619 voluntatis,
1925 1582 2031 1612 ciente
2053 1586 2110 1611 aut
2132 1581 2236 1621 repri-

1256 1629 1365 1653 mente
1389 1633 1516 1664 organa
1538 1622 1768 1654 locomotivae.
1835 1623 2030 1654 Nominatur
2053 1629 2163 1654 autem
2181 1623 2235 1653 Li-

1258 1671 1340 1703 tera,
1362 1666 1394 1695 id
1419 1671 1481 1704 est,
1505 1666 1651 1706 pictura,
1672 1667 1767 1707 quasi
1798 1664 1880 1697 illita
1903 1668 2043 1698 cerebro
2067 1666 2236 1707 cogitatio-

1258 1718 1310 1746 ne,
1334 1709 1410 1749 quia
1433 1719 1498 1739 non
1522 1714 1573 1739 est
1596 1708 1654 1739 lux
1677 1710 1808 1740 intuens
1821 1708 1940 1747 Deum,
1964 1719 2026 1740 nec
2050 1714 2101 1741 est
2124 1709 2235 1739 incen-

1260 1751 1345 1781 dium
1370 1758 1401 1781 et
1424 1751 1491 1782 vita
1514 1752 1545 1781 in
1568 1752 1681 1789 corde,
1704 1752 1790 1782 sicut
1814 1750 1928 1783 folium
1952 1752 2004 1782 fici
2022 1752 2157 1794 tegebat
2180 1761 2234 1782 ex-

1258 1799 1384 1824 ternam
1419 1793 1659 1824 deformitatem
1692 1794 1865 1832 in¹Adam,
1899 1806 1966 1826 non
1989 1795 2129 1826 tollebat
2151 1805 2235 1826 eam.

1260 1836 1455 1877 Quanquam
1479 1843 1587 1867 autem
1610 1836 1693 1867 haec
1717 1836 1885 1878 diligentia
1908 1839 2044 1869 rationis
2062 1839 2094 1869 in
2118 1847 2235 1878 regen—

1260 1880 1302 1909 da
1325 1878 1497 1920 disciplina
1521 1886 1657 1910 externa
1679 1890 1745 1910 non
1758 1887 1901 1911 meretur
1914 1881 2141 1912 remissionem
2159 1889 2236 1920 pec-

1261 1929 1423 1959 catorum,
1456 1932 1518 1952 nec
1544 1928 1595 1953 est
1618 1923 1739 1953 iustitia
1763 1933 1874 1953 coram
1898 1922 1990 1960 Deo,
2023 1934 2085 1955 nec
2109 1930 2160 1955 est
2178 1923 2236 1953 im-

1262 1963 1361 2004 pletio
1385 1965 1498 2006 Legis,
1518 1970 1624 1995 tamen
1649 1966 1858 1996 severissime
1882 1967 2042 2007 praecipit
2062 1966 2169 2004 Deus,
2199 1969 2236 1995 ut

1261 2007 1347 2038 hanc
1366 2006 1570 2048 disciplinam
1582 2014 1798 2048 praestemus,
1822 2014 1854 2038 et
1876 2010 1907 2039 in
1930 2009 1994 2039 hac
2017 2009 2145 2041 mortali
2168 2009 2237 2040 vita

1260 2051 1353 2091 punit
1386 2051 1555 2081 atrocibus
1588 2051 1704 2091 poenis
1733 2056 1878 2082 atrocem
1908 2051 2116 2083 violationem
2138 2053 2236 2083 disci-

1261 2092 1382 2133 plinae,
1416 2098 1447 2123 et
1470 2093 1532 2123 nisi
1557 2093 1611 2123 fiat
1630 2094 1805 2124 conversio
1829 2095 1872 2125 ad
1894 2091 2013 2132 Deum,
2047 2096 2140 2136 punit
2163 2105 2236 2126 eam

1261 2137 1404 2167 aeternis
1428 2136 1554 2177 poenis.

1348 2196 1497 2227 Sciamus
1520 2201 1627 2226 autem
1651 2202 1792 2236 quatuor
1823 2207 1897 2227 esse
1933 2207 2073 2236 causas,
2100 2203 2236 2239 propter

1262 2249 1344 2280 quas
1380 2248 1513 2276 omneS,
1548 2238 1645 2269 etiam
1669 2249 1735 2269 non
1758 2240 1882 2278 renati,
1916 2239 2036 2270 debent
2062 2246 2236 2282 praestare

1262 2280 1478 2322 disciplinam.

1347 2341 1455 2372 Prima
1489 2347 1551 2379 est,
1586 2340 1777 2372 Mandatum
1800 2340 1874 2380 Dei,
1910 2344 1986 2384 quia
2009 2352 2123 2374 omnes
2146 2352 2236 2373 crea—

1262 2391 1355 2415 turae
1378 2383 1556 2415 rationales
1580 2383 1654 2415 Deo
1678 2386 1894 2416 obedientiam
1917 2387 2047 2417 debent.

1348 2444 1513 2482 Secunda,
1548 2444 1739 2475 Necessitas
1772 2445 1895 2476 vitandi
1934 2451 2064 2476 atroces
2098 2455 2237 2486 poenas,

1262 2489 1352 2518 iuxta
1376 2488 1477 2518 dicta:
1512 2486 1574 2522 Qui
1609 2486 1754 2528 gladium
1776 2489 1953 2529 acceperit,
1973 2487 2084 2530 gladio
2107 2490 2235 2529 peribit.

1262 2531 1335 2561 Vae
1369 2531 1424 2571 qui
1457 2528 1598 2570 spolias,
1631 2531 1707 2571 quia
1736 2529 1943 2571 spoliaberis.
1989 2531 2095 2562 Levit.
2121 2531 2170 2562 18.
2195 2532 2236 2563 de

1263 2573 1416 2605 incestis:
1439 2572 1554 2604 Omnis
1573 2574 1680 2604 anima
1693 2584 1778 2614 quae
1801 2572 1917 2606 fecerit
1938 2573 1999 2606 has
2023 2575 2236 2606 abominatio-
