2383 2990
155 131 197 163 71
787 106 901 161 pum.
925 127 1028 160 MEL.
1053 127 1241 161 SCRIPTA
1264 126 1543 160 DOGMATICA.
1815 150 1819 152 v
2129 129 2172 161 ⁷2

157 235 245 257 cere.
290 224 368 256 Ideo
392 226 514 256 dictum
538 230 604 255 est:
633 223 720 255 Vivo
752 234 831 266 ego,
856 223 932 254 dicit
960 222 1137 261 Dominus,

155 267 235 300 nolo
269 276 407 299 mortem
442 268 645 309 peccatoris,
681 267 741 298 sed
776 273 811 298 ut
841 273 1071 305 convertatur,
1106 273 1138 297 et

156 313 256 343 vivat.

243 387 310 419 Sed
332 387 442 424 Fides,
462 397 546 428 quae
570 387 650 427 petit
673 388 761 418 bona
785 385 989 427 corporalia,
1012 392 1047 416 ut
1068 385 1137 416 Da-

155 432 210 462 vid
233 438 349 471 petens
374 440 411 460 se
434 431 546 461 reduci
575 431 607 460 in
630 441 785 471 regnum,
814 430 893 470 petit
919 440 992 460 cum
1025 429 1137 459 condi-

154 475 259 505 tione:
284 474 324 504 Si
355 472 439 503 Deo
465 471 617 513 placet.
654 474 738 508 Quia
761 479 937 514 utrumque
963 472 1135 502 sciendum

155 524 224 555 est,
258 523 289 546 et
313 516 455 556 petenda
483 526 560 547 esse
583 515 667 546 haee
693 518 797 553 bona,
828 522 857 546 et
887 522 996 545 tamen
1021 514 1136 545 Eccle-

154 561 235 590 siam
266 560 449 589 subiectam
473 569 551 590 esse
575 560 683 597 eruci,
714 566 744 589 et
772 560 894 589 debere
918 558 1137 588 obedientiam

153 602 238 640 Deo,
262 603 351 633 imita
373 602 511 633 dictum:
545 601 763 634 Humiliamini
792 603 854 632 sub
885 602 1011 641 potenti
1038 611 1137 631 manu

153 645 226 677 Dei.

239 721 311 753 Nec
334 727 445 752 tamen
468 722 560 752 irrita
584 727 634 752 est
656 722 817 762 precatio.
851 720 918 751 Aut
943 721 1026 751 enim
1050 719 1136 750 tolli-

152 771 206 796 tur
228 775 347 806 poena,
371 771 429 795 aut
451 765 627 806 mitigatur,
650 772 685 795 ut
709 765 777 801 lob,
801 764 922 801 David,
946 764 1135 801 Manasses,

122 835 125 838 .
152 809 369 839 restituuntur
388 808 419 838 in
444 818 505 838 sua
528 818 642 849 regna.
688 807 843 838 Amasiae
873 813 903 837 ct
930 806 1031 837 Osiae
1054 807 1136 836 miti-

153 858 252 892 gatae
271 857 346 881 sunt
359 861 498 890 poenae,
523 851 608 882 sicut
625 850 817 891 plerumque
833 849 880 887 fit,
893 851 981 880 iuxta
999 850 1134 879 dictum:

152 894 228 925 Non
252 893 371 924 faciam
395 892 538 924 furorem
563 895 631 924 irae
654 903 758 923 meac.
805 893 899 924 Item:
929 893 960 924 Si
985 893 1135 933 iniquita-

152 942 203 968 tes
229 938 464 967 observaveris
488 936 639 973 Domine,
663 935 805 967 Domine
837 936 911 977 quis
935 936 1134 966 sustinebit?

151 981 248 1012 Item:
267 980 408 1010 Domine
432 981 465 1010 in
486 980 605 1010 iudicio
630 980 781 1021 corrigas
805 989 868 1017 me,
890 988 933 1009 ne
946 979 988 1009 ad
1000 977 1135 1010 nihilum

152 1024 284 1064 redigas
304 1033 366 1053 me.

238 1099 393 1141 Denique
419 1109 561 1130 necesse
585 1104 635 1129 est
659 1097 845 1129 firmissime
874 1099 962 1129 hanc
985 1097 1135 1139 regulam

152 1148 280 1174 tenere:
311 1143 415 1173 Etiam
439 1143 568 1173 amissis
598 1143 748 1173 omnibus
778 1142 873 1172 bonis
904 1141 1134 1182 corporalibus

153 1192 184 1217 et
210 1197 282 1217 cum
306 1187 372 1216 vita
396 1186 547 1226 corporis
568 1192 658 1215 certo
674 1186 853 1215 amittenda
873 1191 935 1223 est,
958 1191 1066 1215 tamen
1085 1195 1135 1215 re—

150 1229 284 1260 tinenda
319 1235 369 1259 est
403 1229 579 1268 promissio
617 1229 743 1269 gratiae
779 1234 812 1259 et
846 1229 933 1259 vitae
966 1234 1134 1265 aeternae,

151 1273 241 1303 iuxta
264 1271 348 1302 haec
370 1272 471 1302 dicta:

236 1348 423 1380 Ezechielis
442 1348 492 1380 18.
527 1347 614 1379 Vivo
639 1357 720 1389 ege,
744 1348 821 1378 dicit
845 1347 1025 1385 Dominus,
1055 1345 1133 1378 nolo

148 1399 288 1423 mortem
311 1392 512 1433 peccatoris,
536 1391 596 1421 sed
619 1397 653 1422 ut
678 1396 909 1429 convertatur,
934 1396 966 1421 et.
990 1391 1089 1421 vivat.

234 1454 325 1483 Item:
351 1452 407 1483 Sic
430 1451 524 1482 Deus
548 1449 659 1481 dilexit
681 1451 848 1488 mundum,
871 1457 907 1482 ut
926 1449 1042 1481 Filium
1064 1450 1135 1481 uni-

150 1495 297 1536 genitum
323 1496 465 1533 dederit,
487 1500 523 1525 ut
548 1495 653 1524 omnis
677 1495 731 1535 qui
756 1494 860 1525 credit
885 1495 917 1524 in
944 1504 1032 1532 eum,
1066 1503 1133 1524 non

149 1545 275 1580 pereat,
295 1539 353 1570 sed
376 1538 498 1569 habeat
520 1537 621 1568 vitam
643 1543 823 1568 aeternam.

236 1600 330 1629 Item:
365 1598 485 1628 Venite
518 1598 560 1628 ad
594 1607 646 1628 me
677 1607 791 1628 omnes
821 1597 875 1638 qui
907 1595 1070 1627 laboratis
1101 1601 1133 1627 et

151 1642 279 1673 onerati
304 1642 396 1679 estis,
419 1641 492 1682 Ego
516 1640 661 1671 reficiam
685 1650 759 1671 vos.

235 1703 328 1733 Item:
352 1700 487 1732 Etiamsi
512 1701 641 1731 occidet
664 1710 727 1741 me,
751 1700 894 1740 sperabo
914 1700 947 1730 in
971 1709 1054 1730 eum.

236 1763 328 1792 Item:
369 1760 575 1792 Sacrificium
606 1761 750 1791 Domino
783 1760 921 1800 Spiritus
957 1759 1132 1791 contritus.

151 1803 219 1836 Cor
238 1803 493 1835 contribulatum
516 1803 611 1835 Deus
635 1814 700 1834 non
726 1803 902 1843 despicies.

237 1863 277 1894 Et
302 1871 350 1895 est
370 1871 539 1895 aeternum
562 1870 596 1894 et
617 1863 817 1894 immutabile
840 1863 1027 1893 mandatum
1047 1862 1134 1892 omni

149 1913 315 1948 tempore,
338 1914 373 1938 ut
395 1908 435 1938 ad
460 1907 568 1938 Deum
593 1914 841 1943 convertamur,
872 1906 962 1936 iuxta
993 1906 1132 1936 dictum:

151 1950 385 1981 Convertfmini
407 1951 447 1981 ad
468 1961 538 1988 me,
565 1956 597 1981 et
620 1960 683 1991 ego
715 1956 893 1981 convertar
923 1949 963 1979 ad
992 1959 1063 1979 vos.
1092 1947 1134 1978 Et

149 2003 215 2024 non
237 1993 351 2024 volens
376 1994 640 2030 conversionem,
665 2003 726 2023 nec
751 1998 869 2033 petens
894 1992 1133 2029 remissionem,

150 2043 259 2067 manet
283 2037 388 2067 bostis
412 2036 493 2074 Dei,
517 2042 548 2066 et
572 2034 773 2067 contumelia
797 2046 869 2065 eum
893 2033 1014 2071 afficit,
1043 2034 1134 2064 iuxta

151 2079 287 2110 dictum:
313 2079 375 2114 Qui
397 2090 461 2110 non
479 2080 579 2109 credit
600 2080 631 2109 in
652 2079 781 2116 Filium,
805 2079 853 2108 ira
873 2077 934 2108 Dei
954 2083 1065 2107 manet
1080 2086 1134 2106 su—

150 2132 211 2162 per
235 2132 318 2153 eum.
365 2122 441 2153 Ideo
473 2123 559 2152 omni
588 2128 737 2163 tempore
761 2121 951 2152 necessaria
975 2126 1027 2151 est
1058 2130 1135 2150 con-

153 2175 276 2196 versio.

236 2250 291 2281 Vi.
337 2249 465 2281 Sexta
494 2250 793 2281 consideratio
817 2255 867 2280 est
892 2259 1000 2280 rerum
1024 2254 1136 2289 peten-

151 2293 276 2330 darum,
296 2294 379 2324 sicut
402 2294 564 2324 lohannes
588 2294 703 2334 inquit:
729 2292 890 2334 Quicquid
913 2292 1071 2333 petieritis
1086 2301 1136 2321 se-

153 2336 295 2366 cundum
319 2335 521 2367 voluntatem
546 2337 631 2373 eius,
662 2336 752 2366 dabit
775 2336 889 2371 vobis,
919 2336 951 2365 id
977 2340 1046 2372 est,
1069 2345 1135 2365 non

152 2386 228 2408 sunt
253 2389 307 2409 res
331 2380 491 2419 petendae
520 2379 704 2420 prohibitae
734 2390 753 2409 a
782 2379 878 2416 Deo,
908 2378 968 2408 sed
998 2388 1135 2418 quarum

152 2422 264 2461 petitio
295 2423 447 2464 congruit
475 2433 549 2453 cum
577 2420 770 2463 Decalogo‚
799 2427 830 2452 et
858 2421 1135 2461 promissionibus

153 2463 271 2494 divinis
297 2465 336 2494 de
361 2466 454 2495 bonis
478 2464 704 2506 spiritualibus
730 2471 761 2495 et
782 2462 1025 2505 corporalibus,
1049 2464 1136 2493 sicut

153 2515 254 2547 supra
279 2507 399 2538 dictum
424 2515 486 2546 est,
508 2509 548 2538 de
571 2508 781 2539 distinctione
804 2507 1070 2548 promissionum.
1094 2505 1136 2536 Et

152 2550 392 2590 promissiones
412 2550 495 2582 aliae
517 2549 696 2592 loquuntur
719 2552 760 2581 de
784 2551 881 2582 bonis
895 2548 1135 2591 spiritualibus,

153 2590 238 2622 aliae
261 2593 302 2623 de
326 2593 422 2623 bonis
446 2594 688 2635 corporalibus.
733 2593 792 2625 Ut:

1278 222 1411 258 Quanto
1433 222 1541 264 magis
1555 221 1655 253 Pater
1672 227 1787 253 vester
1806 221 1963 254 coelestis
1987 223 2077 254 dabit
2100 222 2173 265 Spi-

1190 266 1286 297 ritum
1310 270 1462 296 sanctum
1485 266 1683 305 petentibus.

1276 327 1369 356 Item:
1404 325 1526 356 Invoca
1561 335 1614 356 me
1641 326 1674 356 in
1703 326 1757 356 die
1785 324 2020 364 tribulationis,
2057 332 2090 357 et
2112 326 2173 357 eri-

1161 377 1164 383 '
1189 369 1276 409 piam
1300 375 1343 398 te.

1276 430 1367 459 Item:
1389 427 1424 458 Si
1448 428 1522 468 quis
1547 429 1658 469 egebit
1677 428 1848 469 sapientia,
1870 434 1960 470 petat
1983 429 2056 459 sine
2080 429 2173 460 dubi-

1188 472 1323 509 tatione,
1348 477 1378 502 et
1403 471 1535 501 dabitur
1559 473 1598 502 ei.

1275 533 1366 562 Item:
1397 530 1496 561 Pater
1527 537 1559 562 et
1588 530 1697 562 Mater
1720 530 1967 572 dereliquerunt
1991 542 2062 570 me,
2092 530 2172 562 Do-

1189 574 1320 605 minus
1345 580 1454 604 autem
1474 575 1623 614 suscepit
1641 584 1703 604 me.

1274 635 1366 666 Item:
1391 633 1529 664 Timenti
1545 633 1722 665 Dominum
1736 644 1802 665 non
1816 634 1918 665 deerit
1930 645 2026 665 omne
2039 635 2172 665 bonum.

1274 695 1366 724 Item:
1409 692 1535 724 Multae
1566 693 1795 725 tribulationes
1829 694 2009 732 iustorum,
2045 695 2105 725 sed
2133 703 2173 725 ex

1190 736 1340 766 omnibus
1366 735 1519 767 liberabit
1543 747 1602 768 eos
1626 737 1801 768 Dominus.

1274 796 1326 826 Ac
1350 796 1421 826 vult
1443 795 1537 827 Deus
1562 798 1713 828 exerceri
1736 797 1981 828 Invocationem
2007 803 2039 828 et
2059 797 2173 827 Fidem

1188 840 1345 880 petitione
1375 839 1596 880 corporalium
1620 851 1742 878 rernm,
1772 841 1861 871 iuxta
1884 841 2020 871 dictum:
2048 840 2173 871 Panem

1188 889 1339 913 nostrum
1363 883 1586 923 quotidianum
1611 884 1652 914 da
1675 884 1770 913 nobis
1794 883 1904 920 hodie,
1924 889 1987 913 etc.

1279 960 1416 1000 Semper
1440 965 1547 990 autem
1570 958 1685 1001 regula
1704 960 1825 990 tuenda
1851 965 1918 997 est,
1948 959 1984 989 ln
2013 960 2173 1000 petitione

1190 1001 1412 1042 corporalium
1443 1003 1604 1033 bonorum
1636 1009 1791 1043 oportere
1823 1001 2016 1043 praelucere
2046 1002 2171 1041 Fidem,

1188 1056 1272 1086 quae
1306 1046 1427 1085 accipit.
1460 1046 1714 1085 promissionem
1745 1045 1898 1086 Gratiae,
1938 1047 2028 1076 iuxta
2069 1046 2172 1076 dicta:

1187 1088 1292 1119 Nemo
1317 1088 1445 1118 accedit
1469 1089 1510 1118 ad
1540 1088 1689 1126 Patrem,
1722 1089 1787 1119 nisi
1816 1099 1875 1128 per
1903 1087 2029 1119 Filium.
2076 1088 2170 1119 Item:

1189 1131 1352 1172 Quicquid
1389 1131 1548 1171 petieritis
1578 1130 1706 1161 Patrem
1736 1133 1768 1162 in
1796 1132 1926 1162 nomine
1957 1142 2047 1169 meo,
2082 1131 2174 1162 dabit

1187 1175 1295 1204 vobis.
1340 1173 1436 1204 Item:
1466 1173 1501 1203 In
1526 1173 1660 1204 Christo
1687 1184 1801 1205 omnes
1824 1175 2066 1215 promissiones
2097 1179 2174 1205 sunt

1187 1223 1289 1247 ratae.

1274 1293 1438 1324 Addenda
1461 1299 1514 1323 est
1538 1298 1570 1323 et
1593 1293 1772 1324 admonitio
1789 1294 1945 1330 demora,
1971 1299 2002 1323 et
2021 1293 2062 1324 de
2073 1292 2172 1324 modo

1188 1335 1406 1367 liberationis.
1452 1335 1530 1366 Vult
1550 1335 1642 1367 Deus
1668 1346 1760 1367 suam
1783 1336 2006 1376 praesentiam
2031 1336 2173 1378 agnosci

1187 1380 1219 1410 in
1238 1378 1405 1415 Ecclesia,
1429 1385 1460 1409 et
1484 1390 1503 1409 a
1528 1389 1565 1409 se
1584 1379 1650 1419 peti
1668 1389 1709 1409 ac
1726 1379 1891 1419 expectari
1912 1377 2078 1418 auxilium,
2102 1377 2173 1409 vult

1188 1422 1338 1453 exerceri
1361 1421 1492 1457 Fidem,
1527 1421 1771 1452 luvocationem
1800 1428 1832 1452 et
1856 1421 1974 1461 Spem,
2009 1431 2072 1451 nec
2102 1420 2174 1451 vult

1188 1464 1327 1496 consilia
1350 1464 1494 1495 humana
1514 1474 1573 1495 seu
1593 1465 1812 1506 cogitationes
1832 1463 1993 1494 humanas
2013 1463 2174 1494 dominari

1187 1509 1219 1539 in
1245 1508 1482 1549 gubernatione
1505 1508 1605 1544 vitae,
1630 1508 1688 1538 sed
1713 1506 1781 1538 vult
1807 1507 1897 1544 sciri,
1916 1506 2103 1537 Ecclesiam
2126 1507 2173 1537 di-

1187 1552 1307 1582 vinitus
1328 1552 1407 1591 regi,
1432 1552 1518 1581 sicut
1536 1551 1653 1591 inquit:
1678 1550 1728 1581 Ne
1752 1551 1881 1588 dicatis,
1905 1559 2022 1580 manus
2035 1555 2171 1580 nostrae

1186 1594 1269 1625 haec
1292 1594 1453 1625 fecerunt.

1271 1671 1346 1701 Non
1371 1671 1469 1712 igitur
1488 1670 1543 1701 dat
1562 1676 1699 1701 eventus
1717 1679 1804 1707 mox,
1829 1675 1862 1700 et
1884 1670 1923 1700 iis
1943 1669 2061 1705 modis,
2087 1677 2171 1709 quos

1187 1717 1311 1755 cogitat
1340 1714 1481 1744 humana
1511 1714 1606 1744 ratio.
1652 1712 1714 1750 Ut,
1744 1712 1942 1754 Quanquam
1973 1711 2173 1752 promiserat

1186 1757 1293 1794 Deus,
1319 1767 1356 1787 se
1380 1762 1589 1787 servaturum
1613 1766 1690 1786 esse
1713 1756 1848 1795 stirpem
1874 1755 1965 1792 luda,
1990 1755 2098 1785 donec
2116 1764 2172 1784 na-

1188 1806 1339 1830 sceretur
1351 1799 1511 1833 Messias:
1536 1799 1659 1830 Tamen
1673 1804 1766 1829 erant
1783 1800 1899 1829 inanes
1919 1798 2171 1839 imaginationes

1187 1844 1329 1874 bostium
1354 1842 1530 1880 Ieremiae,
1561 1843 1614 1883 qui
1640 1843 1869 1883 disputabant,
1900 1852 1964 1872 non
1989 1850 2092 1881 posse
2116 1840 2171 1870 de-

1186 1885 1247 1917 leri
1281 1884 1438 1926 templum
1474 1891 1505 1915 et
1534 1884 1679 1926 politiam
1709 1885 1779 1915 eius
1813 1885 1983 1924 temporis.
2036 1882 2173 1913 Poterat

1188 1930 1272 1960 enim
1294 1928 1387 1960 Deus
1411 1927 1508 1959 aliter
1531 1934 1563 1958 et
1587 1937 1723 1958 servare
1738 1934 1770 1957 et
1783 1928 1970 1962 restituere,
1994 1936 2094 1967 quam
2111 1925 2172 1965 ipsi

1188 1973 1390 2013 cogitabant.
1438 1971 1479 2002 Et
1501 1981 1619 2001 revera
1646 1971 1754 2001 maior
1777 1968 1884 2010 gloria
1914 1968 1975 2000 fuit
2001 1966 2114 2009 populi
2138 1968 2172 1998 in

1188 2015 1304 2052 exilio,
1326 2025 1423 2055 quam
1448 2014 1535 2050 domi
1558 2012 1693 2049 fuisset,
1724 2013 1800 2053 quia
1830 2018 2016 2053 propagata
2040 2017 2091 2042 est
2115 2011 2172 2042 do-

1189 2059 1293 2089 ctrina
1316 2058 1348 2088 in
1372 2067 1493 2097 magna
1516 2062 1610 2097 parte
1632 2056 1726 2097 regni
1749 2054 1946 2096 Babylonici
1977 2061 2009 2085 et
2032 2054 2170 2092 Persici,

1188 2107 1264 2131 sunt
1299 2101 1453 2131 conversi
1494 2105 1635 2140 quatuor
1676 2098 1805 2140 Reges,
1846 2097 2171 2134 Nabuchodonosor,

1188 2144 1439 2184 primerodas,
1463 2141 1587 2172 Darius
1611 2141 1741 2179 Medus,
1767 2147 1797 2171 et
1812 2140 1931 2182 Cyrus
1978 2140 2075 2170 Edita
2094 2146 2172 2170 sunt

1189 2187 1337 2217 miranda
1360 2185 1560 2222 testimonia,
1579 2185 1703 2215 servati
1722 2191 1792 2215 tres
1815 2184 1876 2215 viri
1899 2185 1932 2215 in
1951 2183 2030 2225 igni,
2049 2181 2172 2214 Daniel

1188 2231 1274 2261 inter
1296 2228 1424 2266 leones,
1449 2234 1512 2259 etc.

1276 2298 1440 2338 Obiurgat
1468 2296 1567 2337 igitur
1594 2295 1702 2326 Iudith
1733 2306 1805 2335 cap.
1829 2295 1861 2326 8.
1886 2295 1996 2332 cives,
2021 2294 2075 2336 qui
2101 2294 2171 2325 dies

1189 2343 1332 2383 quinque
1361 2339 1609 2380 praetinicrant:
1639 2338 1716 2373 Qui
1740 2338 1846 2369 estis
1875 2348 1966 2374 vos,
1995 2337 2059 2378 qui
2088 2342 2172 2367 ten—

1189 2385 1288 2415 tatis
1318 2383 1547 2419 Dominum,
1578 2382 1782 2422 posuistis
1812 2389 1967 2422 tempus
1999 2381 2172 2411 misera-

1189 2428 1318 2459 tionis
1341 2424 1540 2456 Domino?
1805 2425 1822 2441 '-

1276 2504 1343 2536 Sed
1364 2500 1483 2544 regula
1506 2501 1648 2532 tenenda
1666 2507 1718 2532 est
1731 2502 1772 2532 de
1785 2499 2059 2537 Circumstantiis,
2083 2498 2172 2530 Aba·

1189 2558 1250 2578 cuc
1283 2548 1315 2578 ⁶2.
1361 2546 1401 2577 Si
1441 2554 1592 2575 moram
1636 2544 1808 2581 fecerit,
1854 2549 2028 2583 expecta
2074 2552 2171 2576 eum,

1189 2591 1282 2631 quia
1312 2589 1484 2620 veniens
1511 2588 1666 2626 veniet,
1700 2593 1739 2619 et
1766 2597 1847 2618 non
1876 2585 2072 2617 tardabit.
2129 2583 2172 2615 Et

2374 1747 2383 1820 π..-
2367 1694 2383 1733 .)’.ν
2371 1680 2375 1684 ·

2370 1910 2383 2007 sphi-as
2370 1853 2383 1902 az*
2372 1842 2379 1846 ⁸
