2383 2990
211 149 275 181 339
837 148 950 181 PHIL.
972 149 1077 181 MEL.
1101 149 1288 182 SCRtPTA
1310 150 1589 183 DOGMATICA.
2176 153 2240 185 340

211 250 483 284 temperamento,
506 244 649 275 iustitiae
662 250 692 275 et
717 244 964 275 misericordiae
986 245 1200 277 1130010001]-

212 286 335 318 ciliatio
361 287 448 318 sacta
474 294 534 318 est.
559 287 707 328 Cumque
727 298 835 329 genus
860 287 1037 319 humanum
1061 300 1200 330 peccas-

211 337 274 368 set,
299 332 501 372 congruebat
527 331 630 361 ordini
652 331 805 368 iustitiae,
830 339 863 361 ut
883 330 1005 372 aliquis
1025 333 1056 363 in
1075 343 1200 374 genere

210 374 367 411 humano,
392 384 534 414 poenam
558 373 725 410 solveret,
751 384 836 415 quae
860 381 951 405 esset
976 377 1112 416 pretium
1139 387 1198 416 pro

212 418 363 447 caeteris.
411 417 494 447 Hinc
518 418 600 447 satis
624 418 839 458 perspicuum
871 424 942 456 est,
979 429 1082 459 quare
1112 418 1198 450 haec

210 461 341 491 victima
365 460 406 490 sit
432 459 542 490 1101110.

298 545 451 576 Secunda
472 555 586 583 causa,
611 556 716 587 quare
740 546 901 585 sitDcus,
926 548 1054 588 peccati
1072 547 1199 578 infinita

209 587 333 620 malitia
357 595 420 626 cst,
445 595 478 620 ut
502 590 602 630 igitur
626 595 716 620 esset
739 591 878 630 pretium
904 591 1048 621 infinitae
1073 592 1199 622 bonita-

209 633 253 664 tis
278 639 310 663 et
334 631 564 673 aequivalen&
589 632 643 664 hic
665 633 830 665 Mediator
855 635 950 665 etiam
974 634 1067 666 Deus
1092 640 1154 664 est.

297 719 389 750 Haec
413 720 637 750 consideratio
663 718 917 751 commonefacit
941 730 1003 751 nos
1029 720 1069 751 de
1092 719 1199 750 horri-

209 761 266 793 bili
291 763 514 803 magnitudine
537 764 677 804 peccati.
713 763 902 794 Ostendunt
926 774 1055 803 poenae
1079 764 1198 794 tristis—

210 807 314 836 simae
348 807 379 837 in
417 816 539 847 genere
575 806 717 837 humano
751 806 863 848 aliquo
898 807 1009 844 modo,
1042 813 1198 847 quantum

208 848 331 880 malum
367 850 409 880 sit
443 856 638 890 peccatum,
672 850 733 881 sed
756 850 822 880 1100
848 850 1070 880 testimonium
1094 848 1198 880 multo

203 892 366 924 illustrius
387 899 448 923 est.

202 943 389 977 peccatum,
413 946 486 967 cum
513 935 602 967 nulla
627 943 779 967 creatura
804 937 948 976 potuerit
962 947 1039 967 esse
1053 937 1195 977 pretium

203 980 245 1010 ad
269 979 468 1020 placandam
494 980 574 1011 iram
598 979 680 1018 Dei,
715 980 774 1010 sed
809 981 841 1010 in
865 979 923 1011 illo
948 981 1196 1021 sapientissimo

204 1022 344 1054 consilio
368 1023 430 1053 Dei
466 1023 635 1054 decretum
667 1024 732 1064 sit,
767 1030 802 1054 ut
825 1029 953 1054 tantum
975 1022 1078 1055 Filius
1103 1029 1198 1055 esset

203 1074 356 1107 pretium.

291 1143 421 1174 Deinde
455 1143 648 1185 magnitudo
685 1144 809 1174 amoris
843 1144 876 1174 111
912 1150 1049 1175 aeterno
1084 1143 1195 1182 Patre,

203 1186 286 1218 Filio
322 1194 352 1217 et
377 1187 502 1228 Spiritu
537 1193 675 1224 sancto,
712 1197 793 1229 erga
828 1197 934 1228 genus
959 1187 1139 1218 humanum
1163 1188 1195 1218 in

202 1231 268 1262 hoc
292 1230 427 1261 decreto
452 1231 670 1271 conspicitur,
695 1231 782 1272 quod
808 1229 909 1262 Filius
933 1229 1042 1261 factus
1067 1238 1117 1262 est
1141 1232 1196 1262 de-

201 1280 371 1315 precator,
396 1280 427 1305 01
451 1284 591 1315 poenam
616 1275 648 1305 111
673 1284 710 1305 se
734 1274 878 1312 derivat,
915 1274 1003 1315 quod
1027 1281 1122 1315 pater
1146 1275 1197 1305 ri-

201 1317 246 1349 lio
271 1328 333 1349 suo
354 1328 419 1348 non
444 1318 612 1358 pepercit,
647 1318 707 1349 sed
744 1316 847 1349 voluit
871 1328 949 1349 eum
974 1318 1094 1348 subiici
1117 1328 1196 1359 poe-

202 1372 278 1400 nae,
300 1367 336 1392 ut
359 1371 422 1392 nos
447 1361 635 1399 redimeret,
670 1361 758 1402 quod
783 1361 926 1402 Spiritus
962 1367 1099 1393 sanctus
1124 1363 1196 1403 ipse

202 1404 273 1436 vult
298 1405 330 1435 in
356 1405 512 1435 cordibus
536 1404 829 1436 reconciliatorum
843 1403 1006 1443 habitare,
1032 1411 1063 1436 et
1074 1405 1197 1444 Patris,

204 1455 235 1480 et
258 1448 344 1487 Filii,
369 1454 400 1479 et
420 1458 503 1479 suos
527 1455 637 1479 motus
660 1449 693 1479 in
717 1449 816 1479 nobis
840 1449 1038 1480 accendere.

293 1525 418 1562 Tertia,
437 1524 538 1556 Nulla
562 1531 674 1557 creata
696 1527 846 1567 potentia
868 1525 942 1557 sola
961 1525 1129 1566 potuisset
1142 1536 1197 1557 su-

207 1571 331 1601 stinere
355 1571 435 1600 iram
460 1569 535 1606 Dei,
560 1576 591 1600 et
614 1570 645 1600 in
669 1575 760 1600 tanta
785 1570 1008 1612 magnitudine
1033 1567 1197 1608 dolorum,

206 1612 281 1644 Deo
302 1623 381 1644 vere
406 1614 552 1644 tribucre
575 1611 709 1644 laudem
727 1613 883 1644 iustitiae.

295 1682 390 1713 Haec
413 1688 464 1713 est
489 1693 611 1713 arcana
635 1688 667 1713 et
686 1692 808 1723 magna
833 1692 947 1720 causa,
973 1682 1066 1713 cuius
1092 1682 1199 1713 consi-

208 1727 411 1757 derationem
438 1726 478 1766 pii
505 1736 570 1756 non
597 1724 781 1767 negligant.
806 1725 888 1756 Nam
909 1726 940 1756 111
965 1735 1086 1765 poena..
1113 1735 1198 1766 quae

208 1770 305 1801 debet
331 1780 408 1800 esse
432 1768 596 1810 placatiO,
620 1775 749 1811 oportet
773 1769 921 1810 punienti
945 1769 1043 1800 tribui
1066 1768 1198 1800 laudem

206 1813 363 1845 iustitiae.

296 1890 434 1928 Quarta,
458 1889 557 1921 Nulla
573 1896 685 1921 creata
709 1890 857 1931 potentia
876 1890 1040 1931 potuisset
1063 1889 1198 1921 vincere

207 1941 346 1966 mortem
384 1940 416 1965 et
446 1934 587 1965 reddere
611 1934 708 1964 nobis
733 1934 889 1964 iustitiam
914 1940 945 1964 et
970 1934 1068 1965 vitam
1092 1940 1198 1964 aeter·

207 1989 294 2009 nam.
342 1977 380 2008 Et
403 1988 476 2008 cum
500 1977 667 2008 Mediator
691 1978 809 2008 debeat
837 1987 914 2007 esse
939 1983 1118 2018 perpetuus
1143 1988 1198 2008 cu-

208 2028 280 2052 stos
300 2019 486 2058 Ecclesiae,
512 2022 666 2052 omnibus
691 2021 893 2062 temporibus
919 2031 990 2051 eam
1015 2021 1197 2051 exaudiens

209 2072 239 2096 et
273 2075 435 2106 praesens
454 2065 581 2095 sanctis
605 2065 737 2106 ubique,
762 2065 846 2095 sicut
872 2074 949 2095 vcre
972 2062 1075 2095 adfuit
1101 2065 1197 2094 Noisi

209 2115 239 2139 et
273 2107 396 2149 populo
431 2109 463 2138 in
499 2108 653 2145 deserto,
689 2106 897 2138 manifestum
932 2114 984 2138 est
1018 2108 1198 2147 potentiam

210 2158 367 2182 creatam.
392 2162 456 2181 non
480 2162 582 2192 posse
606 2152 728 2192 ubique
752 2152 893 2189 adesse,
918 2162 980 2181 nec
1004 2151 1118 2182 videre
1143 2161 1199 2192 ge-

208 2197 305 2226 mitus
330 2195 489 2225 cordium.
536 2194 627 2225 Haec
647 2202 753 2225 antem
779 2201 856 2225 sunt
881 2195 1014 2235 propria
1038 2193 1199 2225 Mediato-

208 2239 268 2275 ris,
294 2239 348 2280 qui
380 2246 429 2268 est
454 2248 533 2269 vere
558 2246 673 2268 custos
695 2236 885 2276 Ecclesiae,
920 2245 951 2269 et
975 2238 1142 2269 Sacerdos
1165 2238 1198 2269 in

209 2292 334 2313 arcano
359 2280 498 2313 constlio
522 2282 610 2322 apud
636 2281 742 2312 Deum
767 2280 992 2322 interpellans.

296 2351 368 2382 Nec
402 2357 555 2382 creatura
590 2349 660 2381 ulla
693 2356 805 2392 potest
833 2350 961 2391 ingredi
986 2351 1017 2381 in
1041 2361 1198 2381 arcanum

212 2394 381 2425 consilium
405 2395 531 2425 aeterni
556 2394 684 2432 Pan-is,
709 2395 740 2425 id
765 2400 826 2432 est,
851 2395 964 2425 videre
989 2394 1098 2425 omnia
1122 2405 1199 2425 cou-

213 2437 286 2468 511111
311 2439 501 2469 diuinitatis.

300 2506 368 2537 Has
393 2518 514 2538 causas
539 2517 640 2548 saepe
664 2507 926 2543 consideremus,
951 2507 1011 2537 sed
1032 2507 1088 2544 ita,
1111 2513 1144 2537 ut
1159 2507 1199 2538 de

213 2550 352 2587 iustitia,
387 2558 417 2581 et
439 2551 478 2581 de
502 2551 727 2592 magnitudine
750 2550 998 2581 miseiicordiae
1021 2549 1083 2580 Dei
1109 2551 1199 2592 cogi-

213 2600 339 2631 tantes,
371 2594 472 2624 corda
497 2594 741 2624 inflammentur
761 2594 939 2636 gratiarum
963 2594 1094 2625 actione
1118 2604 1199 2635 erga

212 2635 333 2674 Deum,
365 2643 397 2667 et
427 2636 653 2678 deploratione
677 2639 783 2668 nostri
806 2638 953 2679 stuporis
977 2643 1009 2668 et
1033 2637 1199 2679 ignaviae,

494 893 646 924 Necesse
669 900 719 924 est
744 892 945 924 horrendum
970 892 1091 924 malum
1115 893 1199 933 [esse
1224 907 1227 916 =

1223 2204 1229 2446 ἱ
1254 2218 1305 2243 est
1341 2212 1491 2243 secunda
1524 2221 1669 2252 persona
1693 2211 1872 2242 divinitatis
1897 2211 1993 2250 λίγος,
2028 2217 2059 2241 01
2083 2209 2239 2249 11111113113,

1226 244 1230 291 ζ
1254 246 1343 287 qnod
1373 251 1512 286 pectora
1535 251 1650 277 nostra
1673 256 1741 277 non
1764 247 1882 279 ardent
1906 248 2015 279 studio
2037 247 2122 279 haec
2147 248 2239 290 cogi-

1227 327 1229 341 !
1253 289 1353 326 tandi,
1377 299 1439 320 nec
1463 289 1643 330 gratiarum
1666 291 1808 321 actione.

1226 346 1229 396 l
1441 357 1537 430 Nunlc
1562 358 1603 388 de
1626 359 1748 389 unione
1771 365 1803 390 et
1826 360 2049 401 descriptione
2072 370 2240 401 personae

1505 412 1515 430 t
1529 412 1623 432 icam.

2159 462 2240 494 Per-

1251 513 1335 534 sona
1355 509 1406 533 est
1430 505 1617 535 substantia
1630 505 1810 543 individua,
1833 504 2035 546 intelligens,
2060 506 2240 537 incommu-

1251 545 1414 577 nicabilis.
1461 547 1527 577 lam
1552 559 1626 579 cum
1651 558 1765 578 verum
1796 549 1839 578 sit
1867 549 1898 579 in
1922 548 1990 579 filio
2015 548 2079 579 Dei
2106 559 2183 580 esse
2207 554 2240 581 et

1224 586 1228 844 ι
1250 596 1401 620 naturam
1428 590 1581 629 divinam,
1605 596 1637 622 et
1660 590 1836 622 humanam
1850 591 2025 633 integram,
2047 593 2188 623 animam
2208 598 2241 624 et

1339 460 1449 501 Supra
1480 461 1687 492 delinivimus
1709 461 1892 492 Personam
1915 461 1982 493 1100
2005 463 2114 494 modo.

1252 642 1387 674 corpus,
1413 644 1472 664 cur
1496 634 1634 665 dicimus
1658 636 1788 665 unicam
1813 644 1888 667 esse
1911 645 2109 676 personam,
2143 634 2242 667 Chri-

1251 682 1338 707 stum
1362 683 1475 708 natum
1499 687 1540 708 ex
1564 678 1716 719 virgine?

1339 754 1435 786 Hanc
1460 755 1688 796 quaestionem
1715 765 1754 786 eo
1778 756 1899 794 recito,
1922 762 1958 787 ut
1982 756 2061 798 quid
2082 755 2240 788 Ecclesia

1251 798 1383 835 sentiat,
1418 804 1450 829 et
1474 799 1642 839 quomodo
1666 798 1835 841 loquatur,
1870 800 2016 830 iuniores
2041 800 2184 838 discant,
2207 806 2242 832 et

1251 848 1401 872 veterum
1437 842 1651 873 certaminum
1685 844 1845 874 memoria
1872 844 1903 874 111
1928 842 2082 875 Ecclesia
2106 853 2242 875 conser-

1251 891 1356 915 vetur.

1338 945 1516 987 Agitarunt
1530 945 1616 976 enim
1639 944 1727 977 hanc
1752 947 1981 988 quaestionem
2004 946 2183 979 Nestorius
2208 953 2241 979 et

1250 987 1431 1030 Eutyches.
1478 989 1654 1020 Nestorius
1680 990 1847 1021 contendit
1872 990 2039 1021 Christum
2062 998 2175 1022 natum
2199 1001 2241 1022 ex

1250 1032 1378 1072 virgine
1399 1039 1524 1063 tantum
1549 1031 1654 1063 fuisse
1679 1032 1855 1070 hominem,
1890 1035 1950 1065 sed
1975 1033 2052 1065 huic
2075 1033 2241 1066 humanae

1250 1082 1388 1106 naturae
1423 1074 1571 1106 adfuisse
1607 1076 1767 1114 divinam,
1803 1076 1931 1108 scilicet
1961 1076 2079 1108 Filium
2113 1078 2241 1109 aeterni

1249 1119 1370 1155 Petris,
1395 1119 1578 1150 secundum
1601 1119 1842 1158 adsistentiam,
1876 1126 1912 1151 ut
1934 1122 2005 1161 ipsc
2028 1119 2240 1161 loquebatur,

1248 1162 1281 1192 id
1306 1168 1375 1200 est,
1410 1162 1588 1193 humanam
1613 1169 1761 1193 naturam
1785 1169 1911 1194 tantum
1935 1163 2038 1195 fuisse
2060 1163 2241 1206 hospitium

1250 1215 1310 1235 seu
1335 1205 1534 1237 domicilium
1559 1206 1689 1237 divinae
1712 1212 1861 1238 naturae.
1907 1206 1979 1238 Nec
2002 1205 2110 1239 fuisse
2133 1208 2240 1239 unitas

1250 1249 1333 1280 duas
1357 1255 1496 1280 naturas
1520 1250 1641 1280 unione
1665 1249 1847 1290 personali.

1337 1309 1430 1340 Haec
1454 1310 1685 1340 controversia
1709 1311 1742 1342 in
1769 1321 1890 1352 magna
1912 1308 2097 1352 frequentia
2109 1311 2140 1341 in
2155 1310 2242 1353 Syn-

1250 1352 1315 1383 odo
1350 1353 1520 1394 Ephesina
1555 1354 1734 1384 diiudicata
1759 1360 1809 1384 est
1833 1364 1920 1384 anno
1944 1364 1964 1384 a
1986 1352 2088 1385 natali
2113 1353 2241 1385 Christi

1249 1396 1324 1427 433.
1369 1396 1411 1427 Et
1442 1402 1553 1427 extant
1577 1396 1687 1427 adhuc
1710 1396 1887 1427 multorum
1913 1399 2032 1438 longae
2055 1398 2241 1429 sententiae

1249 1441 1281 1471 in
1302 1450 1340 1470 ea
1355 1440 1492 1480 Synodo
1518 1439 1638 1477 dictae,
1664 1446 1779 1470 contra
1796 1439 1999 1479 Nestorium,
2017 1451 2104 1482 quae
2128 1439 2240 1483 aliquo

1249 1483 1348 1514 modo
1373 1482 1539 1514 illustrant
1562 1483 1650 1513 hanc
1673 1483 1868 1514 doctrinam.

1337 1568 1383 1600 Ut
1406 1575 1515 1600 autem
1538 1569 1571 1599 in
1596 1568 1745 1599 articulis
1769 1568 1845 1600 fidei
1870 1579 2012 1600 necesse
2027 1575 2080 1600 est
2092 1568 2165 1601 fieri
2183 1580 2242 1601 ex-

1252 1613 1420 1643 ordiamur
1444 1623 1463 1643 a
1486 1613 1685 1643 testimoniis
1721 1613 1876 1644 divinitus
1901 1611 2069 1644 revelatis.
2114 1612 2184 1644 loh.
2210 1613 2239 1644 1.

1252 1657 1427 1696 perspicue
1452 1656 1591 1686 dicitur:
1616 1654 1657 1686 Et
1681 1657 1818 1687 verbum
1843 1667 1922 1687 caro
1936 1654 2059 1686 factum
2084 1662 2143 1688 est.
2167 1655 2241 1688 Hac

1253 1710 1338 1730 voce
1361 1698 1471 1739 palam
1496 1697 1658 1730 refutatur
1681 1699 1872 1737 Nestorius,
1897 1700 1953 1741 qui
1977 1698 2071 1741 fingit
2095 1709 2240 1737 carnem,

1252 1743 1282 1773 id
1309 1749 1372 1779 est,
1395 1741 1573 1773 humanam
1596 1748 1765 1780 naturam,
1799 1749 1925 1774 tantum
1948 1742 2138 1784 hospitium,
2162 1753 2241 1774 esse

1253 1785 1325 1816 Filii
1350 1785 1424 1823 Dei,
1450 1786 1536 1816 unde
1559 1792 1735 1827 utrumque
1758 1793 1975 1827 sequeretur,
2006 1796 2115 1828 neque
2151 1785 2240 1818 hunc

1252 1830 1417 1860 hominem
1443 1828 1629 1868 Christum,
1661 1839 1738 1860 esse
1772 1828 1874 1860 filium
1903 1829 1968 1862 Dei
1992 1839 2100 1871 neque
2123 1828 2242 1860 Filium

1253 1872 1351 1904 simul
1375 1872 1540 1904 hominem
1566 1883 1656 1911 esse,
1679 1874 1741 1904 sed
1763 1879 1890 1905 tantum
1912 1872 2053 1904 hominis
2076 1871 2241 1915 hospitem

1252 1923 1309 1947 aut
1331 1917 1495 1948 comitem.

1339 1993 1520 2025 Praeterea
1543 1994 1585 2025 de
1608 1994 1696 2025 dicto
1709 1993 1865 2032 Iohannis
1890 1999 2017 2025 certum
2031 1999 2094 2032 est,
2117 1999 2241 2025 utram·

1253 2048 1318 2079 que
1352 2044 1502 2069 naturam
1536 2047 1680 2075 manere,
1715 2047 1777 2068 11θο
1808 2036 1965 2068 confusas
1990 2047 2068 2068 esse
2092 2043 2240 2068 naturas.

1252 2081 1402 2112 Necesse
1422 2087 1471 2112 est
1496 2090 1577 2123 ergo
1601 2081 1721 2112 dictum
1738 2080 1894 2111 Iohannis
1914 2081 1963 2112 sic
1976 2078 2241 2122 intelligi,·quod

1252 2124 1336 2157 haec
1359 2134 1505 2165 persona
1528 2130 1605 2155 nata
1629 2135 1669 2155 ex
1693 2123 1810 2161 Maria,
1833 2125 1875 2155 sit
1898 2124 1996 2155 unica
2020 2121 2184 2164 persona,
2207 2124 2241 2155 in

1253 2179 1318 2210 qua
1341 2178 1421 2199 vere
1443 2168 1509 2199 sint
1533 2168 1642 2198 unitae
1662 2166 1724 2198 hae
1739 2168 1823 2198 duae
1836 2175 1987 2205 naturae,
2011 2168 2132 2204 divina,
2156 2177 2241 2208 quae

1253 2266 1339 2296 quae
1372 2254 1515 2286 humana
1549 2261 1667 2285 natura
1702 2260 1909 2285 sustentatur
1932 2254 1973 2285 ad
1998 2254 2119 2290 divina,
2143 2260 2175 2284 et
2198 2254 2241 2285 ad

1254 2299 1398 2329 divinam
1433 2298 1607 2338 dependet,
1638 2298 1689 2328 sic
1712 2304 1748 2329 ut
1777 2298 1887 2328 divina
1910 2307 1983 2328 eam
2007 2302 2184 2335 sustentet,
2207 2302 2240 2328 et

1252 2342 1403 2373 ordinem
1425 2340 1588 2372 humanae
1610 2347 1749 2372 naturae
1778 2341 1820 2372 ad
1844 2341 1988 2372 divinam
2011 2341 2174 2372 terminet.

1268 2450 1271 2452 .
1340 2419 1383 2451 Et
1405 2419 1575 2461 quaesitae
1598 2426 1675 2450 sunt
1699 2418 1952 2460 qualescunque
1964 2418 2102 2449 umbrae
2115 2419 2155 2449 ad
2180 2417 2239 2450 hu-

1254 2464 1306 2494 ius
1329 2463 1470 2494 mirandi
1494 2461 1639 2494 foederis
1665 2461 1942 2500 declarationem,
1961 2467 2006 2499 ut,
2030 2472 2071 2492 an
2095 2462 2137 2493 sit
2162 2472 2240 2503 qua-

1253 2505 1428 2548 liscunque
1452 2505 1644 2544 similitudo,
1676 2504 1842 2546 copulatio
1867 2505 1996 2536 animae
2019 2511 2049 2535 et
2075 2505 2239 2547 corpor-IS,

1254 2561 1319 2591 qua
1342 2549 1552 2581 similitudine
1575 2560 1657 2581 usus
1682 2555 1733 2580 cst
1752 2548 1957 2580 Athanasius
1981 2548 2145 2590 inquiens.
2168 2549 2240 2580 Sic-

1253 2601 1288 2624 ut
1311 2594 1418 2625 anima
1443 2592 1616 2624 rationalis
1641 2599 1673 2624 et
1695 2603 1774 2624 caro
1798 2602 1883 2623 unus
1907 2598 1958 2623 est
1980 2591 2092 2630 homo,
2117 2592 2159 2622 ita
2173 2590 2240 2622 De-

1251 2648 1292 2669 us
1328 2643 1360 2669 et
1393 2638 1493 2669 homo
1527 2647 1614 2668 unus
1639 2644 1690 2668 est
1721 2635 1887 2668 Christus.
1933 2634 2024 2674 Item,
2049 2645 2093 2666 an
2117 2634 2239 2678 qualis-
