2383 2990
108 166 173 199 489

109 262 240 303 integra
268 258 413 301 impletio
448 259 549 302 Legis
584 260 616 290 in
649 259 713 292 hac
746 260 824 298 vita,
855 259 915 290 sed
949 264 985 290 ut
1014 259 1092 296 dixi,

109 306 485 337 Fundamentumrecte
511 310 673 339 teneatur,
698 304 730 334 id
754 309 821 341 est,
846 313 913 333 non
933 303 973 333 sit
999 312 1093 333 error

109 349 143 380 in
166 346 314 378 articulis
339 347 423 378 fidei.
491 345 616 378 Paulus
640 347 725 378 enim
749 346 863 387 inquit,
889 345 1093 376 Fundamen-

109 396 177 422 tum
202 389 290 422 aliud
324 391 401 431 poni
436 400 502 420 non
525 396 656 431 potest,
691 397 823 431 praeter
847 390 898 426 id,
922 389 1011 429 quod
1035 399 1093 428 po-

109 435 208 466 situm
240 439 307 471 est,
342 434 430 475 quod
455 440 504 464 est
530 433 621 464 iesus
646 432 810 464 Christus.
855 431 896 462 Et
919 437 1028 462 tamen
1052 432 1094 462 de

108 478 182 519 ipso
205 476 418 508 fundamento
439 477 471 507 in
491 475 564 507 aliis
577 475 664 518 plus,
683 477 716 506 in
728 474 800 507 aliis
814 476 921 506 minus
935 481 984 505 est
998 473 1093 505 lucis.

196 562 238 594 Et
261 562 384 594 Paulus
404 563 521 604 inquit:
553 561 649 592 Alios
673 572 808 599 aurum,
843 559 927 591 alios
952 558 1093 601 stipulas

108 611 262 638 extruere
295 616 397 646 supra
432 605 695 642 fundamentum,
729 605 815 634 sicut
838 603 934 635 valde
957 602 1094 634 multum

109 656 163 681 est
181 648 377 689 stipularum
400 650 430 679 in
456 647 603 690 plurimis
627 648 860 689 scriptoribus,
893 647 967 688 quia
993 656 1093 687 quae-

108 691 189 724 libet
211 698 358 733 tempora
382 691 506 722 habent
530 702 591 722 sua
616 692 779 732 contagia.
827 690 1013 731 Cyprianus
1037 690 1093 720 ab·

110 736 211 767 surde
247 736 342 773 dicit,
377 735 520 766 Peccata
544 742 619 776 post
646 735 850 775 Baptismum
875 733 992 764 remitti
1017 743 1093 773 pro-

108 785 183 820 pter
206 778 458 820 Eleemosyuas.
515 777 594 808 Item
618 778 713 808 nimis
738 777 947 808 contentiose
971 781 1095 817 pugnat

109 822 150 853 de
173 822 287 853 ritibus
311 821 461 862 publicae
487 822 707 862 poenitentiae
731 821 781 851 sui
809 820 967 861 temporis
992 820 1095 859 inqui-

109 876 186 896 ens:
222 864 371 896 lnutilem
396 874 474 896 esse
507 863 750 896 absolutionem
775 865 845 894 sine
876 862 940 894 illis
965 868 1094 902 specta-

109 908 216 940 culis:
252 914 284 939 et
319 915 427 940 tamen
461 907 538 938 talis
574 909 624 939 vir
653 913 771 949 postea
795 912 953 937 constans
977 907 1036 937 fuit
1061 906 1093 935 in

108 950 323 983 confessione
343 958 374 982 et
393 951 499 982 laetus
524 950 656 992 pertulit
687 950 893 991 supplicium.
963 949 1095 989 Cogite-

108 1006 182 1026 mus
205 996 302 1038 igitur
326 1005 388 1026 nos
412 1005 477 1025 nou
504 1004 580 1026 esse
604 994 795 1031 omniscios,
820 1000 850 1024 et
877 994 980 1024 simus
1005 992 1094 1022 doci-

108 1037 170 1076 les,
195 1045 227 1070 et
251 1039 394 1070 Studium
418 1039 565 1070 discendi
596 1044 629 1069 et
656 1038 882 1079 precationem
915 1037 1094 1076 coniunga-

108 1091 194 1113 mus.

552 1243 652 1274 Xllll.

168 1342 303 1382 Nemo
349 1342 483 1395 placet
530 1341 621 1380 Deo
659 1341 734 1380 nisi
773 1340 929 1379 habens
968 1354 1096 1380 novas

228 1402 399 1441 virtutes
432 1408 540 1441 ortas
572 1416 595 1440 a
629 1400 778 1454 Spiritu
809 1407 960 1450 sancto,

166 1462 302 1502 Nemo
341 1468 478 1517 potest
518 1461 720 1501 affirmare
753 1475 796 1501 se
828 1461 980 1500 habere
1013 1461 1096 1500 illas

228 1523 418 1563 virtutes:
460 1522 565 1572 Quia
597 1528 767 1576 possunt
800 1536 887 1562 esse
924 1521 1096 1561 virtutes

229 1584 377 1623 similes
410 1589 521 1622 ortae
555 1597 579 1622 a
610 1583 777 1632 ratione,

168 1643 276 1698 Ergo
308 1658 430 1683 nemo
462 1649 599 1698 potest
630 1642 832 1682 affirmare
864 1657 907 1682 se
939 1642 1097 1697 placere

229 1704 332 1744 Deo.

195 1793 411 1836 Respondeo.
457 1794 554 1836 Nego
578 1795 751 1832 minorem,
775 1794 852 1835 quia
874 1794 907 1825 in
925 1804 1006 1825 vera
1019 1803 1098 1825 con-

110 1839 266 1871 versione
296 1848 356 1869 seu
390 1838 592 1879 poenitentia
627 1844 804 1879 utrumque
828 1834 986 1869 debemus
1010 1836 1098 1868 affir-

109 1893 211 1920 mare,
248 1892 280 1913 et
304 1882 394 1923 quod
414 1881 508 1912 detur
532 1881 683 1912 remissio
709 1887 845 1922 propter
868 1880 1096 1919 Mediatorem,

107 1932 142 1956 et
165 1925 254 1967 quod
279 1924 377 1956 simul
413 1924 618 1956 vivificemur
648 1935 707 1964 per
730 1923 846 1955 Filium
871 1925 948 1955 dato
973 1924 1097 1965 Spiritu

108 1975 226 2000 sancto
251 1969 355 1999 erecti
374 1978 459 1999 voce
481 1967 667 2009 Evangelii.
701 1967 743 1998 Et
768 1978 955 2009 quanquam
980 1968 1096 1998 intueri

107 2022 201 2044 mens
221 2012 287 2043 fide
309 2010 528 2042 Mediatorem
551 2011 660 2050 debet,
686 2021 751 2042 non
781 2012 959 2042 novitatem
982 2011 1014 2041 iu
1037 2021 1095 2042 no-

108 2056 176 2087 bis:
212 2061 324 2086 tamen
359 2053 457 2086 simul
487 2055 519 2085 in
554 2055 642 2086 veris
678 2053 850 2086 doloribus
886 2055 985 2085 sentit
1009 2054 1095 2085 lianc
1149 2081 1156 2088 ‚

110 2097 385 2136 consolationem,
409 2098 499 2129 iuxta
522 2097 607 2128 haec
632 2099 735 2129 dicta:
767 2097 936 2129 lustificati
956 2097 1020 2128 fide
1038 2108 1095 2139 pa·

110 2152 182 2173 cem
204 2142 380 2173 habemus.
448 2140 539 2179 Item,
566 2140 746 2173 clamamus
771 2142 869 2172 Abba
894 2147 995 2182 pater.
1053 2140 1095 2172 Et

108 2192 201 2217 recte
235 2186 339 2225 inquit
362 2185 587 2226 Augustinus:
622 2185 772 2216 Credens
796 2186 859 2216 scit
884 2195 921 2215 se
947 2185 1094 2222 credere,

108 2227 239 2260 scilicet
272 2229 304 2258 in
332 2226 503 2258 doloribus
528 2229 677 2260 sentiens
702 2227 976 2260 consolationem.
1043 2228 1095 2258 Ac

109 2272 274 2302 certitudo
309 2272 341 2301 in
378 2270 594 2312 Philosophia
629 2278 660 2303 et
694 2273 726 2303 in
757 2270 989 2303 consolatione
1010 2281 1095 2312 quae

107 2314 144 2346 fit
179 2314 254 2351 fide,
288 2314 390 2345 habet
424 2315 591 2345 contraria
625 2315 751 2346 itinera.
820 2315 854 2346 ln
879 2313 1095 2355 Philosophia

108 2358 280 2399 praecedit
304 2368 426 2388 sensus
451 2356 617 2399 colligens
642 2357 824 2400 singularia
859 2358 1094 2398 experimenta,

109 2408 228 2442 postea
251 2401 401 2442 sequitur
424 2402 597 2432 assensio:
621 2401 687 2432 Sed
714 2402 777 2432 fide
801 2402 849 2432 sic
880 2401 915 2432 fit
940 2399 1094 2432 consola-

108 2444 167 2480 tio,
192 2444 283 2485 prior
306 2449 357 2475 est
380 2445 549 2482 assensio,
585 2455 650 2485 qua
669 2451 804 2486 propter
823 2445 931 2476 Deum
955 2445 1094 2475 assenti-

108 2498 182 2519 mur
205 2488 309 2519 verbo
333 2498 391 2518 seu
405 2488 480 2519 voci
499 2488 642 2526 divinae,
667 2489 786 2520 deinde
798 2489 947 2531 sequitur
957 2486 1094 2520 laetitia.

755 164 798 197 V.
821 163 1088 196 EXPLICATIO
1112 163 1313 197 SYMBOLI
1334 163 1496 197 NICENI·

2066 163 2132 194 490

1605 257 1682 289 XV.

1206 356 1458 410 Impossibile
1506 361 1567 395 est:
1598 370 1715 396 nosse
1755 355 2010 395 voluntatem
2052 354 2133 395 Dei

1270 431 1366 470 erga
1398 431 1481 466 nos,
1515 416 1629 456 iuxta
1662 417 1834 457 dictum:
1869 416 1968 466 Quis
2001 415 2132 456 consi-

1268 476 1400 516 liarius
1434 476 1518 516 eius
1550 476 1655 516 suit‘?

1210 534 1386 577 Credere
1421 537 1532 590 quod
1555 536 1708 576 habeas
1731 536 2008 576 remissionem
2036 550 2133 590 pec-

1271 604 1464 647 catorum,
1514 604 1575 637 est
1621 597 1772 649 aliquid
1815 611 2044 637 asseverare
2093 602 2135 636 et

1269 657 1470 697 affirmare
1497 658 1549 697 de
1576 658 1786 697 voluntate
1811 657 1889 696 Dei
1922 672 2017 711 erga.
2049 671 2134 708 nos,

1209 716 1325 757 Haec
1364 718 1486 772 igitur
1528 717 1743 757 affirmatio
1777 724 1839 757 est]
1870 717 2133 772 impossibilis.

1235 825 1437 867 Respondeo
1461 826 1670 857 brevissime.
1715 826 1812 866 Nego
1836 826 1993 857 maiorem
2017 827 2058 856 de
2083 836 2134 857 re-

1149 868 1259 900 velata
1284 869 1349 900 Dei
1373 868 1554 900 voluntate.
1603 869 1780 910 [stratuque
1804 876 1911 900 autem
1931 880 2047 900 vocem
2072 876 2136 900 tra—

1150 913 1229 944 didit
1263 912 1356 943 Deus
1392 913 1517 954 Legem
1554 919 1583 943 et
1608 911 1836 954 Evangelium.
1904 913 1956 943 Ac
1979 911 2049 943 vult
2073 923 2135 943 nos

1149 962 1242 987 certo
1277 957 1364 986 scire
1388 956 1475 986 hanc
1499 967 1593 987 suam
1618 966 1694 986 esse
1724 955 1946 993 voluntatem,
1982 966 2079 997 quam
2103 956 2137 986 in

1149 999 1262 1030 Verbo
1287 1010 1348 1029 suo
1373 999 1547 1040 expressit.
1595 998 1647 1030 Ac
1672 999 1713 1029 de
1739 998 1830 1040 Lege
1853 1000 1960 1030 minus
1984 999 2135 1030 obscuri-

1147 1043 1226 1073 tatis
1251 1049 1312 1080 est,
1350 1044 1425 1083 quia
1451 1042 1568 1073 rationi
1592 1049 1670 1072 nota
1695 1048 1763 1080 cst,
1789 1049 1819 1072 et
1844 1042 1969 1072 Muises
1994 1043 2066 1083 ipse
2090 1043 2138 1073 iu·

1148 1086 1215 1126 quit
1240 1092 1356 1117 contra
1376 1085 1580 1127 Pyrrhonias
1606 1085 1845 1116 dubitationes:
1870 1085 1919 1115 Ne
1933 1086 2037 1123 dicas,
2062 1085 2136 1126 quis

1148 1129 1310 1159 ascendet
1333 1129 1364 1159 in
1390 1128 1531 1166 coelum,
1555 1129 1644 1159 iuxta
1667 1135 1698 1158 te
1723 1136 1774 1159 est
1797 1139 1908 1159 sermo
1940 1129 1971 1158 in
1997 1139 2055 1159 ore
2079 1136 2136 1159 tuo

1148 1180 1179 1203 et
1204 1173 1235 1202 in
1261 1173 1363 1203 corde
1382 1178 1449 1209 tuo,
1484 1178 1520 1202 ut
1544 1171 1648 1202 facias
1669 1170 1735 1202 slla.
1803 1171 1843 1202 Et
1869 1171 1992 1202 Paulus
2016 1172 2134 1212 inquit:

1148 1215 1259 1246 Nolite
1283 1225 1405 1255 errare,
1431 1221 1651 1252 scortatoreS,
1676 1213 1827 1249 adulteri,
1849 1215 2045 1253 homicidae,
2070 1225 2137 1246 non

1148 1259 1366 1299 possidebunt
1393 1269 1531 1299 regnum
1554 1257 1627 1289 Dei.
1674 1257 1786 1293 Quare
1810 1258 1901 1289 iuxta
1916 1258 2040 1299 Legem
2065 1268 2135 1289 cer·

1149 1308 1183 1332 to
1198 1309 1345 1332 statuere
1359 1302 1516 1332 debemus
1532 1311 1660 1339 omnes,
1684 1301 1790 1332 Deum
1809 1312 1888 1332 vere
1912 1302 2011 1331 irasci
2036 1302 2138 1332 omui·

1149 1345 1212 1375 bus
1248 1345 1391 1375 omnium
1426 1345 1584 1385 peccatis.
1653 1344 1782 1375 Deinde
1812 1350 1843 1375 et
1873 1355 1939 1375 vox
1963 1343 2137 1386 Evangelii

1149 1388 1302 1419 addenda
1325 1394 1388 1425 est,
1413 1388 1454 1418 de
1478 1398 1542 1429 qua
1566 1388 1700 1418 dicitur:
1733 1387 1835 1419 Filius
1859 1388 1913 1429 qui
1933 1389 1986 1418 ‘est
2007 1388 2039 1418 in
2063 1389 2136 1418 sinu

1150 1430 1269 1468 Patris,
1293 1432 1364 1472 ipse
1388 1431 1555 1461 enarravit
1579 1431 1687 1461 nobis.
1756 1431 1853 1468 Item,
1888 1430 1951 1465 Qui
1977 1432 2082 1462 credit
2105 1432 2136 1461 in

1150 1473 1286 1512 Filium,
1321 1474 1420 1505 habet
1443 1474 1542 1505 vitam
1571 1481 1749 1505 aeternam.
1819 1473 2013 1505 Cei-tissime
2037 1475 2139 1516 igitur

1150 1524 1333 1548 statuamus
1370 1528 1500 1548 omnem
1523 1518 1777 1557 promissionem
1800 1516 2081 1548 reconciliationis
2106 1523 2138 1549 et

1151 1561 1240 1592 vitae
1264 1566 1419 1591 aeternae
1443 1570 1555 1591 veram
1579 1571 1675 1599 esse,
1711 1571 1796 1602 quae
1821 1561 1952 1603 quidem
1975 1567 2007 1591 et
2032 1566 2138 1592 morte

1152 1614 1191 1635 ac
1218 1604 1463 1635 resurrectione
1486 1603 1557 1634 Filii
1584 1605 1762 1646 obsignata
1785 1610 1848 1641 est,
1872 1610 1905 1635 et
1929 1603 2039 1635 multis
2064 1603 2138 1635 illu-

1151 1648 1276 1678 stribus
1299 1648 1494 1678 testimoniis
1519 1648 1722 1678 confirmata.
1779 1647 1891 1683 Quare
1920 1657 2061 1678 necesse
2085 1652 2138 1678 est

1152 1701 1215 1721 nos
1240 1691 1268 1721 ei
1293 1692 1442 1728 credere,
1467 1696 1499 1721 et
1524 1701 1597 1722 cum
1621 1692 1664 1721 sit
1686 1690 1898 1728 universalis,
1934 1689 2055 1733 singuli
2075 1700 2137 1721 nos

1151 1734 1184 1764 in
1208 1743 1280 1764 eam
1303 1733 1524 1772 includamus,
1559 1735 1781 1765 certissimum
1818 1741 1870 1765 est
1893 1735 1978 1765 enim
2003 1735 2138 1765 manda-

1151 1783 1219 1808 tum
1243 1776 1433 1809 universale
1463 1787 1538 1808 esse
1563 1784 1594 1808 et
1617 1777 1830 1815 immutabile,
1855 1783 1891 1809 ut
1915 1787 2030 1809 omnes
2054 1776 2137 1808 Filio

1152 1821 1346 1860 credamus,
1380 1830 1444 1851 nec
1477 1820 1654 1862 fingendae
1679 1828 1755 1852 sunt
1780 1821 2061 1853 contradictoriae
2079 1831 2138 1852 vo-

1150 1863 1296 1895 luntates
1320 1865 1352 1895 in
1376 1863 1462 1895 Deo.
1531 1865 1581 1894 Ac
1606 1865 1709 1895 simus
1733 1874 1897 1896 memores
1923 1865 1999 1895 dicti
2022 1863 2137 1895 Iohan-

1148 1908 1219 1939 nis:
1244 1907 1306 1942 Qui
1330 1918 1396 1938 non
1420 1907 1525 1938 credit
1548 1907 1635 1945 Deo,
1659 1909 1853 1939 mendacem
1878 1918 1951 1938 eum
1975 1906 2064 1938 facit.
2096 1906 2138 1938 Et

1151 1952 1335 1982 certissime
1360 1958 1556 1989 statuamuS,
1580 1950 1695 1982 Filium
1719 1951 1780 1982 Dei
1805 1962 1958 1982 veracem
1988 1951 2137 1982 nuntium

1149 2004 1237 2033 esse,
1262 1995 1317 2036 qui
1340 1994 1460 2036 inquit:
1486 1994 1542 2025 Sic
1566 1994 1659 2026 Deus
1684 1993 1796 2026 dilexit
1820 1995 1991 2031 mundum,
2027 2001 2061 2025 ut
2086 1994 2137 2024 Fi-

1148 2036 1226 2069 lium
1250 2048 1345 2069 suum
1368 2039 1572 2080 unigenitum
1608 2039 1714 2075 daret,
1743 2045 1777 2070 ut
1803 2039 1922 2076 omnis,
1956 2038 2009 2079 qui
2033 2038 2138 2068 credit

1148 2092 1180 2112 ln
1203 2092 1290 2120 eum,
1314 2092 1381 2113 non
1403 2087 1531 2122 pereat,
1554 2082 1615 2113 sed
1638 2081 1760 2113 habeat
1782 2082 1883 2113 vitam
1906 2087 2086 2112 aeternam.

1236 2168 1304 2199 Sed
1341 2167 1485 2199 humana
1518 2169 1602 2199 ratio
1638 2169 1775 2210 opponit
1802 2167 1869 2199 hoc
1894 2173 2134 2209 argumentum.

1148 2211 1270 2243 Addita
1296 2217 1347 2242 est
1371 2212 1516 2243 conditio
1541 2211 1660 2253 Legis:
1686 2212 1759 2243 Hoc
1782 2210 1837 2243 sac
1861 2217 1892 2242 et
1917 2213 2026 2243 vives:
2053 2210 2137 2242 Cum

1147 2256 1247 2296 igitur
1270 2265 1336 2286 non
1361 2255 1502 2286 satisfiat
1524 2254 1621 2297 Legi,
1647 2256 1860 2286 dubitandum
1885 2261 1948 2286 est.
1983 2254 2136 2295 Respon-

1149 2299 1224 2329 deo.
1280 2297 1320 2329 Et
1345 2297 1410 2329 hoc
1436 2299 1542 2340 ipsum
1572 2300 1603 2329 in
1629 2298 1834 2330 revelatione
1858 2297 2032 2341 Evangelii
2058 2307 2136 2328 con-

1148 2342 1361 2373 siderandum
1375 2348 1443 2380 est,
1468 2342 1542 2372 ideo
1566 2343 1725 2373 immensa
1745 2343 1974 2373 misericordia
1999 2342 2137 2374 missum

1149 2396 1226 2416 esse
1250 2383 1379 2422 Filium,
1404 2391 1439 2416 ut
1464 2395 1525 2415 nos
1550 2396 1566 2415 a
1590 2385 1819 2417 maledictione
1834 2385 1932 2427 Legis
1947 2386 2135 2426 redimeret,

1149 2435 1179 2459 et
1209 2428 1322 2459 Gratis
1358 2434 1496 2469 propter
1531 2428 1647 2460 Filium
1679 2429 1794 2460 donari
1819 2428 2134 2461 reconciliationem.

1148 2471 1243 2503 Hanc·
1266 2471 1375 2502 lucem
1401 2470 1570 2513 Evangelii
1595 2472 1636 2503 de
1660 2473 1803 2513 gratuita
1832 2473 2053 2513 promissione
2077 2475 2134 2505 ob-

1148 2522 1285 2546 ruerunt
1321 2515 1493 2555 papis—tae,
1529 2516 1582 2556 qui
1603 2515 1731 2557 fingunt
1754 2516 1966 2547 dubitandum
1991 2526 2068 2548 esse
2092 2518 2134 2549 de

1148 2560 1355 2595 remissione,
1379 2559 1455 2600 quia
1477 2560 1620 2600 pendeat
1645 2569 1685 2589 ex
1712 2560 1899 2590 conditione
1922 2559 2033 2601 Legis.
2057 2561 2133 2592 Ideo

1147 2602 1251 2633 simus
1287 2601 1465 2643 vigilantes
1499 2603 1532 2633 in
1568 2603 1738 2633 retinendo
1762 2603 1951 2634 discrimine
1975 2603 2075 2645 Legis
2101 2610 2133 2635 et

1146 2644 1339 2688 Evangelii,
1373 2651 1407 2678 et
1429 2656 1620 2688 quanquam
1641 2647 1836 2679 necessaria
1859 2652 1911 2678 est
1931 2648 2133 2688 poenitentia
