<?xml version="1.0" encoding="UTF-8"?>
<!DOCTYPE html PUBLIC "-//W3C//DTD XHTML 1.0 Transitional//EN"
    "http://www.w3.org/TR/xhtml1/DTD/xhtml1-transitional.dtd">
<html xmlns="http://www.w3.org/1999/xhtml" xml:lang="en" lang="en">
 <head>
  <title>
</title>
<meta http-equiv="Content-Type" content="text/html;charset=utf-8" />
  <meta name='ocr-system' content='tesseract 3.04.00' />
  <meta name='ocr-capabilities' content='ocr_page ocr_carea ocr_par ocr_line ocrx_word'/>
</head>
<body>
  <div class='ocr_page' id='page_1' title='image "./operaquaesupersu23melauoft_0274.png"; bbox 0 0 2383 2990; ppageno 0'>
   <div class='ocr_carea' id='block_1_1' title="bbox 248 147 313 178">
    <p class='ocr_par' dir='ltr' id='par_1_1' title="bbox 248 147 313 178">
     <span class='ocr_line' id='line_1_1' title="bbox 248 147 313 178; baseline -0.015 0"><span class='ocrx_word' id='word_1_1' title='bbox 248 147 313 178; x_wconf 81' lang='lat'><strong>415</strong></span> 
     </span>
    </p>
   </div>
   <div class='ocr_carea' id='block_1_2' title="bbox 247 240 1232 531">
    <p class='ocr_par' dir='ltr' id='par_1_2' title="bbox 247 240 1232 531">
     <span class='ocr_line' id='line_1_2' title="bbox 247 240 1232 283; baseline 0 -11"><span class='ocrx_word' id='word_1_2' title='bbox 247 242 335 279; x_wconf 81' lang='lat' dir='ltr'><strong>iden,</strong></span> <span class='ocrx_word' id='word_1_3' title='bbox 365 241 441 283; x_wconf 86' lang='lat' dir='ltr'><strong>quia</strong></span> <span class='ocrx_word' id='word_1_4' title='bbox 463 240 538 272; x_wconf 82' lang='lat' dir='ltr'><strong>Deo</strong></span> <span class='ocrx_word' id='word_1_5' title='bbox 561 246 651 271; x_wconf 88' lang='lat' dir='ltr'><strong>recte</strong></span> <span class='ocrx_word' id='word_1_6' title='bbox 674 241 800 282; x_wconf 74' lang='lat' dir='ltr'><strong>agaim,</strong></span> <span class='ocrx_word' id='word_1_7' title='bbox 833 250 930 282; x_wconf 87' lang='lat' dir='ltr'><strong>quem</strong></span> <span class='ocrx_word' id='word_1_8' title='bbox 953 241 985 271; x_wconf 92' lang='lat' dir='ltr'><strong>in</strong></span> <span class='ocrx_word' id='word_1_9' title='bbox 1008 251 1088 271; x_wconf 75' lang='lat' dir='ltr'><strong>vero</strong></span> <span class='ocrx_word' id='word_1_10' title='bbox 1114 241 1232 272; x_wconf 81' lang='lat' dir='ltr'><strong>timore</strong></span> 
     </span>
     <span class='ocr_line' id='line_1_3' title="bbox 249 283 1231 321; baseline 0.001 -6"><span class='ocrx_word' id='word_1_11' title='bbox 249 291 279 315; x_wconf 87' lang='lat' dir='ltr'><strong>et</strong></span> <span class='ocrx_word' id='word_1_12' title='bbox 303 284 366 315; x_wconf 80' lang='lat' dir='ltr'><strong>fide</strong></span> <span class='ocrx_word' id='word_1_13' title='bbox 391 286 541 321; x_wconf 74' lang='lat' dir='ltr'><strong>invocas,</strong></span> <span class='ocrx_word' id='word_1_14' title='bbox 566 285 668 314; x_wconf 80' lang='lat' dir='ltr'><strong>debes</strong></span> <span class='ocrx_word' id='word_1_15' title='bbox 689 283 775 314; x_wconf 81' lang='lat' dir='ltr'><strong>hanc</strong></span> <span class='ocrx_word' id='word_1_16' title='bbox 798 284 1028 314; x_wconf 72' lang='lat' dir='ltr'>obedientiam.</span> <span class='ocrx_word' id='word_1_17' title='bbox 1086 285 1161 315; x_wconf 89' lang='lat' dir='ltr'><strong>ldeo</strong></span> <span class='ocrx_word' id='word_1_18' title='bbox 1186 286 1231 316; x_wconf 91' lang='lat' dir='ltr'><strong>in-</strong></span> 
     </span>
     <span class='ocr_line' id='line_1_4' title="bbox 249 326 1231 370; baseline -0.001 -11"><span class='ocrx_word' id='word_1_19' title='bbox 249 329 319 370; x_wconf 92' lang='lat' dir='ltr'><strong>quit</strong></span> <span class='ocrx_word' id='word_1_20' title='bbox 355 327 478 358; x_wconf 84' lang='lat' dir='ltr'><strong>Paulus</strong></span> <span class='ocrx_word' id='word_1_21' title='bbox 518 328 543 358; x_wconf 90' lang='lat' dir='ltr'><strong>l.</strong></span> <span class='ocrx_word' id='word_1_22' title='bbox 580 326 727 357; x_wconf 73' lang='lat' dir='ltr'><strong>Corinth.</strong></span> <span class='ocrx_word' id='word_1_23' title='bbox 766 327 814 357; x_wconf 87' lang='lat'><strong>10.</strong></span> <span class='ocrx_word' id='word_1_24' title='bbox 880 327 998 357; x_wconf 83' lang='lat' dir='ltr'><strong>Omnia</strong></span> <span class='ocrx_word' id='word_1_25' title='bbox 1025 328 1067 358; x_wconf 86' lang='lat' dir='ltr'><strong>ad</strong></span> <span class='ocrx_word' id='word_1_26' title='bbox 1092 327 1231 368; x_wconf 76' lang='lat' dir='ltr'>gloriam</span> 
     </span>
     <span class='ocr_line' id='line_1_5' title="bbox 247 369 1230 411; baseline -0.001 -9"><span class='ocrx_word' id='word_1_27' title='bbox 247 371 311 402; x_wconf 88' lang='lat' dir='ltr'><strong>Dei</strong></span> <span class='ocrx_word' id='word_1_28' title='bbox 334 371 444 401; x_wconf 76' lang='lat' dir='ltr'><strong>facite.</strong></span> <span class='ocrx_word' id='word_1_29' title='bbox 512 369 552 400; x_wconf 88' lang='lat' dir='ltr'><strong>Et</strong></span> <span class='ocrx_word' id='word_1_30' title='bbox 577 369 707 411; x_wconf 66' lang='lat' dir='ltr'><strong>Syrach</strong></span> <span class='ocrx_word' id='word_1_31' title='bbox 731 370 838 410; x_wconf 87' lang='lat' dir='ltr'><strong>capite</strong></span> <span class='ocrx_word' id='word_1_32' title='bbox 862 369 913 401; x_wconf 72' lang='lat'><strong>32.</strong></span> <span class='ocrx_word' id='word_1_33' title='bbox 971 370 1005 400; x_wconf 91' lang='lat' dir='ltr'><strong>ln</strong></span> <span class='ocrx_word' id='word_1_34' title='bbox 1031 371 1118 401; x_wconf 90' lang='lat' dir='ltr'><strong>omni</strong></span> <span class='ocrx_word' id='word_1_35' title='bbox 1143 372 1230 402; x_wconf 87' lang='lat' dir='ltr'><strong>bono</strong></span> 
     </span>
     <span class='ocr_line' id='line_1_6' title="bbox 248 412 1231 455; baseline 0 -10"><span class='ocrx_word' id='word_1_36' title='bbox 248 424 348 455; x_wconf 84' lang='lat' dir='ltr'><strong>opere</strong></span> <span class='ocrx_word' id='word_1_37' title='bbox 372 414 490 444; x_wconf 88' lang='lat' dir='ltr'><strong>credas</strong></span> <span class='ocrx_word' id='word_1_38' title='bbox 513 413 672 443; x_wconf 75' lang='lat' dir='ltr'><strong>inanima</strong></span> <span class='ocrx_word' id='word_1_39' title='bbox 696 420 762 451; x_wconf 78' lang='lat' dir='ltr'><strong>tua,</strong></span> <span class='ocrx_word' id='word_1_40' title='bbox 787 412 869 444; x_wconf 85' lang='lat' dir='ltr'><strong>haec</strong></span> <span class='ocrx_word' id='word_1_41' title='bbox 894 414 978 444; x_wconf 88' lang='lat' dir='ltr'><strong>enim</strong></span> <span class='ocrx_word' id='word_1_42' title='bbox 1003 420 1051 444; x_wconf 89' lang='lat' dir='ltr'><strong>est</strong></span> <span class='ocrx_word' id='word_1_43' title='bbox 1073 416 1231 445; x_wconf 85' lang='lat' dir='ltr'><strong>observa-</strong></span> 
     </span>
     <span class='ocr_line' id='line_1_7' title="bbox 247 456 1231 496; baseline 0.001 -9"><span class='ocrx_word' id='word_1_44' title='bbox 247 458 292 488; x_wconf 89' lang='lat' dir='ltr'><strong>tio</strong></span> <span class='ocrx_word' id='word_1_45' title='bbox 317 457 555 487; x_wconf 86' lang='lat' dir='ltr'><strong>mandatorum.</strong></span> <span class='ocrx_word' id='word_1_46' title='bbox 602 456 705 496; x_wconf 83' lang='lat' dir='ltr'><strong>Ephe.</strong></span> <span class='ocrx_word' id='word_1_47' title='bbox 731 456 760 487; x_wconf 80' lang='lat'><strong>3.</strong></span> <span class='ocrx_word' id='word_1_48' title='bbox 793 456 857 487; x_wconf 88' lang='lat' dir='ltr'><strong>Per</strong></span> <span class='ocrx_word' id='word_1_49' title='bbox 881 456 1049 488; x_wconf 88' lang='lat' dir='ltr'><strong>Christum</strong></span> <span class='ocrx_word' id='word_1_50' title='bbox 1071 456 1231 488; x_wconf 86' lang='lat' dir='ltr'><strong>habemus</strong></span> 
     </span>
     <span class='ocr_line' id='line_1_8' title="bbox 248 499 632 531; baseline -0.003 0"><span class='ocrx_word' id='word_1_51' title='bbox 248 510 424 531; x_wconf 79' lang='lat' dir='ltr'><strong>accessum</strong></span> <span class='ocrx_word' id='word_1_52' title='bbox 447 500 489 530; x_wconf 87' lang='lat' dir='ltr'><strong>ad</strong></span> <span class='ocrx_word' id='word_1_53' title='bbox 512 499 632 530; x_wconf 88' lang='lat' dir='ltr'><strong>Deum.</strong></span> 
     </span>
    </p>
   </div>
   <div class='ocr_carea' id='block_1_3' title="bbox 446 661 1043 695">
    <p class='ocr_par' dir='ltr' id='par_1_3' title="bbox 446 661 1043 695">
     <span class='ocr_line' id='line_1_9' title="bbox 446 661 1043 695; baseline 0.002 -2"><span class='ocrx_word' id='word_1_54' title='bbox 446 662 508 694; x_wconf 88' lang='lat' dir='ltr'><strong>DE</strong></span> <span class='ocrx_word' id='word_1_55' title='bbox 532 661 743 694; x_wconf 84' lang='lat' dir='ltr'>SECUNDO</span> <span class='ocrx_word' id='word_1_56' title='bbox 767 662 1043 695; x_wconf 85' lang='lat' dir='ltr'><strong>PRAECEPTO.</strong></span> 
     </span>
    </p>
   </div>
   <div class='ocr_carea' id='block_1_4' title="bbox 335 790 1258 834">
    <p class='ocr_par' dir='ltr' id='par_1_4' title="bbox 335 790 1258 834">
     <span class='ocr_line' id='line_1_10' title="bbox 335 790 1258 834; baseline 0.001 -12"><span class='ocrx_word' id='word_1_57' title='bbox 335 791 479 824; x_wconf 87' lang='lat' dir='ltr'><strong>Primum</strong></span> <span class='ocrx_word' id='word_1_58' title='bbox 514 798 729 834; x_wconf 85' lang='lat' dir='ltr'><strong>praeceptum</strong></span> <span class='ocrx_word' id='word_1_59' title='bbox 763 793 981 823; x_wconf 83' lang='lat' dir='ltr'><strong>concionatur</strong></span> <span class='ocrx_word' id='word_1_60' title='bbox 1015 792 1056 823; x_wconf 90' lang='lat' dir='ltr'><strong>de</strong></span> <span class='ocrx_word' id='word_1_61' title='bbox 1089 790 1165 823; x_wconf 88' lang='lat' dir='ltr'><strong>luce</strong></span> <span class='ocrx_word' id='word_1_62' title='bbox 1198 793 1258 827; x_wconf 67' lang='lat' dir='ltr'><strong>int</strong></span> 
     </span>
    </p>
   </div>
   <div class='ocr_carea' id='block_1_5' title="bbox 245 834 1231 921">
    <p class='ocr_par' dir='ltr' id='par_1_5' title="bbox 245 834 1231 921">
     <span class='ocr_line' id='line_1_11' title="bbox 247 834 1231 877; baseline -0.001 -11"><span class='ocrx_word' id='word_1_63' title='bbox 247 836 361 874; x_wconf 88' lang='lat' dir='ltr'><strong>corde,</strong></span> <span class='ocrx_word' id='word_1_64' title='bbox 396 834 549 867; x_wconf 70' lang='lat' dir='ltr'><strong>videlicet</strong></span> <span class='ocrx_word' id='word_1_65' title='bbox 582 837 622 867; x_wconf 89' lang='lat' dir='ltr'><strong>de</strong></span> <span class='ocrx_word' id='word_1_66' title='bbox 643 846 722 866; x_wconf 83' lang='lat' dir='ltr'><strong>vera</strong></span> <span class='ocrx_word' id='word_1_67' title='bbox 745 836 912 877; x_wconf 79' lang='lat' dir='ltr'>agnitione</span> <span class='ocrx_word' id='word_1_68' title='bbox 935 834 1018 873; x_wconf 87' lang='lat' dir='ltr'><strong>Dei,</strong></span> <span class='ocrx_word' id='word_1_69' title='bbox 1055 840 1087 866; x_wconf 89' lang='lat' dir='ltr'><strong>et</strong></span> <span class='ocrx_word' id='word_1_70' title='bbox 1111 835 1231 866; x_wconf 87' lang='lat' dir='ltr'><strong>debitis</strong></span> 
     </span>
     <span class='ocr_line' id='line_1_12' title="bbox 245 878 1230 921; baseline -0.002 -10"><span class='ocrx_word' id='word_1_71' title='bbox 245 881 390 911; x_wconf 87' lang='lat' dir='ltr'><strong>motibus</strong></span> <span class='ocrx_word' id='word_1_72' title='bbox 414 880 530 920; x_wconf 59' lang='lat' dir='ltr'><strong>cordis¹</strong></span> <span class='ocrx_word' id='word_1_73' title='bbox 549 889 630 921; x_wconf 80' lang='lat' dir='ltr'><strong>erga</strong></span> <span class='ocrx_word' id='word_1_74' title='bbox 651 878 770 910; x_wconf 87' lang='lat' dir='ltr'><strong>Deum.</strong></span> <span class='ocrx_word' id='word_1_75' title='bbox 817 878 851 909; x_wconf 90' lang='grc'><strong>111</strong></span> <span class='ocrx_word' id='word_1_76' title='bbox 876 879 1024 909; x_wconf 83' lang='grc'><strong>5001111110</strong></span> <span class='ocrx_word' id='word_1_77' title='bbox 1049 879 1085 908; x_wconf 84' lang='lat' dir='ltr'><strong>tit</strong></span> <span class='ocrx_word' id='word_1_78' title='bbox 1108 879 1230 909; x_wconf 89' lang='lat' dir='ltr'><strong>mentio</strong></span> 
     </span>
    </p>
   </div>
   <div class='ocr_carea' id='block_1_6' title="bbox 877 143 1613 177">
    <p class='ocr_par' dir='ltr' id='par_1_6' title="bbox 877 143 1613 177">
     <span class='ocr_line' id='line_1_13' title="bbox 877 143 1613 177; baseline 0 -1"><span class='ocrx_word' id='word_1_79' title='bbox 877 145 988 176; x_wconf 83' lang='lat' dir='ltr'><strong>PHIL.</strong></span> <span class='ocrx_word' id='word_1_80' title='bbox 1007 144 1111 176; x_wconf 80' lang='lat' dir='ltr'><strong>MEL.</strong></span> <span class='ocrx_word' id='word_1_81' title='bbox 1131 145 1317 177; x_wconf 76' lang='lat' dir='ltr'><strong>SCRIPTA</strong></span> <span class='ocrx_word' id='word_1_82' title='bbox 1334 143 1613 176; x_wconf 81' lang='lat' dir='ltr'><strong>DOGMATICA.</strong></span> 
     </span>
    </p>
   </div>
   <div class='ocr_carea' id='block_1_7' title="bbox 1256 321 1259 418">
    <p class='ocr_par' dir='ltr' id='par_1_7' title="bbox 1256 321 1259 418">
     <span class='ocr_line' id='line_1_14' title="bbox 1256 321 1259 418; baseline 0 2572"><span class='ocrx_word' id='word_1_83' title='bbox 1256 321 1259 418; x_wconf 95' lang='lat' dir='ltr'><strong> </strong></span> 
     </span>
    </p>
   </div>
   <div class='ocr_carea' id='block_1_8' title="bbox 1256 434 1259 505">
    <p class='ocr_par' dir='ltr' id='par_1_8' title="bbox 1256 434 1259 505">
     <span class='ocr_line' id='line_1_15' title="bbox 1256 434 1259 505; baseline 0 2485"><span class='ocrx_word' id='word_1_84' title='bbox 1256 434 1259 505; x_wconf 95' lang='lat' dir='ltr'><strong> </strong></span> 
     </span>
    </p>
   </div>
   <div class='ocr_carea' id='block_1_9' title="bbox 245 920 1256 1007">
    <p class='ocr_par' dir='ltr' id='par_1_9' title="bbox 245 920 1256 1007">
     <span class='ocr_line' id='line_1_16' title="bbox 245 920 1255 964; baseline 0 -11"><span class='ocrx_word' id='word_1_85' title='bbox 245 921 466 964; x_wconf 72' lang='lat' dir='ltr'>professionis</span> <span class='ocrx_word' id='word_1_86' title='bbox 497 930 667 960; x_wconf 78' lang='lat' dir='ltr'>externae,</span> <span class='ocrx_word' id='word_1_87' title='bbox 701 923 777 963; x_wconf 86' lang='lat' dir='ltr'><strong>quia</strong></span> <span class='ocrx_word' id='word_1_88' title='bbox 806 920 899 952; x_wconf 86' lang='lat' dir='ltr'><strong>Deus</strong></span> <span class='ocrx_word' id='word_1_89' title='bbox 925 921 993 952; x_wconf 75' lang='lat' dir='ltr'><strong>vult</strong></span> <span class='ocrx_word' id='word_1_90' title='bbox 1020 922 1229 953; x_wconf 82' lang='lat' dir='ltr'><strong>innotescere</strong></span> <span class='ocrx_word' id='word_1_91' title='bbox 1254 954 1255 961; x_wconf 14' lang='grc' dir='ltr'>ἵ</span> 
     </span>
     <span class='ocr_line' id='line_1_17' title="bbox 247 963 1256 1007; baseline -0.002 -10"><span class='ocrx_word' id='word_1_92' title='bbox 247 967 408 1004; x_wconf 85' lang='lat' dir='ltr'><strong>doctrina,</strong></span> <span class='ocrx_word' id='word_1_93' title='bbox 443 966 671 1003; x_wconf 72' lang='lat' dir='ltr'><strong>invocatione,</strong></span> <span class='ocrx_word' id='word_1_94' title='bbox 706 966 884 1007; x_wconf 83' lang='lat' dir='ltr'><strong>gratiarum</strong></span> <span class='ocrx_word' id='word_1_95' title='bbox 919 965 1051 995; x_wconf 87' lang='lat' dir='ltr'><strong>actione</strong></span> <span class='ocrx_word' id='word_1_96' title='bbox 1086 970 1118 995; x_wconf 86' lang='lat' dir='ltr'><strong>et</strong></span> <span class='ocrx_word' id='word_1_97' title='bbox 1152 963 1256 995; x_wconf 78' lang='lat' dir='ltr'><strong>con-&#39;</strong></span> 
     </span>
    </p>
   </div>
   <div class='ocr_carea' id='block_1_10' title="bbox 243 1007 1231 1310">
    <p class='ocr_par' dir='ltr' id='par_1_10' title="bbox 243 1007 1231 1310">
     <span class='ocr_line' id='line_1_18' title="bbox 245 1007 1231 1049; baseline -0.002 -8"><span class='ocrx_word' id='word_1_98' title='bbox 245 1008 402 1041; x_wconf 77' lang='lat' dir='ltr'><strong>sessione.</strong></span> <span class='ocrx_word' id='word_1_99' title='bbox 470 1008 512 1039; x_wconf 92' lang='lat' dir='ltr'><strong>Ut</strong></span> <span class='ocrx_word' id='word_1_100' title='bbox 538 1014 646 1040; x_wconf 83' lang='lat' dir='ltr'><strong>autem</strong></span> <span class='ocrx_word' id='word_1_101' title='bbox 669 1010 701 1039; x_wconf 90' lang='lat' dir='ltr'><strong>in</strong></span> <span class='ocrx_word' id='word_1_102' title='bbox 726 1010 790 1039; x_wconf 88' lang='lat' dir='ltr'><strong>hoc</strong></span> <span class='ocrx_word' id='word_1_103' title='bbox 814 1008 919 1048; x_wconf 90' lang='lat' dir='ltr'><strong>primo</strong></span> <span class='ocrx_word' id='word_1_104' title='bbox 939 1014 1117 1049; x_wconf 88' lang='lat' dir='ltr'><strong>praecepto</strong></span> <span class='ocrx_word' id='word_1_105' title='bbox 1142 1007 1231 1039; x_wconf 84' lang='lat' dir='ltr'><strong>affir—</strong></span> 
     </span>
     <span class='ocr_line' id='line_1_19' title="bbox 245 1050 1229 1092; baseline -0.001 -9"><span class='ocrx_word' id='word_1_106' title='bbox 245 1053 386 1084; x_wconf 87' lang='lat' dir='ltr'><strong>mativae</strong></span> <span class='ocrx_word' id='word_1_107' title='bbox 411 1053 578 1083; x_wconf 85' lang='lat' dir='ltr'><strong>orationes</strong></span> <span class='ocrx_word' id='word_1_108' title='bbox 603 1057 679 1082; x_wconf 90' lang='lat' dir='ltr'><strong>sunt</strong></span> <span class='ocrx_word' id='word_1_109' title='bbox 703 1058 735 1082; x_wconf 89' lang='lat' dir='ltr'><strong>et</strong></span> <span class='ocrx_word' id='word_1_110' title='bbox 758 1050 961 1088; x_wconf 77' lang='lat' dir='ltr'><strong>exclusivae,</strong></span> <span class='ocrx_word' id='word_1_111' title='bbox 997 1052 1229 1092; x_wconf 86' lang='lat' dir='ltr'><strong>probibitivae,</strong></span> 
     </span>
     <span class='ocr_line' id='line_1_20' title="bbox 245 1093 1229 1137; baseline -0.001 -11"><span class='ocrx_word' id='word_1_112' title='bbox 245 1097 432 1137; x_wconf 76' lang='lat' dir='ltr'><strong>negativae,</strong></span> <span class='ocrx_word' id='word_1_113' title='bbox 458 1097 501 1126; x_wconf 83' lang='lat' dir='ltr'><strong>ita</strong></span> <span class='ocrx_word' id='word_1_114' title='bbox 526 1102 554 1125; x_wconf 91' lang='lat' dir='ltr'><strong>et</strong></span> <span class='ocrx_word' id='word_1_115' title='bbox 582 1095 740 1136; x_wconf 83' lang='lat' dir='ltr'><strong>deinceps</strong></span> <span class='ocrx_word' id='word_1_116' title='bbox 764 1105 896 1135; x_wconf 80' lang='lat' dir='ltr'><strong>semper</strong></span> <span class='ocrx_word' id='word_1_117' title='bbox 920 1093 1118 1125; x_wconf 81' lang='lat' dir='ltr'><strong>affirmativa</strong></span> <span class='ocrx_word' id='word_1_118' title='bbox 1135 1095 1229 1135; x_wconf 88' lang='lat' dir='ltr'><strong>primi</strong></span> 
     </span>
     <span class='ocr_line' id='line_1_21' title="bbox 245 1137 1230 1180; baseline -0.001 -11"><span class='ocrx_word' id='word_1_119' title='bbox 245 1140 414 1180; x_wconf 74' lang='lat' dir='ltr'><strong>praecepti</strong></span> <span class='ocrx_word' id='word_1_120' title='bbox 448 1144 616 1179; x_wconf 82' lang='lat' dir='ltr'><strong>repetatur</strong></span> <span class='ocrx_word' id='word_1_121' title='bbox 650 1145 683 1169; x_wconf 87' lang='lat' dir='ltr'><strong>et</strong></span> <span class='ocrx_word' id='word_1_122' title='bbox 714 1137 902 1169; x_wconf 80' lang='lat' dir='ltr'><strong>includatur</strong></span> <span class='ocrx_word' id='word_1_123' title='bbox 935 1138 1163 1179; x_wconf 77' lang='lat' dir='ltr'><strong>sequentibus,</strong></span> <span class='ocrx_word' id='word_1_124' title='bbox 1198 1144 1230 1168; x_wconf 90' lang='lat' dir='ltr'><strong>et</strong></span> 
     </span>
     <span class='ocr_line' id='line_1_22' title="bbox 245 1180 1082 1223; baseline 0 -11"><span class='ocrx_word' id='word_1_125' title='bbox 245 1188 454 1223; x_wconf 77' lang='lat' dir='ltr'><strong>opponantur</strong></span> <span class='ocrx_word' id='word_1_126' title='bbox 477 1180 693 1212; x_wconf 81' lang='lat' dir='ltr'><strong>affirmativae</strong></span> <span class='ocrx_word' id='word_1_127' title='bbox 717 1182 883 1212; x_wconf 85' lang='lat' dir='ltr'><strong>orationes</strong></span> <span class='ocrx_word' id='word_1_128' title='bbox 908 1181 1082 1223; x_wconf 68' lang='lat' dir='ltr'><strong>negativis·</strong></span> 
     </span>
     <span class='ocr_line' id='line_1_23' title="bbox 243 1224 1231 1266; baseline 0.001 -11"><span class='ocrx_word' id='word_1_129' title='bbox 243 1224 397 1256; x_wconf 86' lang='lat' dir='ltr'><strong>hibentur</strong></span> <span class='ocrx_word' id='word_1_130' title='bbox 420 1226 546 1256; x_wconf 86' lang='lat' dir='ltr'><strong>abusus</strong></span> <span class='ocrx_word' id='word_1_131' title='bbox 571 1225 710 1256; x_wconf 81' lang='lat' dir='ltr'><strong>nominis</strong></span> <span class='ocrx_word' id='word_1_132' title='bbox 734 1224 822 1256; x_wconf 89' lang='lat' dir='ltr'><strong>illius</strong></span> <span class='ocrx_word' id='word_1_133' title='bbox 846 1225 917 1255; x_wconf 84' lang='lat' dir='ltr'><strong>veri</strong></span> <span class='ocrx_word' id='word_1_134' title='bbox 940 1224 1016 1263; x_wconf 81' lang='lat' dir='ltr'><strong>Dei,</strong></span> <span class='ocrx_word' id='word_1_135' title='bbox 1040 1225 1095 1266; x_wconf 90' lang='lat' dir='ltr'><strong>qui</strong></span> <span class='ocrx_word' id='word_1_136' title='bbox 1118 1225 1231 1256; x_wconf 79' lang='lat' dir='ltr'><strong>eduxit</strong></span> 
     </span>
     <span class='ocr_line' id='line_1_24' title="bbox 243 1267 660 1310; baseline -0.002 -11"><span class='ocrx_word' id='word_1_137' title='bbox 243 1267 403 1310; x_wconf 82' lang='lat' dir='ltr'><strong>populum</strong></span> <span class='ocrx_word' id='word_1_138' title='bbox 427 1278 469 1299; x_wconf 83' lang='lat' dir='ltr'><strong>ex</strong></span> <span class='ocrx_word' id='word_1_139' title='bbox 492 1269 660 1310; x_wconf 74' lang='lat' dir='ltr'><strong>Aegypto.</strong></span> 
     </span>
    </p>
   </div>
   <div class='ocr_carea' id='block_1_11' title="bbox 418 1434 1048 1490">
    <p class='ocr_par' dir='ltr' id='par_1_11' title="bbox 418 1434 1048 1490">
     <span class='ocr_line' id='line_1_25' title="bbox 418 1434 1048 1490; baseline -0.002 -14"><span class='ocrx_word' id='word_1_140' title='bbox 418 1434 498 1486; x_wconf 76' lang='lat' dir='ltr'><strong>Qui</strong></span> <span class='ocrx_word' id='word_1_141' title='bbox 529 1435 652 1490; x_wconf 85' lang='lat' dir='ltr'><strong>igitur</strong></span> <span class='ocrx_word' id='word_1_142' title='bbox 683 1441 777 1475; x_wconf 78' lang='lat' dir='ltr'><strong>sunt</strong></span> <span class='ocrx_word' id='word_1_143' title='bbox 807 1435 895 1475; x_wconf 85' lang='lat' dir='ltr'><strong>veri</strong></span> <span class='ocrx_word' id='word_1_144' title='bbox 926 1435 1048 1475; x_wconf 79' lang='lat' dir='ltr'><strong>usus?</strong></span> 
     </span>
    </p>
   </div>
   <div class='ocr_carea' id='block_1_12' title="bbox 243 1543 1230 1673">
    <p class='ocr_par' dir='ltr' id='par_1_12' title="bbox 243 1543 1230 1673">
     <span class='ocr_line' id='line_1_26' title="bbox 330 1543 1230 1586; baseline -0.001 -11"><span class='ocrx_word' id='word_1_145' title='bbox 330 1543 370 1575; x_wconf 87' lang='lat' dir='ltr'><strong>Hi</strong></span> <span class='ocrx_word' id='word_1_146' title='bbox 395 1550 547 1586; x_wconf 88' lang='lat' dir='ltr'><strong>quatuor,</strong></span> <span class='ocrx_word' id='word_1_147' title='bbox 571 1554 652 1575; x_wconf 86' lang='lat' dir='ltr'><strong>vera</strong></span> <span class='ocrx_word' id='word_1_148' title='bbox 672 1544 834 1583; x_wconf 86' lang='lat' dir='ltr'><strong>doctrina,</strong></span> <span class='ocrx_word' id='word_1_149' title='bbox 854 1545 1032 1582; x_wconf 73' lang='lat' dir='ltr'><strong>invocatio,</strong></span> <span class='ocrx_word' id='word_1_150' title='bbox 1049 1543 1230 1586; x_wconf 87' lang='lat' dir='ltr'><strong>gratiarum</strong></span> 
     </span>
     <span class='ocr_line' id='line_1_27' title="bbox 243 1585 1229 1629; baseline -0.001 -11"><span class='ocrx_word' id='word_1_151' title='bbox 243 1587 331 1619; x_wconf 85' lang='lat' dir='ltr'><strong>actio</strong></span> <span class='ocrx_word' id='word_1_152' title='bbox 355 1594 387 1618; x_wconf 88' lang='lat' dir='ltr'><strong>et</strong></span> <span class='ocrx_word' id='word_1_153' title='bbox 411 1586 591 1619; x_wconf 85' lang='lat' dir='ltr'><strong>consessio.</strong></span> <span class='ocrx_word' id='word_1_154' title='bbox 616 1588 667 1618; x_wconf 86' lang='lat' dir='ltr'><strong>Ad</strong></span> <span class='ocrx_word' id='word_1_155' title='bbox 694 1598 809 1619; x_wconf 88' lang='lat' dir='ltr'><strong>omnes</strong></span> <span class='ocrx_word' id='word_1_156' title='bbox 833 1589 951 1619; x_wconf 82' lang='lat' dir='ltr'><strong>modos</strong></span> <span class='ocrx_word' id='word_1_157' title='bbox 971 1589 1134 1629; x_wconf 82' lang='lat' dir='ltr'><strong>pertinent</strong></span> <span class='ocrx_word' id='word_1_158' title='bbox 1159 1585 1229 1618; x_wconf 87' lang='lat' dir='ltr'><strong>lau-</strong></span> 
     </span>
     <span class='ocr_line' id='line_1_28' title="bbox 243 1630 1230 1673; baseline -0.003 -11"><span class='ocrx_word' id='word_1_159' title='bbox 243 1632 395 1663; x_wconf 81' lang='lat' dir='ltr'><strong>dationes</strong></span> <span class='ocrx_word' id='word_1_160' title='bbox 430 1641 491 1662; x_wconf 84' lang='lat' dir='ltr'><strong>seu</strong></span> <span class='ocrx_word' id='word_1_161' title='bbox 525 1631 650 1673; x_wconf 76' lang='lat' dir='ltr'><strong>hymni,</strong></span> <span class='ocrx_word' id='word_1_162' title='bbox 683 1632 715 1662; x_wconf 93' lang='lat' dir='ltr'><strong>in</strong></span> <span class='ocrx_word' id='word_1_163' title='bbox 746 1632 865 1672; x_wconf 87' lang='lat' dir='ltr'><strong>quibus</strong></span> <span class='ocrx_word' id='word_1_164' title='bbox 902 1632 1019 1662; x_wconf 87' lang='lat' dir='ltr'><strong>dicitur</strong></span> <span class='ocrx_word' id='word_1_165' title='bbox 1043 1630 1153 1672; x_wconf 88' lang='lat' dir='ltr'><strong>qualis</strong></span> <span class='ocrx_word' id='word_1_166' title='bbox 1187 1632 1230 1660; x_wconf 88' lang='lat' dir='ltr'><strong>sit</strong></span> 
     </span>
    </p>
   </div>
   <div class='ocr_carea' id='block_1_13' title="bbox 1150 1181 1331 1241">
    <p class='ocr_par' dir='ltr' id='par_1_13' title="bbox 1150 1181 1331 1241">
     <span class='ocr_line' id='line_1_29' title="bbox 1150 1181 1318 1213; baseline 0.012 -2"><span class='ocrx_word' id='word_1_167' title='bbox 1150 1181 1256 1212; x_wconf 68' lang='lat' dir='ltr'><strong>Pro-2</strong></span> <span class='ocrx_word' id='word_1_168' title='bbox 1301 1206 1318 1213; x_wconf 92' lang='lat'><strong>..</strong></span> 
     </span>
     <span class='ocr_line' id='line_1_30' title="bbox 1254 1216 1331 1241; baseline -0.013 -5"><span class='ocrx_word' id='word_1_169' title='bbox 1254 1217 1256 1241; x_wconf 60' lang='lat' dir='ltr'><strong>t</strong></span> <span class='ocrx_word' id='word_1_170' title='bbox 1282 1216 1331 1236; x_wconf 89' lang='lat' dir='ltr'><strong>rn.</strong></span> 
     </span>
    </p>
   </div>
   <div class='ocr_carea' id='block_1_14' title="bbox 1255 717 1260 1636">
    <p class='ocr_par' dir='ltr' id='par_1_14' title="bbox 1255 717 1260 1636">
     <span class='ocr_line' id='line_1_31' title="bbox 1255 717 1260 1636; baseline 0 0"><span class='ocrx_word' id='word_1_171' title='bbox 1255 717 1260 1636; x_wconf 95' lang='lat' dir='ltr'><strong> </strong></span> 
     </span>
    </p>
   </div>
   <div class='ocr_carea' id='block_1_15' title="bbox 1253 1635 1722 1678">
    <p class='ocr_par' dir='ltr' id='par_1_15' title="bbox 1253 1635 1722 1678">
     <span class='ocr_line' id='line_1_32' title="bbox 1253 1635 1722 1678; baseline -0.006 -8"><span class='ocrx_word' id='word_1_172' title='bbox 1253 1648 1255 1670; x_wconf 73' lang='lat'>1</span> <span class='ocrx_word' id='word_1_173' title='bbox 1282 1638 1414 1669; x_wconf 86' lang='lat' dir='ltr'><strong>catione</strong></span> <span class='ocrx_word' id='word_1_174' title='bbox 1437 1635 1611 1678; x_wconf 82' lang='lat' dir='ltr'><strong>copulatos</strong></span> <span class='ocrx_word' id='word_1_175' title='bbox 1636 1647 1722 1668; x_wconf 90' lang='lat' dir='ltr'><strong>esse.</strong></span> 
     </span>
    </p>
   </div>
   <div class='ocr_carea' id='block_1_16' title="bbox 243 1673 1255 1713">
    <p class='ocr_par' dir='ltr' id='par_1_16' title="bbox 243 1673 1255 1713">
     <span class='ocr_line' id='line_1_33' title="bbox 243 1673 1255 1713; baseline -0.003 -7"><span class='ocrx_word' id='word_1_176' title='bbox 243 1673 349 1713; x_wconf 89' lang='lat' dir='ltr'><strong>Deus,</strong></span> <span class='ocrx_word' id='word_1_177' title='bbox 373 1680 404 1706; x_wconf 91' lang='lat' dir='ltr'><strong>et</strong></span> <span class='ocrx_word' id='word_1_178' title='bbox 423 1673 636 1705; x_wconf 80' lang='lat' dir='ltr'><strong>celebrantur</strong></span> <span class='ocrx_word' id='word_1_179' title='bbox 659 1675 728 1705; x_wconf 82' lang='lat' dir='ltr'><strong>eius</strong></span> <span class='ocrx_word' id='word_1_180' title='bbox 753 1675 839 1706; x_wconf 78' lang='lat' dir='ltr'><strong>facta</strong></span> <span class='ocrx_word' id='word_1_181' title='bbox 865 1675 1090 1706; x_wconf 81' lang='lat' dir='ltr'><strong>misericordia</strong></span> <span class='ocrx_word' id='word_1_182' title='bbox 1115 1679 1147 1705; x_wconf 91' lang='lat' dir='ltr'><strong>et</strong></span> <span class='ocrx_word' id='word_1_183' title='bbox 1169 1674 1228 1704; x_wconf 87' lang='lat' dir='ltr'><strong>ira.</strong></span> <span class='ocrx_word' id='word_1_184' title='bbox 1252 1681 1255 1696; x_wconf 57' lang='grc' dir='ltr'><strong>ι’</strong></span> 
     </span>
    </p>
   </div>
   <div class='ocr_carea' id='block_1_17' title="bbox 242 1717 1229 1759">
    <p class='ocr_par' dir='ltr' id='par_1_17' title="bbox 242 1717 1229 1759">
     <span class='ocr_line' id='line_1_34' title="bbox 242 1717 1229 1759; baseline -0.003 -10"><span class='ocrx_word' id='word_1_185' title='bbox 242 1717 462 1749; x_wconf 73' lang='lat' dir='ltr'><strong>lut-amentum</strong></span> <span class='ocrx_word' id='word_1_186' title='bbox 486 1718 628 1759; x_wconf 84' lang='lat' dir='ltr'><strong>pertinet</strong></span> <span class='ocrx_word' id='word_1_187' title='bbox 652 1719 693 1749; x_wconf 86' lang='lat' dir='ltr'><strong>ad</strong></span> <span class='ocrx_word' id='word_1_188' title='bbox 717 1719 971 1749; x_wconf 72' lang='lat' dir='ltr'><strong>invocationem.</strong></span> <span class='ocrx_word' id='word_1_189' title='bbox 1028 1717 1113 1752; x_wconf 84' lang='lat' dir='ltr'><strong>Quia</strong></span> <span class='ocrx_word' id='word_1_190' title='bbox 1144 1717 1229 1747; x_wconf 84' lang='lat' dir='ltr'><strong>iura-</strong></span> 
     </span>
    </p>
   </div>
   <div class='ocr_carea' id='block_1_18' title="bbox 242 1759 1254 1803">
    <p class='ocr_par' dir='ltr' id='par_1_18' title="bbox 242 1759 1254 1803">
     <span class='ocr_line' id='line_1_35' title="bbox 242 1759 1254 1803; baseline -0.002 -12"><span class='ocrx_word' id='word_1_191' title='bbox 242 1770 387 1793; x_wconf 85' lang='lat' dir='ltr'><strong>mentum</strong></span> <span class='ocrx_word' id='word_1_192' title='bbox 411 1762 583 1793; x_wconf 78' lang='lat' dir='ltr'><strong>verissime</strong></span> <span class='ocrx_word' id='word_1_193' title='bbox 607 1768 656 1792; x_wconf 88' lang='lat' dir='ltr'><strong>est</strong></span> <span class='ocrx_word' id='word_1_194' title='bbox 681 1762 858 1799; x_wconf 61' lang='lat' dir='ltr'><strong>invocatio,</strong></span> <span class='ocrx_word' id='word_1_195' title='bbox 882 1763 912 1792; x_wconf 88' lang='lat' dir='ltr'><strong>in</strong></span> <span class='ocrx_word' id='word_1_196' title='bbox 938 1772 1002 1803; x_wconf 86' lang='lat' dir='ltr'><strong>qua</strong></span> <span class='ocrx_word' id='word_1_197' title='bbox 1017 1771 1095 1792; x_wconf 83' lang='lat' dir='ltr'><strong>oras</strong></span> <span class='ocrx_word' id='word_1_198' title='bbox 1109 1759 1229 1797; x_wconf 85' lang='lat' dir='ltr'><strong>Deum,</strong></span> <span class='ocrx_word' id='word_1_199' title='bbox 1253 1762 1254 1768; x_wconf 62' lang='lat'>¹</span> 
     </span>
    </p>
   </div>
   <div class='ocr_carea' id='block_1_19' title="bbox 242 1802 1230 2496">
    <p class='ocr_par' dir='ltr' id='par_1_19' title="bbox 242 1802 1230 2496">
     <span class='ocr_line' id='line_1_36' title="bbox 242 1802 1229 1847; baseline -0.003 -12"><span class='ocrx_word' id='word_1_200' title='bbox 242 1811 279 1836; x_wconf 91' lang='lat' dir='ltr'><strong>ut</strong></span> <span class='ocrx_word' id='word_1_201' title='bbox 301 1805 342 1836; x_wconf 86' lang='lat' dir='ltr'><strong>sit</strong></span> <span class='ocrx_word' id='word_1_202' title='bbox 366 1805 473 1843; x_wconf 78' lang='lat' dir='ltr'><strong>testis,</strong></span> <span class='ocrx_word' id='word_1_203' title='bbox 496 1806 584 1847; x_wconf 89' lang='lat' dir='ltr'><strong>quod</strong></span> <span class='ocrx_word' id='word_1_204' title='bbox 608 1804 736 1836; x_wconf 82' lang='lat' dir='ltr'><strong>habeas</strong></span> <span class='ocrx_word' id='word_1_205' title='bbox 759 1804 963 1836; x_wconf 88' lang='lat' dir='ltr'><strong>voluntatem</strong></span> <span class='ocrx_word' id='word_1_206' title='bbox 992 1815 1057 1835; x_wconf 86' lang='lat' dir='ltr'><strong>non</strong></span> <span class='ocrx_word' id='word_1_207' title='bbox 1081 1802 1229 1840; x_wconf 73' lang='lat' dir='ltr'><strong>fallendi,</strong></span> 
     </span>
     <span class='ocr_line' id='line_1_37' title="bbox 243 1846 1229 1890; baseline -0.003 -11"><span class='ocrx_word' id='word_1_208' title='bbox 243 1849 397 1890; x_wconf 89' lang='lat' dir='ltr'><strong>quoniam</strong></span> <span class='ocrx_word' id='word_1_209' title='bbox 421 1849 492 1889; x_wconf 82' lang='lat' dir='ltr'><strong>ipse</strong></span> <span class='ocrx_word' id='word_1_210' title='bbox 516 1849 557 1879; x_wconf 81' lang='lat' dir='ltr'><strong>sit</strong></span> <span class='ocrx_word' id='word_1_211' title='bbox 587 1849 756 1889; x_wconf 84' lang='lat' dir='ltr'><strong>inspector</strong></span> <span class='ocrx_word' id='word_1_212' title='bbox 785 1849 946 1886; x_wconf 76' lang='lat' dir='ltr'><strong>cordium,</strong></span> <span class='ocrx_word' id='word_1_213' title='bbox 981 1858 1096 1884; x_wconf 77' lang='lat' dir='ltr'><strong>verax,</strong></span> <span class='ocrx_word' id='word_1_214' title='bbox 1131 1846 1229 1877; x_wconf 76' lang='lat' dir='ltr'><strong>iudex</strong></span> 
     </span>
     <span class='ocr_line' id='line_1_38' title="bbox 243 1888 1227 1933; baseline -0.004 -10"><span class='ocrx_word' id='word_1_215' title='bbox 243 1898 275 1922; x_wconf 77' lang='lat' dir='ltr'><strong>et.</strong></span> <span class='ocrx_word' id='word_1_216' title='bbox 299 1893 431 1929; x_wconf 77' lang='lat' dir='ltr'><strong>vindex,</strong></span> <span class='ocrx_word' id='word_1_217' title='bbox 457 1899 487 1922; x_wconf 90' lang='lat' dir='ltr'><strong>et</strong></span> <span class='ocrx_word' id='word_1_218' title='bbox 508 1891 604 1923; x_wconf 80' lang='lat' dir='ltr'><strong>simul</strong></span> <span class='ocrx_word' id='word_1_219' title='bbox 628 1893 726 1933; x_wconf 82' lang='lat' dir='ltr'><strong>petis,</strong></span> <span class='ocrx_word' id='word_1_220' title='bbox 750 1897 784 1922; x_wconf 82' lang='lat' dir='ltr'><strong>ut</strong></span> <span class='ocrx_word' id='word_1_221' title='bbox 808 1899 839 1922; x_wconf 89' lang='lat' dir='ltr'><strong>te</strong></span> <span class='ocrx_word' id='word_1_222' title='bbox 864 1902 941 1922; x_wconf 79' lang='lat' dir='ltr'><strong>vere</strong></span> <span class='ocrx_word' id='word_1_223' title='bbox 975 1891 1089 1932; x_wconf 83' lang='lat' dir='ltr'><strong>puniat</strong></span> <span class='ocrx_word' id='word_1_224' title='bbox 1111 1888 1227 1920; x_wconf 69' lang='lat' dir='ltr'><strong>fallen-</strong></span> 
     </span>
     <span class='ocr_line' id='line_1_39' title="bbox 242 1935 1228 1977; baseline -0.004 -11"><span class='ocrx_word' id='word_1_225' title='bbox 242 1940 318 1966; x_wconf 83' lang='lat' dir='ltr'><strong>tem.</strong></span> <span class='ocrx_word' id='word_1_226' title='bbox 375 1935 446 1965; x_wconf 89' lang='lat' dir='ltr'><strong>Hac</strong></span> <span class='ocrx_word' id='word_1_227' title='bbox 470 1935 661 1966; x_wconf 81' lang='lat' dir='ltr'><strong>definitione</strong></span> <span class='ocrx_word' id='word_1_228' title='bbox 685 1935 906 1972; x_wconf 83' lang='lat' dir='ltr'><strong>considerata,</strong></span> <span class='ocrx_word' id='word_1_229' title='bbox 937 1935 1048 1977; x_wconf 83' lang='lat' dir='ltr'><strong>cogita</strong></span> <span class='ocrx_word' id='word_1_230' title='bbox 1073 1940 1228 1974; x_wconf 84' lang='lat' dir='ltr'><strong>qnantum</strong></span> 
     </span>
     <span class='ocr_line' id='line_1_40' title="bbox 243 1977 1227 2018; baseline -0.003 -9"><span class='ocrx_word' id='word_1_231' title='bbox 243 1988 327 2010; x_wconf 87' lang='lat' dir='ltr'><strong>onus</strong></span> <span class='ocrx_word' id='word_1_232' title='bbox 363 1979 403 2009; x_wconf 84' lang='lat' dir='ltr'><strong>sit</strong></span> <span class='ocrx_word' id='word_1_233' title='bbox 426 1980 656 2009; x_wconf 84' lang='lat' dir='ltr'><strong>iuramentum.</strong></span> <span class='ocrx_word' id='word_1_234' title='bbox 725 1977 769 2008; x_wconf 92' lang='lat' dir='ltr'><strong>Ut</strong></span> <span class='ocrx_word' id='word_1_235' title='bbox 791 1985 901 2009; x_wconf 86' lang='lat' dir='ltr'><strong>autem</strong></span> <span class='ocrx_word' id='word_1_236' title='bbox 925 1988 1033 2018; x_wconf 83' lang='lat' dir='ltr'><strong>poena</strong></span> <span class='ocrx_word' id='word_1_237' title='bbox 1058 1983 1150 2007; x_wconf 89' lang='lat' dir='ltr'><strong>certo</strong></span> <span class='ocrx_word' id='word_1_238' title='bbox 1175 1986 1227 2005; x_wconf 81' lang='lat' dir='ltr'><strong>se·</strong></span> 
     </span>
     <span class='ocr_line' id='line_1_41' title="bbox 245 2019 1228 2064; baseline -0.004 -11"><span class='ocrx_word' id='word_1_239' title='bbox 245 2026 354 2064; x_wconf 81' lang='lat' dir='ltr'><strong>quitur</strong></span> <span class='ocrx_word' id='word_1_240' title='bbox 377 2022 586 2054; x_wconf 77' lang='lat' dir='ltr'><strong>homicidium</strong></span> <span class='ocrx_word' id='word_1_241' title='bbox 611 2023 765 2052; x_wconf 86' lang='lat' dir='ltr'><strong>iniustum</strong></span> <span class='ocrx_word' id='word_1_242' title='bbox 790 2022 821 2051; x_wconf 92' lang='lat' dir='ltr'><strong>in</strong></span> <span class='ocrx_word' id='word_1_243' title='bbox 845 2021 909 2052; x_wconf 88' lang='lat' dir='ltr'><strong>hac</strong></span> <span class='ocrx_word' id='word_1_244' title='bbox 936 2022 1023 2058; x_wconf 76' lang='lat' dir='ltr'><strong>vita,</strong></span> <span class='ocrx_word' id='word_1_245' title='bbox 1059 2021 1148 2051; x_wconf 77' lang='lat' dir='ltr'><strong>iuxta</strong></span> <span class='ocrx_word' id='word_1_246' title='bbox 1183 2019 1228 2049; x_wconf 91' lang='lat' dir='ltr'><strong>di-</strong></span> 
     </span>
     <span class='ocr_line' id='line_1_42' title="bbox 244 2061 1228 2108; baseline -0.007 -9"><span class='ocrx_word' id='word_1_247' title='bbox 244 2073 346 2099; x_wconf 79' lang='lat' dir='ltr'><strong>ctum:</strong></span> <span class='ocrx_word' id='word_1_248' title='bbox 371 2066 431 2102; x_wconf 88' lang='lat' dir='ltr'><strong>Qui</strong></span> <span class='ocrx_word' id='word_1_249' title='bbox 458 2065 600 2108; x_wconf 75' lang='lat' dir='ltr'><strong>gladium</strong></span> <span class='ocrx_word' id='word_1_250' title='bbox 621 2065 800 2105; x_wconf 79' lang='lat' dir='ltr'><strong>acceperit,</strong></span> <span class='ocrx_word' id='word_1_251' title='bbox 824 2063 936 2106; x_wconf 80' lang='lat' dir='ltr'><strong>gladio</strong></span> <span class='ocrx_word' id='word_1_252' title='bbox 950 2064 1083 2104; x_wconf 81' lang='lat' dir='ltr'><strong>peribit:</strong></span> <span class='ocrx_word' id='word_1_253' title='bbox 1108 2064 1152 2093; x_wconf 84' lang='lat' dir='ltr'><strong>ita</strong></span> <span class='ocrx_word' id='word_1_254' title='bbox 1175 2061 1228 2092; x_wconf 79' lang='lat' dir='ltr'><strong>hic</strong></span> 
     </span>
     <span class='ocr_line' id='line_1_43' title="bbox 245 2109 1227 2148; baseline -0.006 -6"><span class='ocrx_word' id='word_1_255' title='bbox 245 2112 394 2142; x_wconf 79' lang='lat' dir='ltr'><strong>sancitus</strong></span> <span class='ocrx_word' id='word_1_256' title='bbox 429 2117 479 2140; x_wconf 81' lang='lat' dir='ltr'><strong>est</strong></span> <span class='ocrx_word' id='word_1_257' title='bbox 517 2110 598 2139; x_wconf 90' lang='lat' dir='ltr'><strong>ordo</strong></span> <span class='ocrx_word' id='word_1_258' title='bbox 635 2109 802 2146; x_wconf 66' lang='lat' dir='ltr'><strong>«livinitus,</strong></span> <span class='ocrx_word' id='word_1_259' title='bbox 838 2115 872 2138; x_wconf 90' lang='lat' dir='ltr'><strong>ut</strong></span> <span class='ocrx_word' id='word_1_260' title='bbox 908 2118 1016 2148; x_wconf 84' lang='lat' dir='ltr'><strong>poena</strong></span> <span class='ocrx_word' id='word_1_261' title='bbox 1051 2112 1227 2147; x_wconf 85' lang='lat' dir='ltr'><strong>sequatur:</strong></span> 
     </span>
     <span class='ocr_line' id='line_1_44' title="bbox 243 2150 1228 2192; baseline -0.007 -6"><span class='ocrx_word' id='word_1_262' title='bbox 243 2155 317 2186; x_wconf 79' lang='lat' dir='ltr'><strong>Non</strong></span> <span class='ocrx_word' id='word_1_263' title='bbox 342 2154 477 2184; x_wconf 89' lang='lat' dir='ltr'><strong>habebit</strong></span> <span class='ocrx_word' id='word_1_264' title='bbox 502 2151 595 2183; x_wconf 90' lang='lat' dir='ltr'><strong>Deus</strong></span> <span class='ocrx_word' id='word_1_265' title='bbox 619 2153 801 2188; x_wconf 77' lang='lat' dir='ltr'><strong>insontem,</strong></span> <span class='ocrx_word' id='word_1_266' title='bbox 827 2151 880 2192; x_wconf 90' lang='lat' dir='ltr'><strong>qui</strong></span> <span class='ocrx_word' id='word_1_267' title='bbox 907 2161 991 2181; x_wconf 79' lang='lat' dir='ltr'><strong>vane</strong></span> <span class='ocrx_word' id='word_1_268' title='bbox 1014 2150 1228 2190; x_wconf 66' lang='lat' dir='ltr'><strong>usurpaverit</strong></span> 
     </span>
     <span class='ocr_line' id='line_1_45' title="bbox 243 2192 1228 2236; baseline -0.005 -8"><span class='ocrx_word' id='word_1_269' title='bbox 243 2208 363 2229; x_wconf 89' lang='lat' dir='ltr'><strong>nomen</strong></span> <span class='ocrx_word' id='word_1_270' title='bbox 389 2197 471 2234; x_wconf 84' lang='lat' dir='ltr'><strong>eius,</strong></span> <span class='ocrx_word' id='word_1_271' title='bbox 508 2196 583 2236; x_wconf 85' lang='lat' dir='ltr'><strong>qnia</strong></span> <span class='ocrx_word' id='word_1_272' title='bbox 601 2194 729 2225; x_wconf 88' lang='lat' dir='ltr'><strong>habens</strong></span> <span class='ocrx_word' id='word_1_273' title='bbox 754 2193 957 2225; x_wconf 72' lang='lat' dir='ltr'><strong>voluntatem</strong></span> <span class='ocrx_word' id='word_1_274' title='bbox 980 2192 1130 2230; x_wconf 84' lang='lat' dir='ltr'><strong>fallendi,</strong></span> <span class='ocrx_word' id='word_1_275' title='bbox 1164 2194 1228 2233; x_wconf 91' lang='lat' dir='ltr'><strong>pri-</strong></span> 
     </span>
     <span class='ocr_line' id='line_1_46' title="bbox 244 2237 1228 2280; baseline -0.006 -8"><span class='ocrx_word' id='word_1_276' title='bbox 244 2252 331 2273; x_wconf 86' lang='lat' dir='ltr'><strong>mum</strong></span> <span class='ocrx_word' id='word_1_277' title='bbox 356 2241 420 2272; x_wconf 84' lang='lat' dir='ltr'><strong>hac</strong></span> <span class='ocrx_word' id='word_1_278' title='bbox 445 2250 480 2270; x_wconf 89' lang='lat' dir='ltr'><strong>re</strong></span> <span class='ocrx_word' id='word_1_279' title='bbox 503 2245 633 2280; x_wconf 73' lang='lat' dir='ltr'><strong>peccat,</strong></span> <span class='ocrx_word' id='word_1_280' title='bbox 657 2239 744 2280; x_wconf 89' lang='lat' dir='ltr'><strong>quod</strong></span> <span class='ocrx_word' id='word_1_281' title='bbox 769 2238 847 2269; x_wconf 77' lang='lat' dir='ltr'><strong>facit</strong></span> <span class='ocrx_word' id='word_1_282' title='bbox 869 2237 975 2268; x_wconf 81' lang='lat' dir='ltr'><strong>Deum</strong></span> <span class='ocrx_word' id='word_1_283' title='bbox 996 2244 1114 2268; x_wconf 82' lang='lat' dir='ltr'><strong>testem</strong></span> <span class='ocrx_word' id='word_1_284' title='bbox 1138 2246 1228 2266; x_wconf 90' lang='lat' dir='ltr'><strong>men-</strong></span> 
     </span>
     <span class='ocr_line' id='line_1_47' title="bbox 245 2280 1230 2324; baseline -0.007 -8"><span class='ocrx_word' id='word_1_285' title='bbox 245 2285 341 2322; x_wconf 86' lang='lat' dir='ltr'><strong>dacii,</strong></span> <span class='ocrx_word' id='word_1_286' title='bbox 375 2289 428 2315; x_wconf 85' lang='lat' dir='ltr'><strong>aut</strong></span> <span class='ocrx_word' id='word_1_287' title='bbox 455 2283 587 2313; x_wconf 85' lang='lat' dir='ltr'><strong>omnino</strong></span> <span class='ocrx_word' id='word_1_288' title='bbox 612 2288 709 2324; x_wconf 74' lang='lat' dir='ltr'><strong>negat</strong></span> <span class='ocrx_word' id='word_1_289' title='bbox 735 2292 810 2312; x_wconf 79' lang='lat' dir='ltr'><strong>esse</strong></span> <span class='ocrx_word' id='word_1_290' title='bbox 835 2280 954 2318; x_wconf 79' lang='lat' dir='ltr'><strong>Deum,</strong></span> <span class='ocrx_word' id='word_1_291' title='bbox 985 2288 1016 2311; x_wconf 85' lang='lat' dir='ltr'><strong>ct</strong></span> <span class='ocrx_word' id='word_1_292' title='bbox 1050 2290 1127 2310; x_wconf 79' lang='lat' dir='ltr'><strong>esse</strong></span> <span class='ocrx_word' id='word_1_293' title='bbox 1150 2280 1230 2310; x_wconf 83' lang='lat' dir='ltr'><strong>iudi-</strong></span> 
     </span>
     <span class='ocr_line' id='line_1_48' title="bbox 244 2323 1230 2366; baseline -0.006 -7"><span class='ocrx_word' id='word_1_294' title='bbox 244 2338 327 2366; x_wconf 84' lang='lat' dir='ltr'><strong>cem,</strong></span> <span class='ocrx_word' id='word_1_295' title='bbox 351 2335 381 2358; x_wconf 81' lang='lat' dir='ltr'><strong>et</strong></span> <span class='ocrx_word' id='word_1_296' title='bbox 405 2325 527 2358; x_wconf 86' lang='lat' dir='ltr'><strong>multae</strong></span> <span class='ocrx_word' id='word_1_297' title='bbox 550 2323 767 2356; x_wconf 73' lang='lat' dir='ltr'><strong>contumeliae</strong></span> <span class='ocrx_word' id='word_1_298' title='bbox 781 2324 842 2355; x_wconf 89' lang='lat' dir='ltr'><strong>Dei</strong></span> <span class='ocrx_word' id='word_1_299' title='bbox 857 2325 1061 2366; x_wconf 74' lang='lat' dir='ltr'><strong>contingunt,</strong></span> <span class='ocrx_word' id='word_1_300' title='bbox 1088 2334 1160 2353; x_wconf 87' lang='lat' dir='ltr'><strong>cnm</strong></span> <span class='ocrx_word' id='word_1_301' title='bbox 1184 2324 1230 2353; x_wconf 92' lang='grc'><strong>111-</strong></span> 
     </span>
     <span class='ocr_line' id='line_1_49' title="bbox 244 2365 1227 2408; baseline -0.007 -6"><span class='ocrx_word' id='word_1_302' title='bbox 244 2382 322 2402; x_wconf 80' lang='lat' dir='ltr'><strong>rans</strong></span> <span class='ocrx_word' id='word_1_303' title='bbox 347 2369 440 2402; x_wconf 80' lang='lat' dir='ltr'><strong>fallit.</strong></span> <span class='ocrx_word' id='word_1_304' title='bbox 488 2370 540 2399; x_wconf 85' lang='lat' dir='ltr'><strong>Ad</strong></span> <span class='ocrx_word' id='word_1_305' title='bbox 565 2368 648 2400; x_wconf 83' lang='lat' dir='ltr'><strong>haec</strong></span> <span class='ocrx_word' id='word_1_306' title='bbox 674 2369 866 2399; x_wconf 77' lang='lat' dir='ltr'><strong>sententiam</strong></span> <span class='ocrx_word' id='word_1_307' title='bbox 893 2369 963 2408; x_wconf 86' lang='lat' dir='ltr'><strong>ipse</strong></span> <span class='ocrx_word' id='word_1_308' title='bbox 989 2367 1043 2397; x_wconf 77' lang='lat' dir='ltr'><strong>tibi</strong></span> <span class='ocrx_word' id='word_1_309' title='bbox 1057 2365 1172 2403; x_wconf 66' lang='grc'><strong>’(1.11511,</strong></span> <span class='ocrx_word' id='word_1_310' title='bbox 1198 2372 1227 2396; x_wconf 89' lang='lat' dir='ltr'><strong>et</strong></span> 
     </span>
     <span class='ocr_line' id='line_1_50' title="bbox 245 2410 1230 2455; baseline -0.005 -11"><span class='ocrx_word' id='word_1_311' title='bbox 245 2415 285 2445; x_wconf 87' lang='lat' dir='ltr'><strong>ad</strong></span> <span class='ocrx_word' id='word_1_312' title='bbox 310 2425 449 2455; x_wconf 79' lang='lat' dir='ltr'><strong>poenam</strong></span> <span class='ocrx_word' id='word_1_313' title='bbox 475 2421 507 2444; x_wconf 86' lang='lat' dir='ltr'><strong>te</strong></span> <span class='ocrx_word' id='word_1_314' title='bbox 532 2411 699 2454; x_wconf 72' lang='lat' dir='ltr'><strong>obligasti,</strong></span> <span class='ocrx_word' id='word_1_315' title='bbox 723 2412 805 2442; x_wconf 84' lang='lat' dir='ltr'><strong>haec</strong></span> <span class='ocrx_word' id='word_1_316' title='bbox 830 2410 1230 2452; x_wconf 73' lang='lat' dir='ltr'><strong>diligenterconsideran-</strong></span> 
     </span>
     <span class='ocr_line' id='line_1_51' title="bbox 245 2452 1230 2496; baseline -0.006 -8"><span class='ocrx_word' id='word_1_317' title='bbox 245 2458 287 2488; x_wconf 83' lang='lat' dir='ltr'><strong>da</strong></span> <span class='ocrx_word' id='word_1_318' title='bbox 310 2464 397 2496; x_wconf 82' lang='lat' dir='ltr'><strong>sunt,</strong></span> <span class='ocrx_word' id='word_1_319' title='bbox 420 2464 454 2488; x_wconf 90' lang='lat' dir='ltr'><strong>ut</strong></span> <span class='ocrx_word' id='word_1_320' title='bbox 467 2457 653 2488; x_wconf 81' lang='lat' dir='ltr'><strong>reverentia</strong></span> <span class='ocrx_word' id='word_1_321' title='bbox 671 2456 927 2486; x_wconf 83' lang='lat' dir='ltr'><strong>iuramentorum</strong></span> <span class='ocrx_word' id='word_1_322' title='bbox 941 2452 1154 2484; x_wconf 85' lang='lat' dir='ltr'><strong>confirmetur</strong></span> <span class='ocrx_word' id='word_1_323' title='bbox 1166 2460 1230 2483; x_wconf 86' lang='lat' dir='ltr'><strong>etc.</strong></span> 
     </span>
    </p>
   </div>
   <div class='ocr_carea' id='block_1_20' title="bbox 246 2539 1230 2628">
    <p class='ocr_par' dir='ltr' id='par_1_20' title="bbox 246 2539 1230 2628">
     <span class='ocr_line' id='line_1_52' title="bbox 332 2539 1230 2574; baseline -0.006 0"><span class='ocrx_word' id='word_1_324' title='bbox 332 2543 491 2574; x_wconf 75' lang='lat' dir='ltr'><strong>Recitatis</strong></span> <span class='ocrx_word' id='word_1_325' title='bbox 517 2542 611 2573; x_wconf 81' lang='lat' dir='ltr'><strong>bonis</strong></span> <span class='ocrx_word' id='word_1_326' title='bbox 635 2543 750 2573; x_wconf 86' lang='lat' dir='ltr'><strong>usibus</strong></span> <span class='ocrx_word' id='word_1_327' title='bbox 776 2541 916 2572; x_wconf 83' lang='lat' dir='ltr'><strong>nominis</strong></span> <span class='ocrx_word' id='word_1_328' title='bbox 941 2540 1040 2571; x_wconf 71' lang='lat' dir='ltr'><strong>dixini</strong></span> <span class='ocrx_word' id='word_1_329' title='bbox 1065 2539 1230 2569; x_wconf 87' lang='lat' dir='ltr'><strong>contraria</strong></span> 
     </span>
     <span class='ocr_line' id='line_1_53' title="bbox 246 2583 1229 2628; baseline -0.005 -10"><span class='ocrx_word' id='word_1_330' title='bbox 246 2588 325 2618; x_wconf 65' lang='lat' dir='ltr'><strong>vitia</strong></span> <span class='ocrx_word' id='word_1_331' title='bbox 349 2587 546 2628; x_wconf 70' lang='lat' dir='ltr'><strong>cogitentur,</strong></span> <span class='ocrx_word' id='word_1_332' title='bbox 572 2596 657 2627; x_wconf 79' lang='lat' dir='ltr'><strong>quae</strong></span> <span class='ocrx_word' id='word_1_333' title='bbox 691 2592 767 2616; x_wconf 84' lang='lat' dir='ltr'><strong>sunt</strong></span> <span class='ocrx_word' id='word_1_334' title='bbox 798 2583 1065 2621; x_wconf 66' lang='lat' dir='ltr'><strong>innumerabilia,</strong></span> <span class='ocrx_word' id='word_1_335' title='bbox 1094 2583 1229 2613; x_wconf 74' lang='lat' dir='ltr'><strong>omissio</strong></span> 
     </span>
    </p>
   </div>
   <div class='ocr_carea' id='block_1_21' title="bbox 245 2628 1258 2670">
    <p class='ocr_par' dir='ltr' id='par_1_21' title="bbox 245 2628 1258 2670">
     <span class='ocr_line' id='line_1_54' title="bbox 245 2628 1258 2670; baseline -0.007 -8"><span class='ocrx_word' id='word_1_336' title='bbox 245 2642 344 2663; x_wconf 70' lang='lat' dir='ltr'><strong>verae</strong></span> <span class='ocrx_word' id='word_1_337' title='bbox 369 2629 590 2660; x_wconf 69' lang='lat' dir='ltr'><strong>inuocationis</strong></span> <span class='ocrx_word' id='word_1_338' title='bbox 615 2636 646 2659; x_wconf 88' lang='lat' dir='ltr'><strong>et</strong></span> <span class='ocrx_word' id='word_1_339' title='bbox 671 2629 847 2670; x_wconf 83' lang='lat' dir='ltr'><strong>gratiarum</strong></span> <span class='ocrx_word' id='word_1_340' title='bbox 872 2628 1025 2665; x_wconf 79' lang='lat' dir='ltr'><strong>actionis,</strong></span> <span class='ocrx_word' id='word_1_341' title='bbox 1061 2632 1230 2667; x_wconf 84' lang='lat' dir='ltr'><strong>corrupte·</strong></span> <span class='ocrx_word' id='word_1_342' title='bbox 1254 2652 1258 2665; x_wconf 71' lang='grc'><strong>,</strong></span> 
     </span>
    </p>
   </div>
   <div class='ocr_carea' id='block_1_22' title="bbox 2205 146 2269 177">
    <p class='ocr_par' dir='ltr' id='par_1_22' title="bbox 2205 146 2269 177">
     <span class='ocr_line' id='line_1_55' title="bbox 2205 146 2269 177; baseline 0 0"><span class='ocrx_word' id='word_1_343' title='bbox 2205 146 2269 177; x_wconf 84' lang='grc'><strong>416</strong></span> 
     </span>
    </p>
   </div>
   <div class='ocr_carea' id='block_1_23' title="bbox 1284 239 2270 712">
    <p class='ocr_par' dir='ltr' id='par_1_23' title="bbox 1284 239 2270 712">
     <span class='ocr_line' id='line_1_56' title="bbox 1284 239 2269 282; baseline 0.002 -12"><span class='ocrx_word' id='word_1_344' title='bbox 1284 239 1337 271; x_wconf 90' lang='lat' dir='ltr'><strong>lae</strong></span> <span class='ocrx_word' id='word_1_345' title='bbox 1362 239 1541 271; x_wconf 88' lang='lat' dir='ltr'><strong>doctrinae.</strong></span> <span class='ocrx_word' id='word_1_346' title='bbox 1566 241 1656 277; x_wconf 89' lang='lat' dir='ltr'><strong>Item,</strong></span> <span class='ocrx_word' id='word_1_347' title='bbox 1680 239 1865 280; x_wconf 84' lang='lat' dir='ltr'><strong>Epicureae</strong></span> <span class='ocrx_word' id='word_1_348' title='bbox 1883 239 2112 282; x_wconf 78' lang='lat' dir='ltr'><strong>blasphemiae</strong></span> <span class='ocrx_word' id='word_1_349' title='bbox 2135 246 2167 271; x_wconf 83' lang='lat' dir='ltr'><strong>et</strong></span> <span class='ocrx_word' id='word_1_350' title='bbox 2185 239 2269 272; x_wconf 86' lang='lat' dir='ltr'><strong>aliae</strong></span> 
     </span>
     <span class='ocr_line' id='line_1_57' title="bbox 1284 282 2269 325; baseline 0.001 -11"><span class='ocrx_word' id='word_1_351' title='bbox 1284 282 1391 314; x_wconf 66' lang='lat' dir='ltr'><strong>{alsae</strong></span> <span class='ocrx_word' id='word_1_352' title='bbox 1414 283 1652 320; x_wconf 73' lang='lat' dir='ltr'><strong>invocationes,</strong></span> <span class='ocrx_word' id='word_1_353' title='bbox 1676 289 1710 313; x_wconf 78' lang='lat' dir='ltr'><strong>ut</strong></span> <span class='ocrx_word' id='word_1_354' title='bbox 1723 282 1897 321; x_wconf 87' lang='lat' dir='ltr'><strong>Ethnicae‚</strong></span> <span class='ocrx_word' id='word_1_355' title='bbox 1919 291 1953 315; x_wconf 92' lang='lat' dir='ltr'><strong>ut</strong></span> <span class='ocrx_word' id='word_1_356' title='bbox 1968 283 2155 325; x_wconf 83' lang='lat' dir='ltr'><strong>Papisticae</strong></span> <span class='ocrx_word' id='word_1_357' title='bbox 2177 285 2269 315; x_wconf 91' lang='lat' dir='ltr'><strong>invo-</strong></span> 
     </span>
     <span class='ocr_line' id='line_1_58' title="bbox 1286 326 2267 368; baseline 0.002 -12"><span class='ocrx_word' id='word_1_358' title='bbox 1286 327 1435 357; x_wconf 73' lang='lat' dir='ltr'><strong>cationes</strong></span> <span class='ocrx_word' id='word_1_359' title='bbox 1471 326 1637 368; x_wconf 75' lang='lat' dir='ltr'><strong>hominum</strong></span> <span class='ocrx_word' id='word_1_360' title='bbox 1672 333 1888 365; x_wconf 83' lang='lat' dir='ltr'><strong>mortuorum,</strong></span> <span class='ocrx_word' id='word_1_361' title='bbox 1926 326 2060 358; x_wconf 82' lang='lat' dir='ltr'><strong>violatio</strong></span> <span class='ocrx_word' id='word_1_362' title='bbox 2084 329 2267 358; x_wconf 83' lang='lat' dir='ltr'><strong>iuramenti.</strong></span> 
     </span>
     <span class='ocr_line' id='line_1_59' title="bbox 1286 368 2269 411; baseline 0 -10"><span class='ocrx_word' id='word_1_363' title='bbox 1286 371 1362 401; x_wconf 86' lang='lat' dir='ltr'><strong>Item</strong></span> <span class='ocrx_word' id='word_1_364' title='bbox 1386 368 1500 399; x_wconf 82' lang='lat' dir='ltr'><strong>illicita</strong></span> <span class='ocrx_word' id='word_1_365' title='bbox 1523 370 1723 407; x_wconf 87' lang='lat' dir='ltr'><strong>iuramenta,</strong></span> <span class='ocrx_word' id='word_1_366' title='bbox 1760 376 1794 400; x_wconf 91' lang='lat' dir='ltr'><strong>ut</strong></span> <span class='ocrx_word' id='word_1_367' title='bbox 1817 380 1890 400; x_wconf 90' lang='lat' dir='ltr'><strong>cum</strong></span> <span class='ocrx_word' id='word_1_368' title='bbox 1915 371 1998 401; x_wconf 85' lang='lat' dir='ltr'><strong>iurat</strong></span> <span class='ocrx_word' id='word_1_369' title='bbox 2020 369 2139 411; x_wconf 82' lang='lat' dir='ltr'><strong>aliquis</strong></span> <span class='ocrx_word' id='word_1_370' title='bbox 2162 380 2199 401; x_wconf 89' lang='lat' dir='ltr'><strong>se</strong></span> <span class='ocrx_word' id='word_1_371' title='bbox 2222 369 2269 401; x_wconf 88' lang='lat' dir='ltr'><strong>fa-</strong></span> 
     </span>
     <span class='ocr_line' id='line_1_60' title="bbox 1286 411 2270 454; baseline 0.001 -11"><span class='ocrx_word' id='word_1_372' title='bbox 1286 418 1413 443; x_wconf 87' lang='lat' dir='ltr'><strong>cturum</strong></span> <span class='ocrx_word' id='word_1_373' title='bbox 1448 422 1524 442; x_wconf 86' lang='lat' dir='ltr'><strong>esse</strong></span> <span class='ocrx_word' id='word_1_374' title='bbox 1560 422 1644 453; x_wconf 87' lang='lat' dir='ltr'><strong>opus</strong></span> <span class='ocrx_word' id='word_1_375' title='bbox 1669 423 1688 443; x_wconf 88' lang='lat' dir='ltr'><strong>a</strong></span> <span class='ocrx_word' id='word_1_376' title='bbox 1712 411 1786 443; x_wconf 85' lang='lat' dir='ltr'><strong>Deo</strong></span> <span class='ocrx_word' id='word_1_377' title='bbox 1809 413 2028 454; x_wconf 73' lang='lat' dir='ltr'><strong>prohibitum,</strong></span> <span class='ocrx_word' id='word_1_378' title='bbox 2063 414 2117 444; x_wconf 89' lang='grc'><strong>1110</strong></span> <span class='ocrx_word' id='word_1_379' title='bbox 2151 418 2270 454; x_wconf 85' lang='lat' dir='ltr'><strong>peccat</strong></span> 
     </span>
     <span class='ocr_line' id='line_1_61' title="bbox 1285 454 2269 487; baseline 0.001 -1"><span class='ocrx_word' id='word_1_380' title='bbox 1285 456 1435 486; x_wconf 87' lang='lat' dir='ltr'><strong>iurando.</strong></span> <span class='ocrx_word' id='word_1_381' title='bbox 1506 455 1546 485; x_wconf 78' lang='lat' dir='ltr'><strong>Ut</strong></span> <span class='ocrx_word' id='word_1_382' title='bbox 1582 466 1657 486; x_wconf 87' lang='lat' dir='ltr'><strong>cum</strong></span> <span class='ocrx_word' id='word_1_383' title='bbox 1691 454 1846 486; x_wconf 79' lang='lat' dir='ltr'><strong>Monachi</strong></span> <span class='ocrx_word' id='word_1_384' title='bbox 1881 457 1989 487; x_wconf 84' lang='lat' dir='ltr'><strong>iurant</strong></span> <span class='ocrx_word' id='word_1_385' title='bbox 2012 466 2050 487; x_wconf 89' lang='lat' dir='ltr'><strong>se</strong></span> <span class='ocrx_word' id='word_1_386' title='bbox 2073 463 2269 487; x_wconf 85' lang='lat' dir='ltr'><strong>servaturos</strong></span> 
     </span>
     <span class='ocr_line' id='line_1_62' title="bbox 1285 497 2270 541; baseline 0.002 -13"><span class='ocrx_word' id='word_1_387' title='bbox 1285 508 1362 529; x_wconf 77' lang='lat' dir='ltr'><strong>esse</strong></span> <span class='ocrx_word' id='word_1_388' title='bbox 1384 499 1502 539; x_wconf 88' lang='lat' dir='ltr'><strong>impios</strong></span> <span class='ocrx_word' id='word_1_389' title='bbox 1526 497 1646 536; x_wconf 77' lang='lat' dir='ltr'><strong>cultus,</strong></span> <span class='ocrx_word' id='word_1_390' title='bbox 1671 499 1711 529; x_wconf 89' lang='lat' dir='ltr'><strong>de</strong></span> <span class='ocrx_word' id='word_1_391' title='bbox 1730 497 1781 529; x_wconf 87' lang='lat' dir='ltr'><strong>his</strong></span> <span class='ocrx_word' id='word_1_392' title='bbox 1805 500 1947 530; x_wconf 82' lang='lat' dir='ltr'><strong>tenenda</strong></span> <span class='ocrx_word' id='word_1_393' title='bbox 1970 506 2021 530; x_wconf 88' lang='lat' dir='ltr'><strong>est</strong></span> <span class='ocrx_word' id='word_1_394' title='bbox 2043 510 2120 530; x_wconf 81' lang='lat' dir='ltr'><strong>vera</strong></span> <span class='ocrx_word' id='word_1_395' title='bbox 2134 498 2270 541; x_wconf 83' lang='lat' dir='ltr'><strong>regula:</strong></span> 
     </span>
     <span class='ocr_line' id='line_1_63' title="bbox 1286 541 2268 583; baseline 0.002 -12"><span class='ocrx_word' id='word_1_396' title='bbox 1286 541 1506 572; x_wconf 81' lang='lat' dir='ltr'><strong>iuramentum</strong></span> <span class='ocrx_word' id='word_1_397' title='bbox 1538 552 1603 572; x_wconf 91' lang='lat' dir='ltr'><strong>non</strong></span> <span class='ocrx_word' id='word_1_398' title='bbox 1632 548 1685 572; x_wconf 83' lang='lat' dir='ltr'><strong>est</strong></span> <span class='ocrx_word' id='word_1_399' title='bbox 1716 541 1882 573; x_wconf 80' lang='lat' dir='ltr'><strong>vinculum</strong></span> <span class='ocrx_word' id='word_1_400' title='bbox 1911 543 2108 583; x_wconf 83' lang='lat' dir='ltr'><strong>iniquitatis,</strong></span> <span class='ocrx_word' id='word_1_401' title='bbox 2144 543 2175 574; x_wconf 91' lang='lat' dir='ltr'><strong>id</strong></span> <span class='ocrx_word' id='word_1_402' title='bbox 2207 547 2268 577; x_wconf 88' lang='lat' dir='ltr'><strong>est.</strong></span> 
     </span>
     <span class='ocr_line' id='line_1_64' title="bbox 1286 583 2268 626; baseline 0.001 -11"><span class='ocrx_word' id='word_1_403' title='bbox 1286 595 1359 615; x_wconf 88' lang='lat' dir='ltr'><strong>cum</strong></span> <span class='ocrx_word' id='word_1_404' title='bbox 1394 585 1479 615; x_wconf 84' lang='lat' dir='ltr'><strong>iurat</strong></span> <span class='ocrx_word' id='word_1_405' title='bbox 1513 583 1632 626; x_wconf 87' lang='lat' dir='ltr'><strong>aliquis</strong></span> <span class='ocrx_word' id='word_1_406' title='bbox 1667 595 1704 615; x_wconf 85' lang='lat' dir='ltr'><strong>se</strong></span> <span class='ocrx_word' id='word_1_407' title='bbox 1738 584 1901 616; x_wconf 86' lang='lat' dir='ltr'><strong>facturum</strong></span> <span class='ocrx_word' id='word_1_408' title='bbox 1937 596 2014 617; x_wconf 71' lang='lat' dir='ltr'><strong>esse</strong></span> <span class='ocrx_word' id='word_1_409' title='bbox 2048 596 2132 626; x_wconf 88' lang='lat' dir='ltr'><strong>opus</strong></span> <span class='ocrx_word' id='word_1_410' title='bbox 2155 585 2268 617; x_wconf 89' lang='lat' dir='ltr'><strong>aDeo</strong></span> 
     </span>
     <span class='ocr_line' id='line_1_65' title="bbox 1284 627 2269 669; baseline 0.002 -12"><span class='ocrx_word' id='word_1_411' title='bbox 1284 627 1502 669; x_wconf 85' lang='lat' dir='ltr'><strong>prohibitum,</strong></span> <span class='ocrx_word' id='word_1_412' title='bbox 1539 639 1605 658; x_wconf 86' lang='lat' dir='ltr'><strong>non</strong></span> <span class='ocrx_word' id='word_1_413' title='bbox 1639 629 1741 658; x_wconf 83' lang='lat' dir='ltr'><strong>addat</strong></span> <span class='ocrx_word' id='word_1_414' title='bbox 1772 628 1862 659; x_wconf 89' lang='lat' dir='ltr'><strong>aliud</strong></span> <span class='ocrx_word' id='word_1_415' title='bbox 1884 627 2013 667; x_wconf 85' lang='lat' dir='ltr'><strong>scelus,</strong></span> <span class='ocrx_word' id='word_1_416' title='bbox 2047 628 2200 660; x_wconf 85' lang='lat' dir='ltr'><strong>faciendo</strong></span> <span class='ocrx_word' id='word_1_417' title='bbox 2223 629 2269 666; x_wconf 88' lang='lat' dir='ltr'><strong>id,</strong></span> 
     </span>
     <span class='ocr_line' id='line_1_66' title="bbox 1286 670 1812 712; baseline 0.002 -11"><span class='ocrx_word' id='word_1_418' title='bbox 1286 671 1375 712; x_wconf 92' lang='lat' dir='ltr'><strong>quod</strong></span> <span class='ocrx_word' id='word_1_419' title='bbox 1400 680 1438 702; x_wconf 87' lang='lat' dir='ltr'><strong>se</strong></span> <span class='ocrx_word' id='word_1_420' title='bbox 1461 670 1626 702; x_wconf 82' lang='lat' dir='ltr'><strong>facturum</strong></span> <span class='ocrx_word' id='word_1_421' title='bbox 1649 672 1812 712; x_wconf 84' lang='lat' dir='ltr'><strong>promisit.</strong></span> 
     </span>
    </p>
   </div>
   <div class='ocr_carea' id='block_1_24' title="bbox 1500 849 2044 883">
    <p class='ocr_par' dir='ltr' id='par_1_24' title="bbox 1500 849 2044 883">
     <span class='ocr_line' id='line_1_67' title="bbox 1500 849 2044 883; baseline 0 -1"><span class='ocrx_word' id='word_1_422' title='bbox 1500 849 1562 882; x_wconf 88' lang='lat' dir='ltr'><strong>DE</strong></span> <span class='ocrx_word' id='word_1_423' title='bbox 1585 850 1745 883; x_wconf 82' lang='lat' dir='ltr'>TERTIO</span> <span class='ocrx_word' id='word_1_424' title='bbox 1768 850 2044 883; x_wconf 84' lang='lat' dir='ltr'><strong>PRAECEPTO.</strong></span> 
     </span>
    </p>
   </div>
   <div class='ocr_carea' id='block_1_25' title="bbox 1281 944 2270 1550">
    <p class='ocr_par' dir='ltr' id='par_1_25' title="bbox 1281 944 2270 1550">
     <span class='ocr_line' id='line_1_68' title="bbox 1370 944 2269 988; baseline 0.002 -12"><span class='ocrx_word' id='word_1_425' title='bbox 1370 944 1527 976; x_wconf 87' lang='lat' dir='ltr'><strong>Ordinem</strong></span> <span class='ocrx_word' id='word_1_426' title='bbox 1568 946 1725 978; x_wconf 88' lang='lat' dir='ltr'><strong>observa.</strong></span> <span class='ocrx_word' id='word_1_427' title='bbox 1782 945 1925 977; x_wconf 86' lang='lat' dir='ltr'><strong>Primum</strong></span> <span class='ocrx_word' id='word_1_428' title='bbox 1971 952 2183 988; x_wconf 86' lang='lat' dir='ltr'><strong>praeceptum</strong></span> <span class='ocrx_word' id='word_1_429' title='bbox 2228 947 2269 978; x_wconf 85' lang='lat' dir='ltr'><strong>de</strong></span> 
     </span>
     <span class='ocr_line' id='line_1_69' title="bbox 1283 987 2269 1028; baseline 0.001 -9"><span class='ocrx_word' id='word_1_430' title='bbox 1283 987 1515 1020; x_wconf 83' lang='lat' dir='ltr'><strong>conformitate</strong></span> <span class='ocrx_word' id='word_1_431' title='bbox 1538 990 1657 1019; x_wconf 87' lang='lat' dir='ltr'><strong>mentis</strong></span> <span class='ocrx_word' id='word_1_432' title='bbox 1693 995 1724 1020; x_wconf 87' lang='lat' dir='ltr'><strong>et</strong></span> <span class='ocrx_word' id='word_1_433' title='bbox 1753 990 1864 1021; x_wconf 89' lang='lat' dir='ltr'><strong>cordis</strong></span> <span class='ocrx_word' id='word_1_434' title='bbox 1895 1000 1968 1020; x_wconf 87' lang='grc'><strong>011111</strong></span> <span class='ocrx_word' id='word_1_435' title='bbox 1992 989 2083 1028; x_wconf 91' lang='lat' dir='ltr'><strong>Deo,</strong></span> <span class='ocrx_word' id='word_1_436' title='bbox 2118 991 2159 1021; x_wconf 89' lang='lat' dir='ltr'><strong>de</strong></span> <span class='ocrx_word' id='word_1_437' title='bbox 2193 988 2269 1021; x_wconf 89' lang='lat' dir='ltr'><strong>luce</strong></span> 
     </span>
     <span class='ocr_line' id='line_1_70' title="bbox 1281 1032 2268 1074; baseline 0.002 -12"><span class='ocrx_word' id='word_1_438' title='bbox 1281 1033 1314 1062; x_wconf 89' lang='lat' dir='ltr'><strong>in</strong></span> <span class='ocrx_word' id='word_1_439' title='bbox 1338 1039 1448 1063; x_wconf 86' lang='lat' dir='ltr'><strong>mente</strong></span> <span class='ocrx_word' id='word_1_440' title='bbox 1472 1038 1504 1062; x_wconf 87' lang='lat' dir='ltr'><strong>et</strong></span> <span class='ocrx_word' id='word_1_441' title='bbox 1527 1042 1607 1063; x_wconf 78' lang='lat' dir='ltr'><strong>vera</strong></span> <span class='ocrx_word' id='word_1_442' title='bbox 1630 1033 1743 1063; x_wconf 87' lang='lat' dir='ltr'><strong>notitia</strong></span> <span class='ocrx_word' id='word_1_443' title='bbox 1760 1032 1822 1063; x_wconf 89' lang='lat' dir='ltr'><strong>Dei</strong></span> <span class='ocrx_word' id='word_1_444' title='bbox 1846 1032 2002 1074; x_wconf 84' lang='lat' dir='ltr'><strong>loquitur,</strong></span> <span class='ocrx_word' id='word_1_445' title='bbox 2028 1039 2060 1063; x_wconf 89' lang='lat' dir='ltr'><strong>et</strong></span> <span class='ocrx_word' id='word_1_446' title='bbox 2084 1034 2124 1064; x_wconf 87' lang='lat' dir='ltr'><strong>de</strong></span> <span class='ocrx_word' id='word_1_447' title='bbox 2148 1033 2268 1064; x_wconf 86' lang='lat' dir='ltr'><strong>affccti-</strong></span> 
     </span>
     <span class='ocr_line' id='line_1_71' title="bbox 1282 1075 2268 1112; baseline 0.001 -6"><span class='ocrx_word' id='word_1_448' title='bbox 1282 1076 1346 1106; x_wconf 87' lang='lat' dir='ltr'><strong>bus</strong></span> <span class='ocrx_word' id='word_1_449' title='bbox 1370 1076 1400 1106; x_wconf 89' lang='lat' dir='ltr'><strong>in</strong></span> <span class='ocrx_word' id='word_1_450' title='bbox 1427 1076 1539 1106; x_wconf 86' lang='lat' dir='ltr'><strong>corde.</strong></span> <span class='ocrx_word' id='word_1_451' title='bbox 1577 1075 1778 1112; x_wconf 88' lang='lat' dir='ltr'><strong>Secundum,</strong></span> <span class='ocrx_word' id='word_1_452' title='bbox 1802 1075 1855 1106; x_wconf 89' lang='lat' dir='ltr'><strong>De</strong></span> <span class='ocrx_word' id='word_1_453' title='bbox 1878 1082 2017 1107; x_wconf 75' lang='lat' dir='ltr'><strong>externa</strong></span> <span class='ocrx_word' id='word_1_454' title='bbox 2039 1087 2124 1107; x_wconf 78' lang='lat' dir='ltr'><strong>voce</strong></span> <span class='ocrx_word' id='word_1_455' title='bbox 2148 1076 2268 1108; x_wconf 88' lang='lat' dir='ltr'><strong>doctri-</strong></span> 
     </span>
     <span class='ocr_line' id='line_1_72' title="bbox 1282 1118 2268 1157; baseline 0.002 -8"><span class='ocrx_word' id='word_1_456' title='bbox 1282 1129 1344 1150; x_wconf 85' lang='lat' dir='ltr'><strong>nae</strong></span> <span class='ocrx_word' id='word_1_457' title='bbox 1369 1124 1401 1150; x_wconf 85' lang='lat' dir='ltr'><strong>et</strong></span> <span class='ocrx_word' id='word_1_458' title='bbox 1423 1119 1656 1150; x_wconf 80' lang='lat' dir='ltr'><strong>invocationis.</strong></span> <span class='ocrx_word' id='word_1_459' title='bbox 1703 1118 1867 1156; x_wconf 86' lang='lat' dir='ltr'><strong>Tertium,</strong></span> <span class='ocrx_word' id='word_1_460' title='bbox 1890 1118 1942 1150; x_wconf 90' lang='lat' dir='ltr'><strong>De</strong></span> <span class='ocrx_word' id='word_1_461' title='bbox 1967 1119 2190 1157; x_wconf 82' lang='lat' dir='ltr'><strong>Ceremoniis,</strong></span> <span class='ocrx_word' id='word_1_462' title='bbox 2221 1120 2268 1151; x_wconf 86' lang='lat' dir='ltr'><strong>vi·</strong></span> 
     </span>
     <span class='ocr_line' id='line_1_73' title="bbox 1283 1161 2268 1203; baseline 0.001 -11"><span class='ocrx_word' id='word_1_463' title='bbox 1283 1161 1403 1193; x_wconf 73' lang='lat' dir='ltr'><strong>delicet</strong></span> <span class='ocrx_word' id='word_1_464' title='bbox 1426 1162 1467 1193; x_wconf 91' lang='lat' dir='ltr'><strong>de</strong></span> <span class='ocrx_word' id='word_1_465' title='bbox 1491 1161 1748 1193; x_wconf 63' lang='lat' dir='ltr'><strong>conservatione</strong></span> <span class='ocrx_word' id='word_1_466' title='bbox 1773 1162 1897 1193; x_wconf 57' lang='lat' dir='ltr'><strong>externi</strong></span> <span class='ocrx_word' id='word_1_467' title='bbox 1923 1169 1953 1192; x_wconf 88' lang='lat' dir='ltr'><strong>et</strong></span> <span class='ocrx_word' id='word_1_468' title='bbox 1978 1161 2101 1203; x_wconf 85' lang='lat' dir='ltr'><strong>publici</strong></span> <span class='ocrx_word' id='word_1_469' title='bbox 2124 1163 2268 1193; x_wconf 86' lang='lat' dir='ltr'><strong>ministe-</strong></span> 
     </span>
     <span class='ocr_line' id='line_1_74' title="bbox 1377 1204 2268 1247; baseline 0.001 -12"><span class='ocrx_word' id='word_1_470' title='bbox 1377 1205 1460 1236; x_wconf 81' lang='lat' dir='ltr'><strong>Nam</strong></span> <span class='ocrx_word' id='word_1_471' title='bbox 1486 1204 1626 1236; x_wconf 88' lang='lat' dir='ltr'><strong>Sabbati</strong></span> <span class='ocrx_word' id='word_1_472' title='bbox 1652 1206 1843 1236; x_wconf 82' lang='lat' dir='ltr'><strong>observatio</strong></span> <span class='ocrx_word' id='word_1_473' title='bbox 1868 1204 2035 1246; x_wconf 85' lang='lat' dir='ltr'><strong>significat</strong></span> <span class='ocrx_word' id='word_1_474' title='bbox 2065 1211 2097 1236; x_wconf 88' lang='lat' dir='ltr'><strong>et</strong></span> <span class='ocrx_word' id='word_1_475' title='bbox 2125 1204 2268 1247; x_wconf 88' lang='lat' dir='ltr'><strong>comple·</strong></span> 
     </span>
     <span class='ocr_line' id='line_1_75' title="bbox 1283 1248 2268 1289; baseline 0.001 -10"><span class='ocrx_word' id='word_1_476' title='bbox 1283 1249 1380 1279; x_wconf 87' lang='lat' dir='ltr'><strong>ctitur</strong></span> <span class='ocrx_word' id='word_1_477' title='bbox 1403 1249 1594 1279; x_wconf 84' lang='lat' dir='ltr'><strong>universam</strong></span> <span class='ocrx_word' id='word_1_478' title='bbox 1617 1248 1740 1289; x_wconf 84' lang='lat' dir='ltr'><strong>publici</strong></span> <span class='ocrx_word' id='word_1_479' title='bbox 1771 1248 1940 1279; x_wconf 71' lang='lat' dir='ltr'><strong>ministerii</strong></span> <span class='ocrx_word' id='word_1_480' title='bbox 1965 1249 2268 1286; x_wconf 83' lang='lat' dir='ltr'><strong>conservationem,</strong></span> 
     </span>
     <span class='ocr_line' id='line_1_76' title="bbox 1282 1290 2269 1334; baseline 0 -11"><span class='ocrx_word' id='word_1_481' title='bbox 1282 1293 1314 1323; x_wconf 89' lang='lat' dir='ltr'><strong>in</strong></span> <span class='ocrx_word' id='word_1_482' title='bbox 1340 1303 1405 1333; x_wconf 93' lang='lat' dir='ltr'><strong>quo</strong></span> <span class='ocrx_word' id='word_1_483' title='bbox 1436 1303 1502 1323; x_wconf 82' lang='lat' dir='ltr'><strong>vox</strong></span> <span class='ocrx_word' id='word_1_484' title='bbox 1525 1292 1696 1322; x_wconf 89' lang='lat' dir='ltr'><strong>doctrinae</strong></span> <span class='ocrx_word' id='word_1_485' title='bbox 1720 1302 1740 1323; x_wconf 89' lang='lat' dir='ltr'><strong>a</strong></span> <span class='ocrx_word' id='word_1_486' title='bbox 1762 1290 1837 1322; x_wconf 91' lang='lat' dir='ltr'><strong>Deo</strong></span> <span class='ocrx_word' id='word_1_487' title='bbox 1861 1292 2001 1323; x_wconf 85' lang='lat' dir='ltr'><strong>traditae</strong></span> <span class='ocrx_word' id='word_1_488' title='bbox 2025 1293 2057 1322; x_wconf 90' lang='lat' dir='ltr'><strong>in</strong></span> <span class='ocrx_word' id='word_1_489' title='bbox 2080 1291 2213 1334; x_wconf 86' lang='lat' dir='ltr'><strong>publica</strong></span> <span class='ocrx_word' id='word_1_490' title='bbox 2236 1297 2269 1323; x_wconf 80' lang='lat' dir='ltr'><strong>et</strong></span> 
     </span>
     <span class='ocr_line' id='line_1_77' title="bbox 1282 1335 2267 1377; baseline 0 -11"><span class='ocrx_word' id='word_1_491' title='bbox 1282 1335 1425 1367; x_wconf 84' lang='lat' dir='ltr'><strong>honesta</strong></span> <span class='ocrx_word' id='word_1_492' title='bbox 1455 1335 1718 1377; x_wconf 80' lang='lat' dir='ltr'><strong>congregatione</strong></span> <span class='ocrx_word' id='word_1_493' title='bbox 1746 1336 1957 1376; x_wconf 85' lang='lat' dir='ltr'><strong>proponitur,</strong></span> <span class='ocrx_word' id='word_1_494' title='bbox 1981 1340 2014 1366; x_wconf 90' lang='lat' dir='ltr'><strong>et</strong></span> <span class='ocrx_word' id='word_1_495' title='bbox 2037 1335 2072 1366; x_wconf 84' lang='lat' dir='ltr'><strong>fit</strong></span> <span class='ocrx_word' id='word_1_496' title='bbox 2095 1345 2267 1377; x_wconf 78' lang='lat' dir='ltr'><strong>expressa,</strong></span> 
     </span>
     <span class='ocr_line' id='line_1_78' title="bbox 1284 1376 2267 1419; baseline 0.001 -10"><span class='ocrx_word' id='word_1_497' title='bbox 1284 1379 1469 1410; x_wconf 90' lang='lat' dir='ltr'><strong>communis</strong></span> <span class='ocrx_word' id='word_1_498' title='bbox 1501 1385 1532 1409; x_wconf 88' lang='lat' dir='ltr'><strong>et</strong></span> <span class='ocrx_word' id='word_1_499' title='bbox 1564 1379 1779 1409; x_wconf 82' lang='lat' dir='ltr'><strong>consentiens</strong></span> <span class='ocrx_word' id='word_1_500' title='bbox 1816 1376 1986 1409; x_wconf 78' lang='lat' dir='ltr'><strong>consessio</strong></span> <span class='ocrx_word' id='word_1_501' title='bbox 2021 1384 2052 1408; x_wconf 88' lang='lat' dir='ltr'><strong>et</strong></span> <span class='ocrx_word' id='word_1_502' title='bbox 2087 1379 2267 1419; x_wconf 86' lang='lat' dir='ltr'><strong>gratiarum</strong></span> 
     </span>
     <span class='ocr_line' id='line_1_79' title="bbox 1282 1419 2268 1463; baseline 0 -11"><span class='ocrx_word' id='word_1_503' title='bbox 1282 1422 1380 1453; x_wconf 90' lang='lat' dir='ltr'><strong>actio.</strong></span> <span class='ocrx_word' id='word_1_504' title='bbox 1426 1421 1467 1452; x_wconf 85' lang='lat' dir='ltr'><strong>Et</strong></span> <span class='ocrx_word' id='word_1_505' title='bbox 1490 1428 1526 1452; x_wconf 88' lang='lat' dir='ltr'><strong>ut</strong></span> <span class='ocrx_word' id='word_1_506' title='bbox 1550 1421 1592 1452; x_wconf 88' lang='lat' dir='ltr'><strong>sit</strong></span> <span class='ocrx_word' id='word_1_507' title='bbox 1616 1431 1739 1452; x_wconf 78' lang='lat' dir='ltr'><strong>nervus</strong></span> <span class='ocrx_word' id='word_1_508' title='bbox 1764 1419 1881 1462; x_wconf 87' lang='lat' dir='ltr'><strong>aliquis</strong></span> <span class='ocrx_word' id='word_1_509' title='bbox 1907 1422 2178 1462; x_wconf 77' lang='lat' dir='ltr'><strong>congregationis</strong></span> <span class='ocrx_word' id='word_1_510' title='bbox 2211 1433 2268 1463; x_wconf 87' lang='lat' dir='ltr'><strong>pu-</strong></span> 
     </span>
     <span class='ocr_line' id='line_1_80' title="bbox 1282 1463 2270 1506; baseline 0 -11"><span class='ocrx_word' id='word_1_511' title='bbox 1282 1464 1408 1504; x_wconf 89' lang='lat' dir='ltr'><strong>blicae,</strong></span> <span class='ocrx_word' id='word_1_512' title='bbox 1443 1475 1575 1506; x_wconf 78' lang='lat' dir='ltr'><strong>semper</strong></span> <span class='ocrx_word' id='word_1_513' title='bbox 1608 1463 1667 1495; x_wconf 83' lang='lat' dir='ltr'><strong>fuit</strong></span> <span class='ocrx_word' id='word_1_514' title='bbox 1691 1464 1861 1495; x_wconf 87' lang='lat' dir='ltr'><strong>institutus</strong></span> <span class='ocrx_word' id='word_1_515' title='bbox 1892 1465 1974 1496; x_wconf 85' lang='lat' dir='ltr'><strong>ritus</strong></span> <span class='ocrx_word' id='word_1_516' title='bbox 2005 1472 2180 1503; x_wconf 75' lang='lat' dir='ltr'><strong>externus,</strong></span> <span class='ocrx_word' id='word_1_517' title='bbox 2214 1465 2270 1506; x_wconf 90' lang='lat' dir='ltr'><strong>qui</strong></span> 
     </span>
     <span class='ocr_line' id='line_1_81' title="bbox 1283 1506 2270 1550; baseline 0.001 -12"><span class='ocrx_word' id='word_1_518' title='bbox 1283 1509 1488 1539; x_wconf 85' lang='lat' dir='ltr'><strong>discerneret</strong></span> <span class='ocrx_word' id='word_1_519' title='bbox 1518 1507 1605 1539; x_wconf 83' lang='lat' dir='ltr'><strong>hanc</strong></span> <span class='ocrx_word' id='word_1_520' title='bbox 1633 1508 1927 1549; x_wconf 78' lang='lat' dir='ltr'><strong>congregationem</strong></span> <span class='ocrx_word' id='word_1_521' title='bbox 1959 1508 2000 1537; x_wconf 85' lang='lat' dir='ltr'><strong>ab</strong></span> <span class='ocrx_word' id='word_1_522' title='bbox 2030 1506 2104 1538; x_wconf 89' lang='lat' dir='ltr'><strong>aliis</strong></span> <span class='ocrx_word' id='word_1_523' title='bbox 2128 1517 2270 1550; x_wconf 84' lang='lat' dir='ltr'><strong>congre-</strong></span> 
     </span>
    </p>
   </div>
   <div class='ocr_carea' id='block_1_26' title="bbox 1254 1549 2269 1593">
    <p class='ocr_par' dir='ltr' id='par_1_26' title="bbox 1254 1549 2269 1593">
     <span class='ocr_line' id='line_1_82' title="bbox 1254 1549 2269 1593; baseline -0.002 -9"><span class='ocrx_word' id='word_1_524' title='bbox 1254 1578 1255 1584; x_wconf 69' lang='grc'>,</span> <span class='ocrx_word' id='word_1_525' title='bbox 1282 1551 1490 1593; x_wconf 58' lang='grc' dir='ltr'><strong>ί51111011111115,</strong></span> <span class='ocrx_word' id='word_1_526' title='bbox 1526 1557 1557 1582; x_wconf 85' lang='lat' dir='ltr'><strong>et</strong></span> <span class='ocrx_word' id='word_1_527' title='bbox 1590 1558 1625 1582; x_wconf 89' lang='lat' dir='ltr'><strong>ut</strong></span> <span class='ocrx_word' id='word_1_528' title='bbox 1650 1552 1691 1581; x_wconf 87' lang='lat' dir='ltr'><strong>sit</strong></span> <span class='ocrx_word' id='word_1_529' title='bbox 1720 1549 1886 1582; x_wconf 74' lang='lat' dir='ltr'><strong>vinculum</strong></span> <span class='ocrx_word' id='word_1_530' title='bbox 1916 1551 2097 1582; x_wconf 84' lang='lat' dir='ltr'><strong>ostendens</strong></span> <span class='ocrx_word' id='word_1_531' title='bbox 2130 1550 2195 1582; x_wconf 87' lang='lat' dir='ltr'><strong>hos</strong></span> <span class='ocrx_word' id='word_1_532' title='bbox 2225 1551 2269 1582; x_wconf 87' lang='lat' dir='ltr'><strong>ad</strong></span> 
     </span>
    </p>
   </div>
   <div class='ocr_carea' id='block_1_27' title="bbox 1279 1592 2269 2156">
    <p class='ocr_par' dir='ltr' id='par_1_27' title="bbox 1279 1592 2269 2156">
     <span class='ocr_line' id='line_1_83' title="bbox 1281 1592 2269 1632; baseline -0.001 -7"><span class='ocrx_word' id='word_1_533' title='bbox 1281 1606 1381 1625; x_wconf 89' lang='lat' dir='ltr'><strong>unum</strong></span> <span class='ocrx_word' id='word_1_534' title='bbox 1406 1593 1527 1625; x_wconf 87' lang='lat' dir='ltr'><strong>cultum</strong></span> <span class='ocrx_word' id='word_1_535' title='bbox 1553 1595 1748 1632; x_wconf 82' lang='lat' dir='ltr'><strong>convenire,</strong></span> <span class='ocrx_word' id='word_1_536' title='bbox 1772 1600 1804 1625; x_wconf 90' lang='lat' dir='ltr'><strong>et</strong></span> <span class='ocrx_word' id='word_1_537' title='bbox 1827 1592 1922 1624; x_wconf 72' lang='lat' dir='ltr'><strong>simili</strong></span> <span class='ocrx_word' id='word_1_538' title='bbox 1947 1594 2098 1625; x_wconf 88' lang='lat' dir='ltr'><strong>doctrina</strong></span> <span class='ocrx_word' id='word_1_539' title='bbox 2121 1600 2153 1625; x_wconf 88' lang='lat' dir='ltr'><strong>et</strong></span> <span class='ocrx_word' id='word_1_540' title='bbox 2175 1594 2269 1625; x_wconf 85' lang='lat' dir='ltr'><strong>invo-</strong></span> 
     </span>
     <span class='ocr_line' id='line_1_84' title="bbox 1771 1635 2269 1668; baseline 0.002 -1"><span class='ocrx_word' id='word_1_541' title='bbox 1771 1635 1850 1668; x_wconf 85' lang='lat' dir='ltr'><strong>ant</strong></span> <span class='ocrx_word' id='word_1_542' title='bbox 1879 1637 1964 1667; x_wconf 87' lang='lat' dir='ltr'><strong>enim</strong></span> <span class='ocrx_word' id='word_1_543' title='bbox 1989 1636 2082 1668; x_wconf 88' lang='lat' dir='ltr'><strong>Deus</strong></span> <span class='ocrx_word' id='word_1_544' title='bbox 2118 1637 2269 1668; x_wconf 83' lang='lat' dir='ltr'><strong>exaudiri</strong></span> 
     </span>
     <span class='ocr_line' id='line_1_85' title="bbox 1282 1679 2268 1723; baseline 0.001 -12"><span class='ocrx_word' id='word_1_545' title='bbox 1282 1691 1398 1712; x_wconf 81' lang='lat' dir='ltr'><strong>vocem</strong></span> <span class='ocrx_word' id='word_1_546' title='bbox 1427 1691 1520 1711; x_wconf 86' lang='lat' dir='ltr'><strong>snam</strong></span> <span class='ocrx_word' id='word_1_547' title='bbox 1553 1682 1585 1712; x_wconf 90' lang='lat' dir='ltr'><strong>in</strong></span> <span class='ocrx_word' id='word_1_548' title='bbox 1615 1690 1737 1723; x_wconf 79' lang='lat' dir='ltr'><strong>genere</strong></span> <span class='ocrx_word' id='word_1_549' title='bbox 1765 1679 1928 1718; x_wconf 87' lang='lat' dir='ltr'><strong>humano,</strong></span> <span class='ocrx_word' id='word_1_550' title='bbox 1962 1679 2031 1711; x_wconf 74' lang='lat' dir='ltr'><strong>vult</strong></span> <span class='ocrx_word' id='word_1_551' title='bbox 2061 1681 2200 1722; x_wconf 81' lang='lat' dir='ltr'><strong>agnosci</strong></span> <span class='ocrx_word' id='word_1_552' title='bbox 2224 1681 2268 1712; x_wconf 91' lang='lat' dir='ltr'><strong>ab</strong></span> 
     </span>
     <span class='ocr_line' id='line_1_86' title="bbox 1282 1722 2267 1765; baseline -0.001 -10"><span class='ocrx_word' id='word_1_553' title='bbox 1282 1724 1434 1755; x_wconf 86' lang='lat' dir='ltr'><strong>omnibus</strong></span> <span class='ocrx_word' id='word_1_554' title='bbox 1465 1723 1600 1762; x_wconf 86' lang='lat' dir='ltr'><strong>Filium,</strong></span> <span class='ocrx_word' id='word_1_555' title='bbox 1634 1725 1720 1755; x_wconf 85' lang='lat' dir='ltr'><strong>sicut</strong></span> <span class='ocrx_word' id='word_1_556' title='bbox 1749 1724 1869 1765; x_wconf 87' lang='lat' dir='ltr'><strong>inquit:</strong></span> <span class='ocrx_word' id='word_1_557' title='bbox 1906 1722 2108 1754; x_wconf 78' lang='lat' dir='ltr'><strong>(lsculamini</strong></span> <span class='ocrx_word' id='word_1_558' title='bbox 2139 1722 2267 1762; x_wconf 84' lang='lat' dir='ltr'><strong>Filium,</strong></span> 
     </span>
     <span class='ocr_line' id='line_1_87' title="bbox 1281 1767 2268 1809; baseline -0.001 -11"><span class='ocrx_word' id='word_1_559' title='bbox 1281 1778 1322 1798; x_wconf 90' lang='lat' dir='ltr'><strong>ne</strong></span> <span class='ocrx_word' id='word_1_560' title='bbox 1346 1768 1478 1809; x_wconf 88' lang='lat' dir='ltr'><strong>quando</strong></span> <span class='ocrx_word' id='word_1_561' title='bbox 1514 1768 1678 1798; x_wconf 81' lang='lat' dir='ltr'><strong>irascatur</strong></span> <span class='ocrx_word' id='word_1_562' title='bbox 1702 1767 1885 1805; x_wconf 86' lang='lat' dir='ltr'><strong>Dominus,</strong></span> <span class='ocrx_word' id='word_1_563' title='bbox 1920 1774 1951 1798; x_wconf 87' lang='lat' dir='ltr'><strong>et</strong></span> <span class='ocrx_word' id='word_1_564' title='bbox 1975 1768 2120 1808; x_wconf 86' lang='lat' dir='ltr'><strong>pereatis</strong></span> <span class='ocrx_word' id='word_1_565' title='bbox 2142 1767 2173 1798; x_wconf 88' lang='lat' dir='ltr'><strong>in</strong></span> <span class='ocrx_word' id='word_1_566' title='bbox 2197 1767 2268 1798; x_wconf 85' lang='lat' dir='ltr'><strong>via:</strong></span> 
     </span>
     <span class='ocr_line' id='line_1_88' title="bbox 1280 1810 2265 1852; baseline 0 -11"><span class='ocrx_word' id='word_1_567' title='bbox 1280 1811 1355 1841; x_wconf 88' lang='lat' dir='ltr'><strong>ideo</strong></span> <span class='ocrx_word' id='word_1_568' title='bbox 1381 1818 1411 1842; x_wconf 89' lang='lat' dir='ltr'><strong>et</strong></span> <span class='ocrx_word' id='word_1_569' title='bbox 1436 1811 1575 1841; x_wconf 83' lang='lat' dir='ltr'><strong>instituit</strong></span> <span class='ocrx_word' id='word_1_570' title='bbox 1599 1810 1752 1852; x_wconf 82' lang='lat' dir='ltr'><strong>publicos</strong></span> <span class='ocrx_word' id='word_1_571' title='bbox 1778 1820 1984 1852; x_wconf 79' lang='lat' dir='ltr'><strong>congressus</strong></span> <span class='ocrx_word' id='word_1_572' title='bbox 2009 1811 2161 1841; x_wconf 84' lang='lat' dir='ltr'><strong>omnibus</strong></span> <span class='ocrx_word' id='word_1_573' title='bbox 2186 1815 2265 1841; x_wconf 86' lang='lat' dir='ltr'><strong>tem-</strong></span> 
     </span>
     <span class='ocr_line' id='line_1_89' title="bbox 1280 1852 2267 1895; baseline -0.001 -10"><span class='ocrx_word' id='word_1_574' title='bbox 1280 1855 1430 1894; x_wconf 83' lang='lat' dir='ltr'><strong>poribus,</strong></span> <span class='ocrx_word' id='word_1_575' title='bbox 1455 1860 1486 1884; x_wconf 89' lang='lat' dir='ltr'><strong>et</strong></span> <span class='ocrx_word' id='word_1_576' title='bbox 1509 1855 1581 1895; x_wconf 87' lang='lat' dir='ltr'><strong>ipse</strong></span> <span class='ocrx_word' id='word_1_577' title='bbox 1605 1864 1663 1885; x_wconf 86' lang='lat' dir='ltr'><strong>eos</strong></span> <span class='ocrx_word' id='word_1_578' title='bbox 1686 1855 1829 1895; x_wconf 82' lang='lat' dir='ltr'><strong>protegit</strong></span> <span class='ocrx_word' id='word_1_579' title='bbox 1856 1859 1887 1884; x_wconf 91' lang='lat' dir='ltr'><strong>et</strong></span> <span class='ocrx_word' id='word_1_580' title='bbox 1913 1860 2111 1891; x_wconf 81' lang='lat' dir='ltr'><strong>conservat,</strong></span> <span class='ocrx_word' id='word_1_581' title='bbox 2140 1859 2173 1884; x_wconf 90' lang='lat' dir='ltr'><strong>et</strong></span> <span class='ocrx_word' id='word_1_582' title='bbox 2195 1852 2267 1884; x_wconf 86' lang='lat' dir='ltr'><strong>vult</strong></span> 
     </span>
     <span class='ocr_line' id='line_1_90' title="bbox 1280 1895 2269 1939; baseline -0.002 -11"><span class='ocrx_word' id='word_1_583' title='bbox 1280 1905 1313 1929; x_wconf 93' lang='lat' dir='ltr'><strong>ut</strong></span> <span class='ocrx_word' id='word_1_584' title='bbox 1332 1896 1454 1939; x_wconf 89' lang='lat' dir='ltr'><strong>singuli</strong></span> <span class='ocrx_word' id='word_1_585' title='bbox 1479 1897 1564 1928; x_wconf 88' lang='lat' dir='ltr'><strong>hanc</strong></span> <span class='ocrx_word' id='word_1_586' title='bbox 1578 1898 1865 1928; x_wconf 76' lang='lat' dir='ltr'><strong>conservationem</strong></span> <span class='ocrx_word' id='word_1_587' title='bbox 1882 1895 2088 1937; x_wconf 84' lang='lat' dir='ltr'><strong>publicorum</strong></span> <span class='ocrx_word' id='word_1_588' title='bbox 2108 1906 2269 1938; x_wconf 86' lang='lat' dir='ltr'><strong>congres-</strong></span> 
     </span>
     <span class='ocr_line' id='line_1_91' title="bbox 1281 1939 2265 1981; baseline -0.002 -9"><span class='ocrx_word' id='word_1_589' title='bbox 1281 1951 1376 1972; x_wconf 85' lang='lat' dir='ltr'><strong>suum</strong></span> <span class='ocrx_word' id='word_1_590' title='bbox 1410 1941 1583 1977; x_wconf 79' lang='lat' dir='ltr'><strong>adiuvent‚</strong></span> <span class='ocrx_word' id='word_1_591' title='bbox 1617 1948 1651 1971; x_wconf 89' lang='lat' dir='ltr'><strong>ut</strong></span> <span class='ocrx_word' id='word_1_592' title='bbox 1683 1941 1843 1981; x_wconf 81' lang='lat' dir='ltr'><strong>scriptum</strong></span> <span class='ocrx_word' id='word_1_593' title='bbox 1873 1947 1941 1970; x_wconf 85' lang='lat' dir='ltr'><strong>est:</strong></span> <span class='ocrx_word' id='word_1_594' title='bbox 1978 1939 2011 1970; x_wconf 90' lang='lat' dir='ltr'><strong>ln</strong></span> <span class='ocrx_word' id='word_1_595' title='bbox 2037 1939 2265 1970; x_wconf 84' lang='lat' dir='ltr'><strong>conveniendo</strong></span> 
     </span>
     <span class='ocr_line' id='line_1_92' title="bbox 1280 1982 2265 2026; baseline -0.001 -11"><span class='ocrx_word' id='word_1_596' title='bbox 1280 1984 1394 2026; x_wconf 85' lang='lat' dir='ltr'><strong>Reges</strong></span> <span class='ocrx_word' id='word_1_597' title='bbox 1428 1991 1459 2014; x_wconf 89' lang='lat' dir='ltr'><strong>et</strong></span> <span class='ocrx_word' id='word_1_598' title='bbox 1483 1983 1626 2025; x_wconf 84' lang='lat' dir='ltr'><strong>populos</strong></span> <span class='ocrx_word' id='word_1_599' title='bbox 1659 1984 1690 2014; x_wconf 92' lang='lat' dir='ltr'><strong>in</strong></span> <span class='ocrx_word' id='word_1_600' title='bbox 1722 1994 1837 2020; x_wconf 89' lang='lat' dir='ltr'><strong>unum,</strong></span> <span class='ocrx_word' id='word_1_601' title='bbox 1872 1989 1907 2013; x_wconf 87' lang='lat' dir='ltr'><strong>ut</strong></span> <span class='ocrx_word' id='word_1_602' title='bbox 1937 1983 2085 2013; x_wconf 78' lang='lat' dir='ltr'><strong>serviant</strong></span> <span class='ocrx_word' id='word_1_603' title='bbox 2110 1982 2265 2014; x_wconf 89' lang='lat' dir='ltr'><strong>Domino.</strong></span> 
     </span>
     <span class='ocr_line' id='line_1_93' title="bbox 1280 2025 2267 2067; baseline -0.002 -8"><span class='ocrx_word' id='word_1_604' title='bbox 1280 2028 1341 2059; x_wconf 82' lang='lat' dir='ltr'><strong>llic</strong></span> <span class='ocrx_word' id='word_1_605' title='bbox 1366 2026 1553 2058; x_wconf 83' lang='lat' dir='ltr'><strong>intellectus</strong></span> <span class='ocrx_word' id='word_1_606' title='bbox 1579 2026 1715 2057; x_wconf 82' lang='lat' dir='ltr'><strong>Sabbati</strong></span> <span class='ocrx_word' id='word_1_607' title='bbox 1741 2025 1918 2067; x_wconf 76' lang='lat' dir='ltr'><strong>diligenter</strong></span> <span class='ocrx_word' id='word_1_608' title='bbox 1949 2026 2209 2063; x_wconf 71' lang='lat' dir='ltr'><strong>considerandus</strong></span> <span class='ocrx_word' id='word_1_609' title='bbox 2234 2032 2267 2057; x_wconf 87' lang='lat' dir='ltr'><strong>et</strong></span> 
     </span>
     <span class='ocr_line' id='line_1_94' title="bbox 1279 2067 2266 2111; baseline -0.002 -10"><span class='ocrx_word' id='word_1_610' title='bbox 1279 2070 1497 2102; x_wconf 75' lang='lat' dir='ltr'><strong>illustrandus</strong></span> <span class='ocrx_word' id='word_1_611' title='bbox 1533 2076 1599 2107; x_wconf 85' lang='lat' dir='ltr'><strong>est,</strong></span> <span class='ocrx_word' id='word_1_612' title='bbox 1633 2070 1707 2101; x_wconf 87' lang='lat' dir='ltr'><strong>ideo</strong></span> <span class='ocrx_word' id='word_1_613' title='bbox 1742 2075 1775 2100; x_wconf 85' lang='lat' dir='ltr'><strong>et</strong></span> <span class='ocrx_word' id='word_1_614' title='bbox 1796 2067 1922 2111; x_wconf 79' lang='lat' dir='ltr'><strong>puerile</strong></span> <span class='ocrx_word' id='word_1_615' title='bbox 1954 2075 2184 2111; x_wconf 82' lang='lat' dir='ltr'><strong>argumentum</strong></span> <span class='ocrx_word' id='word_1_616' title='bbox 2212 2079 2266 2100; x_wconf 83' lang='lat' dir='ltr'><strong>ex-</strong></span> 
     </span>
     <span class='ocr_line' id='line_1_95' title="bbox 1281 2114 1424 2156; baseline -0.007 -11"><span class='ocrx_word' id='word_1_617' title='bbox 1281 2114 1424 2156; x_wconf 86' lang='lat' dir='ltr'><strong>plicabo.</strong></span> 
     </span>
    </p>
   </div>
   <div class='ocr_carea' id='block_1_28' title="bbox 1342 2201 2266 2439">
    <p class='ocr_par' dir='ltr' id='par_1_28' title="bbox 1343 2201 2265 2255">
     <span class='ocr_line' id='line_1_96' title="bbox 1343 2201 2265 2255; baseline -0.002 -12"><span class='ocrx_word' id='word_1_618' title='bbox 1343 2202 1609 2243; x_wconf 81' lang='lat' dir='ltr'><strong>Ceremoniae</strong></span> <span class='ocrx_word' id='word_1_619' title='bbox 1647 2202 1855 2242; x_wconf 74' lang='lat' dir='ltr'><strong>Leviticae</strong></span> <span class='ocrx_word' id='word_1_620' title='bbox 1902 2207 1995 2242; x_wconf 85' lang='lat' dir='ltr'><strong>sunt</strong></span> <span class='ocrx_word' id='word_1_621' title='bbox 2033 2201 2265 2255; x_wconf 82' lang='lat' dir='ltr'><strong>abrogatae,</strong></span> 
     </span>
    </p>

    <p class='ocr_par' dir='ltr' id='par_1_29' title="bbox 1343 2261 2266 2373">
     <span class='ocr_line' id='line_1_97' title="bbox 1343 2261 2266 2304; baseline -0.003 0"><span class='ocrx_word' id='word_1_622' title='bbox 1343 2263 1512 2304; x_wconf 82' lang='lat' dir='ltr'><strong>Sabbati</strong></span> <span class='ocrx_word' id='word_1_623' title='bbox 1552 2263 1783 2302; x_wconf 82' lang='lat' dir='ltr'><strong>observatio</strong></span> <span class='ocrx_word' id='word_1_624' title='bbox 1822 2269 1884 2303; x_wconf 78' lang='lat' dir='ltr'><strong>est</strong></span> <span class='ocrx_word' id='word_1_625' title='bbox 1923 2262 2150 2302; x_wconf 76' lang='lat' dir='ltr'><strong>ceremonia</strong></span> <span class='ocrx_word' id='word_1_626' title='bbox 2186 2261 2266 2302; x_wconf 89' lang='lat' dir='ltr'><strong>Le-</strong></span> 
     </span>
     <span class='ocr_line' id='line_1_98' title="bbox 1404 2324 1536 2373; baseline 0 -10"><span class='ocrx_word' id='word_1_627' title='bbox 1404 2324 1536 2373; x_wconf 83' lang='lat' dir='ltr'><strong>vitica,</strong></span> 
     </span>
    </p>

    <p class='ocr_par' dir='ltr' id='par_1_30' title="bbox 1342 2384 1781 2439">
     <span class='ocr_line' id='line_1_99' title="bbox 1342 2384 1781 2439; baseline -0.005 -14"><span class='ocrx_word' id='word_1_628' title='bbox 1342 2385 1449 2439; x_wconf 78' lang='lat' dir='ltr'><strong>Ergo</strong></span> <span class='ocrx_word' id='word_1_629' title='bbox 1483 2390 1544 2424; x_wconf 75' lang='lat' dir='ltr'><strong>est,</strong></span> <span class='ocrx_word' id='word_1_630' title='bbox 1575 2384 1781 2437; x_wconf 77' lang='lat' dir='ltr'><strong>abrogata.</strong></span> 
     </span>
    </p>
   </div>
   <div class='ocr_carea' id='block_1_29' title="bbox 1282 2491 2265 2665">
    <p class='ocr_par' dir='ltr' id='par_1_31' title="bbox 1282 2491 2265 2665">
     <span class='ocr_line' id='line_1_100' title="bbox 1369 2491 2263 2534; baseline -0.003 -11"><span class='ocrx_word' id='word_1_631' title='bbox 1369 2493 1570 2534; x_wconf 59' lang='lat' dir='ltr'><strong>Respondet,</strong></span> <span class='ocrx_word' id='word_1_632' title='bbox 1606 2493 1647 2523; x_wconf 85' lang='lat' dir='ltr'><strong>ad</strong></span> <span class='ocrx_word' id='word_1_633' title='bbox 1683 2492 1853 2523; x_wconf 81' lang='lat' dir='ltr'><strong>minorem.</strong></span> <span class='ocrx_word' id='word_1_634' title='bbox 1898 2492 2037 2522; x_wconf 82' lang='lat' dir='ltr'><strong>Sabbati</strong></span> <span class='ocrx_word' id='word_1_635' title='bbox 2072 2491 2263 2521; x_wconf 85' lang='lat' dir='ltr'><strong>observatio</strong></span> 
     </span>
     <span class='ocr_line' id='line_1_101' title="bbox 1282 2533 2265 2579; baseline -0.003 -11"><span class='ocrx_word' id='word_1_636' title='bbox 1282 2548 1347 2579; x_wconf 86' lang='lat' dir='ltr'><strong>quo</strong></span> <span class='ocrx_word' id='word_1_637' title='bbox 1372 2538 1412 2567; x_wconf 87' lang='lat' dir='ltr'><strong>ad</strong></span> <span class='ocrx_word' id='word_1_638' title='bbox 1437 2537 1593 2578; x_wconf 73' lang='lat' dir='ltr'><strong>speciem,</strong></span> <span class='ocrx_word' id='word_1_639' title='bbox 1616 2536 1647 2566; x_wconf 88' lang='lat' dir='ltr'><strong>id</strong></span> <span class='ocrx_word' id='word_1_640' title='bbox 1673 2542 1734 2572; x_wconf 77' lang='lat' dir='ltr'><strong>est,</strong></span> <span class='ocrx_word' id='word_1_641' title='bbox 1760 2536 1843 2565; x_wconf 75' lang='lat' dir='ltr'><strong>diem</strong></span> <span class='ocrx_word' id='word_1_642' title='bbox 1868 2536 2041 2575; x_wconf 77' lang='lat' dir='ltr'><strong>septimum</strong></span> <span class='ocrx_word' id='word_1_643' title='bbox 2061 2540 2091 2565; x_wconf 82' lang='lat' dir='ltr'><strong>et</strong></span> <span class='ocrx_word' id='word_1_644' title='bbox 2117 2533 2265 2565; x_wconf 81' lang='lat' dir='ltr'><strong>Levitica</strong></span> 
     </span>
     <span class='ocr_line' id='line_1_102' title="bbox 1282 2577 2264 2618; baseline -0.005 -7"><span class='ocrx_word' id='word_1_645' title='bbox 1282 2580 1458 2617; x_wconf 66' lang='lat' dir='ltr'><strong>sacrificia,</strong></span> <span class='ocrx_word' id='word_1_646' title='bbox 1482 2586 1513 2610; x_wconf 82' lang='lat' dir='ltr'><strong>et</strong></span> <span class='ocrx_word' id='word_1_647' title='bbox 1538 2579 1729 2610; x_wconf 75' lang='lat' dir='ltr'><strong>observatio</strong></span> <span class='ocrx_word' id='word_1_648' title='bbox 1753 2578 1900 2609; x_wconf 68' lang='lat' dir='ltr'><strong>Levitica</strong></span> <span class='ocrx_word' id='word_1_649' title='bbox 1925 2585 1975 2608; x_wconf 70' lang='lat' dir='ltr'><strong>est</strong></span> <span class='ocrx_word' id='word_1_650' title='bbox 1999 2579 2179 2618; x_wconf 79' lang='lat' dir='ltr'><strong>abrogata,</strong></span> <span class='ocrx_word' id='word_1_651' title='bbox 2205 2577 2264 2607; x_wconf 83' lang='lat' dir='ltr'><strong>sed</strong></span> 
     </span>
     <span class='ocr_line' id='line_1_103' title="bbox 1283 2619 2264 2665; baseline -0.005 -10"><span class='ocrx_word' id='word_1_652' title='bbox 1283 2624 1472 2665; x_wconf 75' lang='lat' dir='ltr'><strong>nonquoad</strong></span> <span class='ocrx_word' id='word_1_653' title='bbox 1501 2633 1624 2665; x_wconf 78' lang='lat' dir='ltr'><strong>genus,</strong></span> <span class='ocrx_word' id='word_1_654' title='bbox 1671 2623 1759 2664; x_wconf 90' lang='lat' dir='ltr'><strong>quod</strong></span> <span class='ocrx_word' id='word_1_655' title='bbox 1789 2628 1840 2652; x_wconf 86' lang='lat' dir='ltr'><strong>est</strong></span> <span class='ocrx_word' id='word_1_656' title='bbox 1878 2619 2070 2663; x_wconf 84' lang='lat' dir='ltr'><strong>principalis</strong></span> <span class='ocrx_word' id='word_1_657' title='bbox 2101 2620 2264 2651; x_wconf 85' lang='lat' dir='ltr'><strong>sententia</strong></span> 
     </span>
    </p>
   </div>
  </div>
 </body>
</html>
