2383 2990
142 126 208 159 377

141 228 211 257 est,
233 220 308 253 Non
333 220 422 252 dedit
440 219 538 252 vobis
554 218 713 261 Spiritum
735 219 930 258 timiditatis,
953 218 1015 251 sed
1038 219 1139 251 robo-

139 266 200 305 ris,
223 263 410 297 dilectionis
435 269 466 295 et
479 263 745 296 castificationis.

138 429 417 463 TESTIMONIA
445 428 576 466 QUOD
601 428 803 461 SP1R1TUS
827 425 1034 460 SANCTUS
1070 426 1138 460 stT

529 498 754 531 PERSONA.

225 605 371 637 Primum
395 610 507 637 autem
531 603 706 646 diligenter
729 603 979 635 observandum
1002 609 1055 634 est
1079 613 1137 634 vo—

787 122 831 156 V.
854 121 1130 154 EXPLICATIO
1154 120 1360 153 SYMBOLI
1387 119 1547 153 NICENI.

136 648 293 682 cabulum
307 650 460 691 Spiritus,
485 649 575 691 quod
599 649 631 679 in
651 658 776 689 genere
795 648 965 689 significat
985 648 1137 689 agitatio·
1162 653 1165 678 ἒ

136 704 230 732 nem,
266 700 323 725 aut
357 699 509 724 naturam
541 703 603 723 seu
634 693 698 723 vim
727 692 928 733 agitantem,
966 697 997 722 ct
1021 691 1137 722 obser-

136 738 247 770 vanda
279 743 330 769 est
358 738 507 768 varietas
538 737 569 767 in
594 737 676 777 ipsis
700 736 835 776 seriptis
860 734 1071 776 propheticis
1105 741 1136 766 et

134 779 358 823 Apostolieis,
383 791 446 812 nec
469 787 594 811 temere
618 780 728 811 omnia
747 780 837 810 dicta
857 779 1029 810 miscenda
1047 784 1136 817 sunt,

135 826 167 857 in
193 826 314 866 quibus
334 824 500 865 reperitur
513 822 716 854 vocabulum
732 823 886 864 Spiritus,
911 832 1012 864 saepe
1036 823 1137 865 signi-

134 867 215 900 ficat
238 868 371 906 vento's,
396 878 498 909 saepe
512 868 613 899 vitam
637 867 794 904 hominis,
820 877 923 907 saepe
944 876 1055 898 motus
1076 877 1137 897 scu

134 912 279 954 impetus
304 911 474 943 hominum
499 918 645 949 creatos,
671 917 738 942 tum
766 912 891 948 bonos,
922 917 990 941 tum
1016 909 1137 941 malon:
1164 929 1166 932 >

133 955 189 987 hic
214 956 383 998 significat
409 956 592 986 essentiam
616 953 841 996 spiritualem,
865 954 897 985 id
922 960 986 992 cst,
1013 954 1135 992 vivam,

132 999 393 1042 intelligentem,
429 1000 682 1040 incorpoream,
719 997 911 1035 efficacem,
955 997 1050 1029 Deus
1085 1004 1137 1029 est

133 1045 291 1086 Spiritus:
325 1042 456 1084 Estque
486 1042 552 1073 hoc
582 1041 658 1073 loco
690 1052 811 1073 nomen
843 1052 1021 1073 commune
1050 1042 1137 1083 patri

132 1094 164 1120 et
187 1086 262 1119 aliis
292 1087 461 1130 personis.

509 1085 672 1118 Delectus
702 1086 802 1127 igitur
837 1085 1048 1116 adhibendus
1085 1091 1164 1117 estr

131 1132 166 1163 in
188 1131 388 1163 testimoniis
409 1129 625 1173 colligendis,
650 1140 690 1160 ac
709 1130 892 1170 prudenter
911 1129 1136 1167 iudicandum,
1163 1131 1164 1140 ¹

130 1176 189 1207 ubi
218 1175 355 1217 proprie
390 1172 549 1216 loquatur
580 1174 749 1214 scriptura
781 1174 822 1204 de
852 1173 976 1214 Spiritu
1005 1180 1138 1211 sancto,

131 1219 188 1261 qui
214 1225 265 1250 est
289 1228 437 1260 persona
458 1228 519 1248 seu
541 1217 764 1258 titpcmdpaevov,
789 1217 1006 1248 sanctificans
1035 1217 1138 1248 corda

131 1263 300 1295 audientia
320 1272 439 1293 vocem
465 1260 657 1303 Evangelii,
684 1268 715 1292 et
741 1271 816 1292 cum
841 1261 890 1291 sic
915 1261 1056 1292 sumitur
1079 1272 1138 1292 vo·

132 1304 288 1338 cabulum
312 1306 477 1347 Spiritus,
503 1305 767 1337 confirmandum
792 1311 845 1335 est
870 1304 1030 1346 Spiritum
1061 1314 1137 1335 san-

131 1356 222 1382 ctum
256 1359 334 1381 esse
368 1359 548 1390 personam
584 1358 645 1379 seu
676 1348 891 1389 ὑφιᾶιάμειόν,
928 1347 1013 1378 Nam
1044 1346 1137 1379 multi

130 1394 221 1436 impii
245 1398 278 1424 et
301 1393 449 1424 audaces
474 1391 628 1423 homines
653 1392 683 1422 in
709 1392 857 1423 dissidiis
884 1390 1137 1422 Ecclesiasticis*

130 1437 396 1475 contenderunt,
429 1436 588 1476 Spiritum
613 1441 767 1467 sanctum
802 1446 868 1466 non
904 1445 982 1466 esse
1007 1435 1137 1476 ὑφιστά-

127 1493 234 1521 μενον,
257 1481 319 1512 sed
343 1486 472 1511 tantum
496 1480 734 1522 cogitationem
760 1485 927 1517 creatam,
954 1485 1010 1510 aut
1044 1486 1136 1510 certe

128 1525 238 1567 ipsum
270 1524 404 1556 Patrem
439 1528 629 1566 potentem,
661 1534 723 1554 seu
751 1524 935 1566 agitantem
968 1524 1040 1554 sine
1071 1522 1137 1553 alia

128 1564 289 1612 persona:
335 1568 404 1599 Sed
422 1567 500 1599 huic
525 1568 624 1609 impio
653 1566 852 1609 sophismati
873 1565 1030 1598 Ecclesia
1056 1577 1137 1598 vera

129 1613 269 1654 opponit
292 1613 482 1643 testimonia
506 1612 538 1642 in
557 1612 733 1653 scripturis
753 1612 886 1649 tradita,
911 1622 1053 1653 quorum
1074 1611 1137 1652 pri-

129 1667 218 1689 mum
243 1662 277 1688 et
300 1657 443 1687 maxime
466 1654 598 1687 illustre
618 1662 671 1687 est
694 1653 855 1686 revelatio
879 1655 1063 1686 divinitatis
1088 1653 1136 1686 sa-

130 1707 186 1732 cta
209 1700 241 1731 in
260 1700 432 1741 Baptismo
448 1698 586 1738 Christi,
606 1700 662 1731 uhi
688 1698 781 1730 clare
805 1699 1042 1730 discernuntur
1067 1705 1136 1730 tres

129 1754 316 1786 personae:
348 1742 449 1774 Pater
472 1744 592 1785 inquit:
628 1743 690 1774 llic
720 1749 771 1774 est
795 1742 900 1774 Filius
934 1754 1028 1774 meus
1053 1741 1136 1773 dile·

131 1794 225 1826 ctus,
256 1787 347 1818 hunc
370 1788 503 1825 audite,
538 1786 599 1818 Est
623 1787 723 1829 igitur
746 1785 811 1818 alia
840 1797 990 1828 persona
1014 1787 1136 1824 Patris,

131 1830 198 1863 alia
216 1830 302 1869 Filii,
328 1831 505 1862 descendit
528 1837 639 1862 autem
665 1830 810 1872 Spiritus
834 1838 974 1861 sanctus
1005 1831 1038 1861 in
1062 1840 1138 1872 spe-

130 1876 181 1907 cie
206 1873 392 1907 columbae.
437 1877 503 1906 lam
533 1875 563 1906 si
587 1875 730 1916 Spiritus
754 1881 892 1906 sanctus
917 1881 1007 1906 esset
1033 1875 1138 1917 agita-

129 1920 177 1951 tio
201 1920 233 1951 in
253 1919 371 1950 animis
393 1924 518 1957 creata,
544 1929 611 1950 non
629 1925 809 1960 appareret
838 1917 1000 1960 peculiari
1024 1919 1137 1960 specie

130 1962 319 2005 corporali,
353 1969 407 1994 aut
423 1964 451 1994 si
466 1969 557 1994 esset
582 1963 656 2004 ipse
688 1962 798 2001 Pater,
830 1973 896 1994 non
930 1963 1139 1994 discerneret

129 2007 288 2049 Spiritum
312 2013 478 2038 sanctum.
514 2008 619 2049 lnquit
641 2007 746 2038 enim:
772 2006 881 2048 Super
894 2017 993 2049 quem
1012 2006 1137 2038 videtis

130 2050 291 2093 Spiritum
322 2057 474 2082 sanctum
500 2051 771 2083 descendentem.
818 2051 876 2082 Sic
906 2059 935 2081 et
961 2051 994 2082 in
1019 2051 1138 2082 Pente·

130 2102 227 2127 coste
272 2100 413 2136 apparet
459 2094 608 2138 Spiritus
643 2102 782 2127 sauctus
822 2093 985 2137 peculiari
1025 2095 1139 2137 specie

132 2137 318 2181 corporali.

218 2216 292 2249 Hae
331 2215 578 2259 patefactione-,s
617 2228 686 2249 non
727 2224 805 2250 sunt
845 2216 971 2250 frustra
1012 2216 1138 2256 sactae,

129 2261 199 2294 Sed
223 2260 448 2293 testificantur
471 2261 634 2303 Spiritum
658 2270 815 2294 sanetum
839 2272 1021 2305 personam
1047 2272 1137 2300 esse,

131 2312 164 2358 et
187 2306 270 2338 mitti
292 2306 336 2338 ad
360 2305 650 2346 sanctificandam,
674 2312 708 2338 et
732 2307 999 2339 confirmandam
1018 2305 1138 2338 Eccle-

131 2360 227 2382 siam.

220 2419 274 2451 Ad
297 2418 385 2451 haec
409 2419 601 2451 testimonia
624 2420 828 2464 adiungatur
858 2421 982 2453 dictum
1008 2421 1049 2452 de
1072 2419 1138 2452 Ba-

130 2464 272 2506 ptismo:
307 2462 382 2505 Ego
408 2464 538 2504 baptizo
563 2470 596 2495 te
618 2464 652 2495 in
676 2466 810 2497 nominc
841 2465 970 2501 Patris,
1005 2463 1078 2496 Filii
1103 2470 1138 2496 et

131 2508 278 2550 Spiritus
303 2507 425 2546 sancti,
450 2507 482 2539 id
506 2514 570 2547 est,
606 2507 673 2540 hoc
696 2508 870 2551 Baptismo
895 2516 1003 2541 testor
1028 2515 1060 2540 te
1085 2519 1136 2540 re-

132 2552 196 2593 cipi
221 2562 241 2582 a
264 2561 346 2583 vero
372 2550 469 2590 Deo,
503 2563 602 2594 quem
633 2562 737 2593 super
765 2559 799 2584 te
830 2554 954 2585 invoco
990 2552 1136 2591 Patrem,

131 2594 250 2627 Filium
279 2602 312 2627 et
338 2595 499 2637 Spiritum
527 2603 694 2628 sanctum.
740 2595 883 2629 Affirmo
914 2605 946 2628 te
982 2597 1085 2638 recipi
1116 2608 1136 2628 a

131 2649 215 2672 vero
238 2638 334 2679 Deo,
359 2640 415 2682 qui
445 2646 498 2671 est
520 2646 618 2682 pater
640 2639 777 2672 Domini
807 2643 916 2673 nostri
938 2643 1015 2674 Iesu
1040 2640 1136 2673 Chri-

2126 121 2191 155 378

1194 217 1248 256 sti,
1273 223 1305 249 et
1327 215 1486 258 patefecit
1506 227 1544 249 se
1566 218 1670 249 misso
1688 216 1785 256 Filio,
1809 223 1841 249 et
1865 223 1898 248 te
1920 223 2058 259 propter
2071 216 2191 250 Filium

1192 261 1309 302 recipit
1346 267 1377 292 et
1401 261 1564 299 vivificat,
1599 261 1786 293 sanctificat
1817 266 1849 293 et
1880 260 2055 293 confirmat
2086 268 2119 293 te
2148 261 2192 293 ad

1191 306 1294 337 vitam
1317 311 1506 344 aeternam,
1543 306 1674 337 donans
1703 306 1862 347 Spiritum
1886 311 2039 336 sanctum
2074 315 2191 346 proce-

1193 349 1325 380 dentem
1348 359 1368 380 a
1391 348 1493 381 Patre
1523 356 1554 379 et
1578 348 1680 388 Filio,
1712 360 1753 380 ac
1776 356 1812 381 tu
1834 349 1984 391 vicissim
2007 359 2192 391 agnoscas,

1191 392 1282 424 hunc
1306 402 1424 424 verum
1447 392 1569 431 Deum,
1594 394 1649 435 qui
1673 404 1710 425 se
1735 395 1784 425 sic
1803 393 1973 436 patefecit.

1280 470 1365 502 Cum
1389 476 1499 503 autem
1523 472 1566 503 ad
1591 472 1748 513 Spiritum
1778 479 1931 504 sanctum
1956 473 2120 515 dirigatur
2142 472 2191 503 in-

1190 515 1346 553 vocatio,
1383 516 1470 546 sicut
1500 516 1542 546 ad
1576 515 1711 547 Patrem
1743 522 1775 547 et
1799 516 1937 555 filium,
1971 526 2115 548 necesse
2141 521 2193 547 est

1191 570 1266 590 eum
1290 568 1368 590 esse
1387 558 1600 599 ὑφιστάμενον,
1625 566 1656 590 et
1680 570 1747 590 non
1767 567 1891 591 motum
1905 571 1965 591 seu
1978 560 2193 602 agitationem

1191 610 1340 634 creatam
1364 603 1396 633 in
1421 602 1573 641 homine,
1598 613 1675 634 nam
1699 609 1809 635 motus
1834 615 1895 636 seu
1919 605 2054 646 agitatio
2079 610 2194 635 creata

1190 647 1223 678 in
1248 647 1393 684 homine,
1413 658 1481 678 non
1506 654 1556 678 est
1581 647 1784 685 invocanda,
1825 648 1939 679 Iohan.
1963 649 2012 678 14.
2049 646 2192 690 Rogabo

1190 690 1325 722 Patrem
1350 697 1382 721 et
1407 689 1507 721 alium
1530 689 1739 732 parat-letum
1770 691 1861 722 dabit
1886 692 1995 722 vobis.
2041 690 2126 722 Cum
2148 691 2195 722 ait

1191 733 1315 773 Alium,
1341 735 1502 766 discernit
1527 746 1545 766 a
1571 735 1671 766 Patre
1695 741 1726 765 et
1752 733 1835 766 filio
1861 734 1950 766 hunc
1973 734 2193 777 paracletum.

1190 777 1231 809 Et
1258 777 1371 809 lohan.
1406 779 1456 809 15.
1504 778 1589 809 Cum
1620 779 1746 809 venerit
1778 777 1971 820 paracletus
2001 790 2100 820 quem
2128 788 2192 820 ego

1191 823 1317 854 mittam
1342 823 1439 853 vobis
1464 832 1482 853 a
1496 823 1608 860 Patre,
1633 822 1777 863 Spiritus
1798 824 1961 861 veritatis,
1986 824 2041 864 qui
2061 834 2078 854 a
2093 823 2195 854 Patre

1191 866 1353 908 procedit.
1402 865 1495 908 Ego,
1531 867 1655 908 inquit,
1691 867 1815 898 mittam
1840 878 1859 898 a
1886 867 2005 905 Patre,
2040 867 2117 897 Non
2142 872 2195 898 est

1192 921 1275 952 ergo
1301 910 1354 941 hic
1379 911 1503 941 missus
1528 911 1671 952 Spiritus
1703 911 1777 952 ipse
1804 910 1906 941 Pater
1931 911 2081 953 agitans,
2117 910 2195 951 quia

1192 954 1297 985 l-'ilius
1322 964 1390 985 nou
1414 955 1509 985 mittit
1531 954 1684 995 Patrem,
1720 966 1782 985 nec
1819 961 1867 985 est
1899 955 2035 996 agitatio
2068 959 2194 992 creata,

1192 999 1269 1040 quia
1294 997 1377 1029 hacc
1398 1004 1475 1029 ¹sunt
1500 999 1634 1029 nomina
1659 1008 1837 1039 personae.
1862 996 1960 1030 Alius
1985 996 2193 1040 paracletus,

1192 1043 1247 1084 qui
1272 1042 1405 1073 docebit
1431 1052 1510 1080 vos.
1539 1049 1590 1081 ct,
1627 1053 1713 1083 quae
1738 1043 1846 1073 audiet
1869 1041 2037 1084 loquetur.
2077 1043 2105 1073 l.
2130 1040 2194 1072 Co-

1191 1085 1292 1117 rinth.
1322 1086 1371 1117 1⁴2.
1397 1096 1559 1126 expresse
1590 1087 1750 1117 discernit
1778 1085 1903 1117 Paulus
1936 1086 2095 1127 Spiritum
2119 1095 2194 1116 san-

1192 1136 1282 1160 ctum
1317 1141 1337 1161 a
1367 1130 1465 1160 donis
1491 1131 1628 1161 creatis:
1665 1131 1775 1161 onmia
1800 1130 1884 1161 haec
1917 1129 2019 1162 eflicit
2051 1140 2138 1161 unus
2162 1134 2195 1160 et

1192 1174 1277 1204 idem
1313 1173 1470 1215 Spiritus.
1517 1173 1557 1205 Et
1587 1174 1620 1204 ἱ).
1647 1174 1725 1205 Cor.
1755 1174 1786 1205 3.
1833 1173 2127 1205 'l'ranssormamur
2162 1173 2194 1204 in

1191 1218 1333 1248 eandem
1358 1218 1549 1259 imaginem,
1581 1224 1739 1259 tanquam
1762 1229 1780 1248 a
1806 1217 1940 1249 Domini
1969 1219 2113 1259 Spiritu,
2138 1217 2195 1249 ubi

1192 1262 1292 1293 etiam
1316 1260 1510 1292 effectorem
1530 1262 1689 1293 discernit
1713 1272 1733 1292 a
1756 1260 1833 1293 luce
1858 1267 1982 1293 creata.

1279 1339 1379 1376 Quod
1403 1346 1514 1371 autem
1540 1339 1684 1380 Spiritus
1710 1346 1852 1371 sanctus
1886 1338 1988 1371 suerit
2015 1346 2196 1381 antequam

1191 1394 1328 1415 carnem
1352 1384 1456 1415 induit
1480 1382 1583 1415 Filius
1609 1383 1683 1421 Dei,
1702 1385 1881 1425 perspicue
1906 1389 2049 1415 testatur
2072 1383 2194 1415 Petrus

1192 1427 1221 1458 l.
1247 1429 1366 1468 capite.
1391 1426 1564 1469 Epistulae
1588 1428 1728 1468 primae,
1753 1439 1827 1458 cum
1848 1429 1953 1469 inquit
1979 1428 2021 1459 tle
2045 1427 2195 1469 Prophe-

1190 1472 1250 1502 tis:
1276 1472 1420 1512 Spiritus
1436 1470 1559 1502 Christi
1585 1472 1786 1513 praedicens
1811 1472 1842 1502 in
1863 1473 1912 1502 eis
1933 1471 2104 1503 Christum
2118 1481 2195 1513 pas-

1190 1526 1303 1546 surum
1330 1526 1420 1546 esse.
1467 1515 1529 1546 Hic
1559 1516 1684 1547 diserte
1716 1516 1905 1546 nominatur
1928 1516 2074 1557 Spiritus
2099 1514 2196 1547 (lhri-

1190 1559 1231 1590 sti
1256 1560 1309 1601 qui
1335 1558 1394 1591 suit
1418 1560 1450 1590 in
1470 1558 1661 1601 Prophetis,
1681 1560 1799 1591 eodem
1824 1560 1925 1602 igitur
1950 1561 2077 1601 Spiritu
2101 1558 2196 1591 Chri-

1190 1603 1233 1633 sti
1257 1611 1287 1634 et
1314 1602 1433 1635 Patres
1459 1611 1491 1635 et
1515 1602 1685 1644 Apostoli,
1711 1610 1741 1635 et
1768 1604 1811 1643 pii
1836 1604 2016 1645 deinceps,
2040 1603 2106 1635 hoc
2130 1609 2196 1641 est,

1191 1657 1307 1678 omnes
1333 1646 1432 1678 electi
1458 1648 1611 1678 omnibus
1636 1648 1843 1689 temporibus
1874 1648 2075 1679 sanctificati
2104 1653 2195 1679 sunt.

1191 1691 1294 1732 ldque
1329 1689 1434 1723 multo
1470 1690 1635 1723 illustrius
1677 1692 1799 1722 docent
1842 1693 1948 1723 verba
1982 1691 2105 1723 Esaiae
2140 1690 2194 1723 59.

1191 1735 1264 1765 lloc
1284 1734 1404 1766 foedus
1430 1746 1539 1767 meum
1564 1746 1638 1767 cum
1659 1736 1720 1774 eis,
1747 1736 1823 1767 dicit
1850 1735 2028 1773 Dominus,
2049 1735 2195 1777 Spiritus

1190 1789 1284 1810 meus
1320 1780 1376 1821 qui
1410 1787 1461 1810 est
1491 1780 1521 1810 in
1552 1786 1602 1818 te,
1638 1787 1669 1811 et
1695 1780 1810 1821 verba·
1824 1790 1898 1811 mea
1925 1790 2012 1822 quae
2035 1781 2133 1821 posui
2163 1779 2196 1810 in

1191 1834 1250 1854 ore
1274 1830 1342 1861 tuo,
1367 1834 1432 1854 non
1458 1824 1615 1855 recedent
1645 1825 1687 1854 ab
1719 1834 1777 1855 ore
1802 1832 1877 1862 tuo,
1902 1834 1964 1855 nec
1994 1825 2036 1855 ab
2062 1833 2121 1854 ore
2144 1833 2196 1854 se-

1190 1868 1287 1898 minis
1320 1867 1384 1906 tui,
1420 1868 1499 1899 dicit
1521 1866 1709 1906 Dominus,
1746 1868 1907 1909 deinceps
1943 1874 1975 1899 et
2009 1869 2042 1899 in
2073 1867 2194 1909 sempi-

1190 1917 1332 1943 ternum.

1278 1989 1430 2021 Eundem
1454 1990 1613 2032 Spiritum
1638 1991 1682 2021 ait
1707 2000 1784 2022 esse
1808 1991 1840 2022 in
1866 1989 1986 2028 Esaia,
2010 1996 2041 2022 et
2066 1989 2100 2021 in
2124 1995 2196 2022 tota

1189 2032 1345 2066 Ecclesia
1371 2035 1403 2066 in
1427 2045 1559 2066 omne-n
1583 2035 1828 2069 aeternitatem,
1854 2045 1921 2065 non
1947 2035 2048 2077 igitur
2066 2040 2196 2066 tantum

1190 2085 1267 2120 post
1308 2079 1589 2110 resurrectionem
1626 2078 1749 2110 Christi
1793 2078 1919 2111 effusus
1962 2084 2013 2110 est
2049 2078 2195 2120 Spiritus

1191 2129 1329 2154 sanctus
1355 2124 1386 2154 in
1411 2130 1549 2164 pectora
1575 2122 1794 2161 Sanctorum,
1826 2124 1887 2154 sed
1917 2132 2052 2163 semper
2076 2123 2195 2154 eodem

1191 2166 1316 2208 Spiritu
1341 2173 1461 2198 sancto
1487 2177 1602 2198 omnes
1624 2166 1723 2198 electi
1747 2167 1948 2198 sanctificati
1962 2172 2052 2205 sunt,
2079 2172 2111 2198 et
2125 2166 2195 2209 qui-

1191 2211 1266 2242 dem
1291 2211 1415 2242 dictum
1439 2210 1562 2242 Esaiae
1587 2209 1815 2242 dulcissimam
1841 2212 2027 2243 doctrinam
2059 2216 2091 2242 et.
2114 2221 2194 2241 con-

1191 2254 1393 2286 solationem
1427 2256 1603 2296 proponit,
1644 2255 1791 2287 affirmat
1826 2266 1961 2297 semper
2000 2265 2194 2286 mansuram

1191 2310 1269 2330 esse
1292 2297 1484 2330 Ecclesiam
1513 2298 1590 2338 Dei,
1626 2305 1657 2331 et
1687 2300 1730 2331 ibi
1754 2310 1965 2337 mansuram,
2001 2299 2058 2330 ubi
2094 2304 2194 2329 sonat

1191 2354 1257 2374 vox
1277 2343 1465 2385 Evangelii,
1490 2350 1522 2374 et
1546 2354 1622 2374 cum
1645 2354 1685 2375 oa
1709 2353 1794 2375 voce
1819 2342 1963 2374 affirmat
1993 2342 2065 2373 dari
2090 2341 2194 2383 Spiri-

1189 2392 1258 2418 tum
1283 2394 1434 2418 sanctum
1458 2398 1518 2429 per
1542 2386 1677 2427 Filium,
1702 2389 1791 2419 sieut
1819 2387 1852 2419 in
1881 2385 2020 2418 Psalmo
2056 2386 2194 2418 dicitur:

1190 2430 1258 2462 Dat
1282 2432 1371 2462 dona
1397 2431 1597 2463 hominibus.

1278 2509 1321 2541 Et
1344 2509 1487 2542 Zachar.
1514 2510 1545 2542 7.
1586 2509 1703 2541 Verba
1726 2520 1811 2551 quae
1834 2509 1923 2540 misit
1948 2507 2114 2540 Dominus
2139 2519 2195 2540 ex-

1190 2554 1352 2586 ercituum
1366 2554 1398 2585 in
1412 2554 1537 2595 Spiritu
1550 2561 1682 2592 sancto,
1707 2564 1766 2596 per
1786 2563 1919 2584 manum
1935 2551 2194 2594 Prophetarum.

1189 2597 1263 2629 Hoc
1287 2599 1377 2630 dicto
1401 2605 1579 2641 utrumque
1602 2597 1798 2636 affirmatur,
1824 2604 1856 2628 et
1881 2598 2091 2640 gubernatos
2116 2607 2194 2628 esse

1190 2641 1317 2684 Spiritu
1340 2648 1461 2675 sancto
1484 2643 1694 2684 Prophetas,
1718 2648 1750 2674 et
1772 2642 1911 2673 verbum
1936 2640 1999 2673 Dei
2023 2652 2092 2673 non
2116 2651 2194 2674 esse
