<?xml version="1.0" encoding="UTF-8"?>
<!DOCTYPE html PUBLIC "-//W3C//DTD XHTML 1.0 Transitional//EN"
    "http://www.w3.org/TR/xhtml1/DTD/xhtml1-transitional.dtd">
<html xmlns="http://www.w3.org/1999/xhtml" xml:lang="en" lang="en">
 <head>
  <title>
</title>
<meta http-equiv="Content-Type" content="text/html;charset=utf-8" />
  <meta name='ocr-system' content='tesseract 3.04.00' />
  <meta name='ocr-capabilities' content='ocr_page ocr_carea ocr_par ocr_line ocrx_word'/>
</head>
<body>
  <div class='ocr_page' id='page_1' title='image "./operaquaesupersu23melauoft_0150.png"; bbox 0 0 2383 2990; ppageno 0'>
   <div class='ocr_carea' id='block_1_1' title="bbox 224 122 2231 173">
    <p class='ocr_par' dir='ltr' id='par_1_1' title="bbox 224 122 2231 173">
     <span class='ocr_line' id='line_1_1' title="bbox 224 122 2231 173; baseline 0.002 -21"><span class='ocrx_word' id='word_1_1' title='bbox 224 128 286 160; x_wconf 64' lang='lat'>183</span> <span class='ocrx_word' id='word_1_2' title='bbox 355 166 359 173; x_wconf 38' lang='grc' dir='ltr'>Ι</span> <span class='ocrx_word' id='word_1_3' title='bbox 846 123 956 154; x_wconf 85' lang='lat' dir='ltr'>PHIL.</span> <span class='ocrx_word' id='word_1_4' title='bbox 981 122 1084 154; x_wconf 85' lang='lat' dir='ltr'><strong>MEL.</strong></span> <span class='ocrx_word' id='word_1_5' title='bbox 1108 122 1296 155; x_wconf 81' lang='lat' dir='ltr'><strong>SCRIPTA</strong></span> <span class='ocrx_word' id='word_1_6' title='bbox 1322 122 1603 155; x_wconf 87' lang='lat' dir='ltr'>DOGMATICA.</span> <span class='ocrx_word' id='word_1_7' title='bbox 2170 125 2231 157; x_wconf 81' lang='lat'>164</span> 
     </span>
    </p>
   </div>
   <div class='ocr_carea' id='block_1_2' title="bbox 290 214 2230 264">
    <p class='ocr_par' dir='ltr' id='par_1_2' title="bbox 290 214 2230 264">
     <span class='ocr_line' id='line_1_2' title="bbox 290 214 2230 264; baseline 0.001 -17"><span class='ocrx_word' id='word_1_8' title='bbox 290 222 386 264; x_wconf 76' lang='lat' dir='ltr'>DIC</span> <span class='ocrx_word' id='word_1_9' title='bbox 418 221 705 264; x_wconf 71' lang='lat' dir='ltr'>SEPTIMUM</span> <span class='ocrx_word' id='word_1_10' title='bbox 738 219 1126 260; x_wconf 69' lang='lat' dir='ltr'>PRAECEPTUNL</span> <span class='ocrx_word' id='word_1_11' title='bbox 1222 222 1228 248; x_wconf 68' lang='lat'>¹.</span> <span class='ocrx_word' id='word_1_12' title='bbox 1253 223 1315 254; x_wconf 80' lang='lat' dir='ltr'>est,</span> <span class='ocrx_word' id='word_1_13' title='bbox 1339 215 1509 258; x_wconf 75' lang='lat' dir='ltr'>diligentia</span> <span class='ocrx_word' id='word_1_14' title='bbox 1530 216 1669 257; x_wconf 81' lang='lat' dir='ltr'>parandi</span> <span class='ocrx_word' id='word_1_15' title='bbox 1691 214 1881 263; x_wconf 56' lang='lat' dir='ltr'>facultates,</span> <span class='ocrx_word' id='word_1_16' title='bbox 1904 223 1936 248; x_wconf 83' lang='lat' dir='ltr'>et</span> <span class='ocrx_word' id='word_1_17' title='bbox 1959 216 2126 260; x_wconf 81' lang='lat' dir='ltr'>legitimus</span> <span class='ocrx_word' id='word_1_18' title='bbox 2150 228 2230 249; x_wconf 84' lang='lat' dir='ltr'>usus</span> 
     </span>
    </p>
   </div>
   <div class='ocr_carea' id='block_1_3' title="bbox 494 257 1707 360">
    <p class='ocr_par' dir='ltr' id='par_1_3' title="bbox 494 257 1707 360">
     <span class='ocr_line' id='line_1_3' title="bbox 1253 257 1707 298; baseline -0.002 -7"><span class='ocrx_word' id='word_1_19' title='bbox 1253 270 1375 298; x_wconf 82' lang='lat' dir='ltr'>earum,</span> <span class='ocrx_word' id='word_1_20' title='bbox 1399 265 1475 290; x_wconf 88' lang='lat' dir='ltr'>sunt</span> <span class='ocrx_word' id='word_1_21' title='bbox 1500 257 1608 290; x_wconf 84' lang='lat' dir='ltr'>cultus</span> <span class='ocrx_word' id='word_1_22' title='bbox 1632 258 1707 290; x_wconf 89' lang='lat' dir='ltr'>Dei.</span> 
     </span>
     <span class='ocr_line' id='line_1_4' title="bbox 494 305 933 360; baseline -0.005 -13"><span class='ocrx_word' id='word_1_23' title='bbox 494 308 587 347; x_wconf 89' lang='lat' dir='ltr'>Non</span> <span class='ocrx_word' id='word_1_24' title='bbox 619 306 769 346; x_wconf 80' lang='lat' dir='ltr'>furtum</span> <span class='ocrx_word' id='word_1_25' title='bbox 802 305 933 360; x_wconf 82' lang='lat' dir='ltr'>facias.</span> 
     </span>
    </p>
   </div>
   <div class='ocr_carea' id='block_1_4' title="bbox 532 390 2200 478">
    <p class='ocr_par' dir='ltr' id='par_1_4' title="bbox 532 390 2200 478">
     <span class='ocr_line' id='line_1_5' title="bbox 532 390 2200 478; baseline 0.007 -26"><span class='ocrx_word' id='word_1_26' title='bbox 532 392 641 440; x_wconf 72' lang='lat' dir='ltr'>de</span> <span class='ocrx_word' id='word_1_27' title='bbox 673 390 890 445; x_wconf 54' lang='lat' dir='ltr'>Praefflpm?</span> <span class='ocrx_word' id='word_1_28' title='bbox 1283 424 1448 463; x_wconf 78' lang='lat' dir='ltr'>Licetne</span> <span class='ocrx_word' id='word_1_29' title='bbox 1482 422 1716 463; x_wconf 76' lang='lat' dir='ltr'>Christianis</span> <span class='ocrx_word' id='word_1_30' title='bbox 1748 429 1887 463; x_wconf 81' lang='lat' dir='ltr'>tenere</span> <span class='ocrx_word' id='word_1_31' title='bbox 1919 424 2126 478; x_wconf 85' lang='lat' dir='ltr'>proprium</span> <span class='ocrx_word' id='word_1_32' title='bbox 2158 431 2200 464; x_wconf 78' lang='lat' dir='ltr'>et</span> 
     </span>
    </p>
   </div>
   <div class='ocr_carea' id='block_1_5' title="bbox 221 498 2234 1890">
    <p class='ocr_par' dir='ltr' id='par_1_5' title="bbox 221 498 2234 1890">
     <span class='ocr_line' id='line_1_6' title="bbox 1593 498 1888 541; baseline 0.007 -2"><span class='ocrx_word' id='word_1_33' title='bbox 1593 513 1679 539; x_wconf 82' lang='lat' dir='ltr'>esse</span> <span class='ocrx_word' id='word_1_34' title='bbox 1713 498 1858 539; x_wconf 79' lang='lat' dir='ltr'>divites</span> <span class='ocrx_word' id='word_1_35' title='bbox 1871 500 1888 541; x_wconf 68' lang='grc' dir='ltr'>’ἒ</span> 
     </span>
     <span class='ocr_line' id='line_1_7' title="bbox 307 559 1201 601; baseline -0.003 -10"><span class='ocrx_word' id='word_1_36' title='bbox 307 560 404 592; x_wconf 84' lang='lat' dir='ltr'>Vitae</span> <span class='ocrx_word' id='word_1_37' title='bbox 427 571 510 601; x_wconf 81' lang='lat' dir='ltr'>opus</span> <span class='ocrx_word' id='word_1_38' title='bbox 536 566 585 590; x_wconf 88' lang='lat' dir='ltr'>est</span> <span class='ocrx_word' id='word_1_39' title='bbox 600 570 708 591; x_wconf 87' lang='lat' dir='ltr'>rerum</span> <span class='ocrx_word' id='word_1_40' title='bbox 720 570 796 596; x_wconf 85' lang='lat' dir='ltr'>usu,</span> <span class='ocrx_word' id='word_1_41' title='bbox 819 559 1048 601; x_wconf 73' lang='lat' dir='ltr'>possessione,</span> <span class='ocrx_word' id='word_1_42' title='bbox 1072 564 1104 589; x_wconf 88' lang='lat' dir='ltr'>et</span> <span class='ocrx_word' id='word_1_43' title='bbox 1123 568 1201 589; x_wconf 88' lang='lat' dir='ltr'>con-</span> 
     </span>
     <span class='ocr_line' id='line_1_8' title="bbox 222 599 2231 640; baseline -0.002 -5"><span class='ocrx_word' id='word_1_44' title='bbox 222 605 396 636; x_wconf 85' lang='lat' dir='ltr'>tractibus.</span> <span class='ocrx_word' id='word_1_45' title='bbox 442 604 517 635; x_wconf 89' lang='lat' dir='ltr'>ldeo</span> <span class='ocrx_word' id='word_1_46' title='bbox 541 603 603 633; x_wconf 86' lang='lat' dir='ltr'>iam</span> <span class='ocrx_word' id='word_1_47' title='bbox 629 603 726 634; x_wconf 85' lang='lat' dir='ltr'>docet</span> <span class='ocrx_word' id='word_1_48' title='bbox 749 603 844 633; x_wconf 82' lang='lat' dir='ltr'>etiam</span> <span class='ocrx_word' id='word_1_49' title='bbox 868 603 899 632; x_wconf 89' lang='lat' dir='ltr'>in</span> <span class='ocrx_word' id='word_1_50' title='bbox 926 600 978 632; x_wconf 84' lang='lat' dir='ltr'>his</span> <span class='ocrx_word' id='word_1_51' title='bbox 1003 602 1102 631; x_wconf 86' lang='lat' dir='ltr'>rebus</span> <span class='ocrx_word' id='word_1_52' title='bbox 1127 600 1200 631; x_wconf 91' lang='lat' dir='ltr'>Deo</span> <span class='ocrx_word' id='word_1_53' title='bbox 1339 599 1431 630; x_wconf 86' lang='lat' dir='ltr'>Licet</span> <span class='ocrx_word' id='word_1_54' title='bbox 1453 604 1565 630; x_wconf 84' lang='lat' dir='ltr'>tenere</span> <span class='ocrx_word' id='word_1_55' title='bbox 1589 599 1768 640; x_wconf 79' lang='lat' dir='ltr'>proprium,</span> <span class='ocrx_word' id='word_1_56' title='bbox 1793 604 1823 630; x_wconf 92' lang='lat' dir='ltr'>et</span> <span class='ocrx_word' id='word_1_57' title='bbox 1846 599 1970 630; x_wconf 83' lang='lat' dir='ltr'>habere</span> <span class='ocrx_word' id='word_1_58' title='bbox 1996 599 2143 637; x_wconf 78' lang='lat' dir='ltr'>divitias,</span> <span class='ocrx_word' id='word_1_59' title='bbox 2168 600 2231 631; x_wconf 87' lang='lat' dir='ltr'>sie-</span> 
     </span>
     <span class='ocr_line' id='line_1_9' title="bbox 221 641 2231 687; baseline -0.002 -9"><span class='ocrx_word' id='word_1_60' title='bbox 221 648 360 684; x_wconf 80' lang='lat' dir='ltr'>servire,</span> <span class='ocrx_word' id='word_1_61' title='bbox 385 653 415 677; x_wconf 88' lang='lat' dir='ltr'>et</span> <span class='ocrx_word' id='word_1_62' title='bbox 439 647 589 687; x_wconf 88' lang='lat' dir='ltr'>primum,</span> <span class='ocrx_word' id='word_1_63' title='bbox 613 646 689 686; x_wconf 85' lang='lat' dir='ltr'>quia</span> <span class='ocrx_word' id='word_1_64' title='bbox 706 643 905 682; x_wconf 84' lang='lat' dir='ltr'>vetatfurta,</span> <span class='ocrx_word' id='word_1_65' title='bbox 928 645 1086 685; x_wconf 85' lang='lat' dir='ltr'>sequitur,</span> <span class='ocrx_word' id='word_1_66' title='bbox 1111 644 1201 684; x_wconf 89' lang='lat' dir='ltr'>quod</span> <span class='ocrx_word' id='word_1_67' title='bbox 1252 647 1288 672; x_wconf 86' lang='lat' dir='ltr'>ut</span> <span class='ocrx_word' id='word_1_68' title='bbox 1322 641 1444 672; x_wconf 87' lang='lat' dir='ltr'>multae</span> <span class='ocrx_word' id='word_1_69' title='bbox 1480 643 1663 672; x_wconf 83' lang='lat' dir='ltr'>sententiae</span> <span class='ocrx_word' id='word_1_70' title='bbox 1687 648 1862 672; x_wconf 69' lang='lat' dir='ltr'>testantur.</span> <span class='ocrx_word' id='word_1_71' title='bbox 1909 641 2032 673; x_wconf 84' lang='lat' dir='ltr'>Paulus</span> <span class='ocrx_word' id='word_1_72' title='bbox 2057 643 2100 673; x_wconf 85' lang='lat' dir='ltr'>ad</span> <span class='ocrx_word' id='word_1_73' title='bbox 2123 642 2231 673; x_wconf 86' lang='lat' dir='ltr'>Timo-</span> 
     </span>
     <span class='ocr_line' id='line_1_10' title="bbox 221 683 2231 730; baseline -0.002 -9"><span class='ocrx_word' id='word_1_74' title='bbox 221 689 321 721; x_wconf 85' lang='lat' dir='ltr'>Iiceat</span> <span class='ocrx_word' id='word_1_75' title='bbox 344 701 438 720; x_wconf 89' lang='lat' dir='ltr'>suum</span> <span class='ocrx_word' id='word_1_76' title='bbox 463 689 581 730; x_wconf 67' lang='lat' dir='ltr'>cuique</span> <span class='ocrx_word' id='word_1_77' title='bbox 604 694 728 719; x_wconf 85' lang='lat' dir='ltr'>tenere.</span> <span class='ocrx_word' id='word_1_78' title='bbox 763 688 792 723; x_wconf 86' lang='lat' dir='ltr'><strong>Q</strong></span> <span class='ocrx_word' id='word_1_79' title='bbox 818 698 875 718; x_wconf 84' lang='lat' dir='ltr'>are</span> <span class='ocrx_word' id='word_1_80' title='bbox 898 697 1008 718; x_wconf 89' lang='lat' dir='ltr'>rerum</span> <span class='ocrx_word' id='word_1_81' title='bbox 1020 687 1198 717; x_wconf 85' lang='lat' dir='ltr'>distinctio—</span> <span class='ocrx_word' id='word_1_82' title='bbox 1254 683 1363 715; x_wconf 86' lang='lat' dir='ltr'>theum</span> <span class='ocrx_word' id='word_1_83' title='bbox 1399 686 1460 716; x_wconf 86' lang='lat' dir='ltr'>ait:</span> <span class='ocrx_word' id='word_1_84' title='bbox 1495 684 1652 725; x_wconf 89' lang='lat' dir='ltr'>Praecipe</span> <span class='ocrx_word' id='word_1_85' title='bbox 1687 685 1854 723; x_wconf 82' lang='lat' dir='ltr'>divitibus,</span> <span class='ocrx_word' id='word_1_86' title='bbox 1889 695 1929 715; x_wconf 89' lang='lat' dir='ltr'>ne</span> <span class='ocrx_word' id='word_1_87' title='bbox 1954 686 2145 726; x_wconf 77' lang='lat' dir='ltr'>superbiant</span> <span class='ocrx_word' id='word_1_88' title='bbox 2168 691 2231 716; x_wconf 84' lang='lat' dir='ltr'>etc.</span> 
     </span>
     <span class='ocr_line' id='line_1_11' title="bbox 222 726 2232 772; baseline -0.002 -9"><span class='ocrx_word' id='word_1_89' title='bbox 222 743 296 763; x_wconf 86' lang='lat' dir='ltr'>nem</span> <span class='ocrx_word' id='word_1_90' title='bbox 327 739 359 763; x_wconf 89' lang='lat' dir='ltr'>et</span> <span class='ocrx_word' id='word_1_91' title='bbox 389 733 529 763; x_wconf 86' lang='lat' dir='ltr'>dominia</span> <span class='ocrx_word' id='word_1_92' title='bbox 561 732 736 772; x_wconf 78' lang='lat' dir='ltr'><strong>approbat.</strong></span> <span class='ocrx_word' id='word_1_93' title='bbox 782 730 908 771; x_wconf 83' lang='lat' dir='ltr'>Estque</span> <span class='ocrx_word' id='word_1_94' title='bbox 937 730 1087 760; x_wconf 81' lang='lat' dir='ltr'>doctrina</span> <span class='ocrx_word' id='word_1_95' title='bbox 1110 728 1200 759; x_wconf 89' lang='lat' dir='ltr'>utilis</span> <span class='ocrx_word' id='word_1_96' title='bbox 1252 727 1325 758; x_wconf 85' lang='lat' dir='ltr'>Non</span> <span class='ocrx_word' id='word_1_97' title='bbox 1350 728 1449 769; x_wconf 85' lang='lat' dir='ltr'>igitur</span> <span class='ocrx_word' id='word_1_98' title='bbox 1472 726 1625 768; x_wconf 79' lang='lat' dir='ltr'>prohibet</span> <span class='ocrx_word' id='word_1_99' title='bbox 1649 738 1725 757; x_wconf 83' lang='lat' dir='ltr'>esse</span> <span class='ocrx_word' id='word_1_100' title='bbox 1749 728 1878 759; x_wconf 85' lang='lat' dir='ltr'>divites.</span> <span class='ocrx_word' id='word_1_101' title='bbox 1923 727 1965 758; x_wconf 87' lang='lat' dir='ltr'>Et</span> <span class='ocrx_word' id='word_1_102' title='bbox 1984 728 2014 758; x_wconf 87' lang='lat' dir='ltr'>in</span> <span class='ocrx_word' id='word_1_103' title='bbox 2041 738 2163 759; x_wconf 57' lang='lat' dir='ltr'>o*enere</span> <span class='ocrx_word' id='word_1_104' title='bbox 2186 734 2232 759; x_wconf 88' lang='lat' dir='ltr'>te-</span> 
     </span>
     <span class='ocr_line' id='line_1_12' title="bbox 223 752 2232 815; baseline -0.002 -9"><span class='ocrx_word' id='word_1_105' title='bbox 223 777 455 809; x_wconf 77' lang='lat' dir='ltr'>eonscientiae,</span> <span class='ocrx_word' id='word_1_106' title='bbox 479 773 677 815; x_wconf 71' lang='lat' dir='ltr'>intelligere,</span> <span class='ocrx_word' id='word_1_107' title='bbox 700 774 788 815; x_wconf 89' lang='lat' dir='ltr'>quod</span> <span class='ocrx_word' id='word_1_108' title='bbox 801 772 876 804; x_wconf 86' lang='lat' dir='ltr'>Deo</span> <span class='ocrx_word' id='word_1_109' title='bbox 895 771 1024 813; x_wconf 70' lang='lat' dir='ltr'>placeat</span> <span class='ocrx_word' id='word_1_110' title='bbox 1043 772 1127 802; x_wconf 85' lang='lat' dir='ltr'>haec</span> <span class='ocrx_word' id='word_1_111' title='bbox 1146 782 1200 802; x_wconf 84' lang='lat' dir='ltr'>ex·</span> <span class='ocrx_word' id='word_1_112' title='bbox 1253 771 1360 801; x_wconf 85' lang='lat' dir='ltr'>nenda</span> <span class='ocrx_word' id='word_1_113' title='bbox 1375 776 1426 800; x_wconf 87' lang='lat' dir='ltr'>est</span> <span class='ocrx_word' id='word_1_114' title='bbox 1438 769 1564 811; x_wconf 71' lang='lat' dir='ltr'>regula,</span> <span class='ocrx_word' id='word_1_115' title='bbox 1579 771 1665 811; x_wconf 88' lang='lat' dir='ltr'>quod</span> <span class='ocrx_word' id='word_1_116' title='bbox 1676 767 1893 812; x_wconf 83' lang='lat' dir='ltr'>Evangelium</span> <span class='ocrx_word' id='word_1_117' title='bbox 1906 781 1970 801; x_wconf 88' lang='lat' dir='ltr'>non</span> <span class='ocrx_word' id='word_1_118' title='bbox 1985 752 2116 801; x_wconf 43' lang='lat' dir='ltr'>aboffeat</span> <span class='ocrx_word' id='word_1_119' title='bbox 2126 769 2232 811; x_wconf 87' lang='lat' dir='ltr'>politi-</span> 
     </span>
     <span class='ocr_line' id='line_1_13' title="bbox 222 813 2230 859; baseline -0.002 -10"><span class='ocrx_word' id='word_1_120' title='bbox 222 826 317 850; x_wconf 83' lang='lat' dir='ltr'>terna</span> <span class='ocrx_word' id='word_1_121' title='bbox 352 824 382 849; x_wconf 87' lang='lat' dir='ltr'>et</span> <span class='ocrx_word' id='word_1_122' title='bbox 418 817 551 859; x_wconf 86' lang='lat' dir='ltr'>politica</span> <span class='ocrx_word' id='word_1_123' title='bbox 587 817 751 847; x_wconf 87' lang='lat' dir='ltr'>ordinatio</span> <span class='ocrx_word' id='word_1_124' title='bbox 791 816 1007 847; x_wconf 77' lang='lat' dir='ltr'>distinctionis</span> <span class='ocrx_word' id='word_1_125' title='bbox 1042 814 1201 845; x_wconf 89' lang='lat' dir='ltr'>dominio·</span> <span class='ocrx_word' id='word_1_126' title='bbox 1254 823 1311 844; x_wconf 85' lang='lat' dir='ltr'>cas</span> <span class='ocrx_word' id='word_1_127' title='bbox 1324 814 1559 843; x_wconf 86' lang='lat' dir='ltr'>ordinationes.</span> <span class='ocrx_word' id='word_1_128' title='bbox 1573 813 1714 843; x_wconf 85' lang='lat' dir='ltr'>Pertinet</span> <span class='ocrx_word' id='word_1_129' title='bbox 1729 820 1835 844; x_wconf 63' lang='lat' dir='ltr'>sutem</span> <span class='ocrx_word' id='word_1_130' title='bbox 1850 819 1879 844; x_wconf 92' lang='lat' dir='ltr'>et</span> <span class='ocrx_word' id='word_1_131' title='bbox 1894 814 2230 844; x_wconf 82' lang='lat' dir='ltr'>distinctiodominio-</span> 
     </span>
     <span class='ocr_line' id='line_1_14' title="bbox 221 854 2232 900; baseline -0.002 -8"><span class='ocrx_word' id='word_1_132' title='bbox 221 872 304 892; x_wconf 89' lang='lat' dir='ltr'>rum.</span> <span class='ocrx_word' id='word_1_133' title='bbox 349 861 495 892; x_wconf 82' lang='lat' dir='ltr'>Econtra</span> <span class='ocrx_word' id='word_1_134' title='bbox 518 860 669 900; x_wconf 87' lang='lat' dir='ltr'>prohibet</span> <span class='ocrx_word' id='word_1_135' title='bbox 689 860 797 889; x_wconf 80' lang='lat' dir='ltr'>omnia</span> <span class='ocrx_word' id='word_1_136' title='bbox 819 859 908 895; x_wconf 83' lang='lat' dir='ltr'>vitia,</span> <span class='ocrx_word' id='word_1_137' title='bbox 934 858 1114 899; x_wconf 74' lang='lat' dir='ltr'>pugnantia</span> <span class='ocrx_word' id='word_1_138' title='bbox 1128 867 1201 888; x_wconf 78' lang='lat' dir='ltr'>cuin</span> <span class='ocrx_word' id='word_1_139' title='bbox 1252 866 1322 886; x_wconf 86' lang='lat' dir='ltr'>rum</span> <span class='ocrx_word' id='word_1_140' title='bbox 1336 856 1375 885; x_wconf 86' lang='lat' dir='ltr'>ad</span> <span class='ocrx_word' id='word_1_141' title='bbox 1390 854 1542 896; x_wconf 83' lang='lat' dir='ltr'>politicas</span> <span class='ocrx_word' id='word_1_142' title='bbox 1556 856 1787 887; x_wconf 69' lang='lat' dir='ltr'>ordinationes.</span> <span class='ocrx_word' id='word_1_143' title='bbox 1812 858 1887 887; x_wconf 86' lang='lat' dir='ltr'>ltem</span> <span class='ocrx_word' id='word_1_144' title='bbox 1901 855 2117 897; x_wconf 82' lang='lat' dir='ltr'>Evangelium</span> <span class='ocrx_word' id='word_1_145' title='bbox 2130 862 2232 888; x_wconf 79' lang='lat' dir='ltr'>vocat</span> 
     </span>
     <span class='ocr_line' id='line_1_15' title="bbox 222 897 2230 942; baseline -0.002 -8"><span class='ocrx_word' id='word_1_146' title='bbox 222 905 286 935; x_wconf 86' lang='lat' dir='ltr'>hac</span> <span class='ocrx_word' id='word_1_147' title='bbox 311 904 529 940; x_wconf 72' lang='lat' dir='ltr'>ordinatione,</span> <span class='ocrx_word' id='word_1_148' title='bbox 553 901 650 939; x_wconf 72' lang='lat' dir='ltr'>furca,</span> <span class='ocrx_word' id='word_1_149' title='bbox 676 903 819 942; x_wconf 77' lang='lat' dir='ltr'>rapinas,</span> <span class='ocrx_word' id='word_1_150' title='bbox 843 898 1199 937; x_wconf 76' lang='lat' dir='ltr'>iniustoscontractus,</span> <span class='ocrx_word' id='word_1_151' title='bbox 1252 899 1292 928; x_wconf 88' lang='lat' dir='ltr'>ad</span> <span class='ocrx_word' id='word_1_152' title='bbox 1308 897 1472 929; x_wconf 75' lang='lat' dir='ltr'>Christum</span> <span class='ocrx_word' id='word_1_153' title='bbox 1483 898 1593 940; x_wconf 77' lang='lat' dir='ltr'>Reges</span> <span class='ocrx_word' id='word_1_154' title='bbox 1608 906 1634 929; x_wconf 88' lang='lat' dir='ltr'>et</span> <span class='ocrx_word' id='word_1_155' title='bbox 1648 898 1832 939; x_wconf 83' lang='lat' dir='ltr'>Principes,</span> <span class='ocrx_word' id='word_1_156' title='bbox 1846 905 2015 929; x_wconf 82' lang='lat' dir='ltr'>manentes</span> <span class='ocrx_word' id='word_1_157' title='bbox 2029 900 2058 929; x_wconf 91' lang='lat' dir='ltr'>in</span> <span class='ocrx_word' id='word_1_158' title='bbox 2073 899 2230 940; x_wconf 86' lang='lat' dir='ltr'>imperiis.</span> 
     </span>
     <span class='ocr_line' id='line_1_16' title="bbox 223 941 2232 987; baseline -0.002 -9"><span class='ocrx_word' id='word_1_159' title='bbox 223 954 253 978; x_wconf 89' lang='lat' dir='ltr'>et</span> <span class='ocrx_word' id='word_1_160' title='bbox 290 957 505 987; x_wconf 80' lang='lat' dir='ltr'>quascunque</span> <span class='ocrx_word' id='word_1_161' title='bbox 541 944 758 986; x_wconf 65' lang='lat' dir='ltr'>expilationes</span> <span class='ocrx_word' id='word_1_162' title='bbox 793 946 938 985; x_wconf 75' lang='lat' dir='ltr'>privatas</span> <span class='ocrx_word' id='word_1_163' title='bbox 973 950 1005 973; x_wconf 83' lang='lat' dir='ltr'>et</span> <span class='ocrx_word' id='word_1_164' title='bbox 1037 941 1200 984; x_wconf 72' lang='lat' dir='ltr'>publicas,</span> <span class='ocrx_word' id='word_1_165' title='bbox 1252 941 1343 971; x_wconf 81' lang='lat' dir='ltr'>Licet</span> <span class='ocrx_word' id='word_1_166' title='bbox 1368 942 1465 983; x_wconf 82' lang='lat' dir='ltr'>igitur</span> <span class='ocrx_word' id='word_1_167' title='bbox 1484 952 1558 972; x_wconf 84' lang='lat' dir='ltr'>esse</span> <span class='ocrx_word' id='word_1_168' title='bbox 1582 942 1710 972; x_wconf 75' lang='lat' dir='ltr'>divites.</span> <span class='ocrx_word' id='word_1_169' title='bbox 1756 942 1820 973; x_wconf 88' lang='lat' dir='ltr'>Sed</span> <span class='ocrx_word' id='word_1_170' title='bbox 1846 941 1960 982; x_wconf 77' lang='lat' dir='ltr'>regula</span> <span class='ocrx_word' id='word_1_171' title='bbox 1974 941 2162 973; x_wconf 79' lang='lat' dir='ltr'>Salomonis</span> <span class='ocrx_word' id='word_1_172' title='bbox 2187 948 2232 973; x_wconf 83' lang='lat' dir='ltr'>te·</span> 
     </span>
     <span class='ocr_line' id='line_1_17' title="bbox 222 984 2232 1028; baseline -0.002 -8"><span class='ocrx_word' id='word_1_173' title='bbox 222 990 463 1020; x_wconf 72' lang='lat' dir='ltr'>mendicitatem</span> <span class='ocrx_word' id='word_1_174' title='bbox 488 999 552 1018; x_wconf 90' lang='lat' dir='ltr'>non</span> <span class='ocrx_word' id='word_1_175' title='bbox 579 988 812 1023; x_wconf 77' lang='lat' dir='ltr'>necessariam,</span> <span class='ocrx_word' id='word_1_176' title='bbox 832 986 1066 1028; x_wconf 63' lang='lat' dir='ltr'>negligentiam</span> <span class='ocrx_word' id='word_1_177' title='bbox 1090 986 1120 1015; x_wconf 88' lang='lat' dir='ltr'>in</span> <span class='ocrx_word' id='word_1_178' title='bbox 1146 995 1200 1016; x_wconf 92' lang='lat' dir='ltr'>cu·</span> <span class='ocrx_word' id='word_1_179' title='bbox 1252 985 1360 1014; x_wconf 84' lang='lat' dir='ltr'>nenda</span> <span class='ocrx_word' id='word_1_180' title='bbox 1384 990 1446 1022; x_wconf 79' lang='lat' dir='ltr'>est,</span> <span class='ocrx_word' id='word_1_181' title='bbox 1470 985 1523 1025; x_wconf 86' lang='lat' dir='ltr'>qui</span> <span class='ocrx_word' id='word_1_182' title='bbox 1547 985 1604 1015; x_wconf 83' lang='lat' dir='ltr'>ait:</span> <span class='ocrx_word' id='word_1_183' title='bbox 1642 984 1763 1015; x_wconf 79' lang='lat' dir='ltr'>Fontes·</span> <span class='ocrx_word' id='word_1_184' title='bbox 1794 985 1837 1015; x_wconf 90' lang='lat' dir='ltr'>tui</span> <span class='ocrx_word' id='word_1_185' title='bbox 1862 985 2051 1015; x_wconf 79' lang='lat' dir='ltr'>deriventur</span> <span class='ocrx_word' id='word_1_186' title='bbox 2075 984 2178 1022; x_wconf 72' lang='lat' dir='ltr'>soraS,</span> <span class='ocrx_word' id='word_1_187' title='bbox 2201 991 2232 1016; x_wconf 87' lang='lat' dir='ltr'>et</span> 
     </span>
     <span class='ocr_line' id='line_1_18' title="bbox 222 1027 2232 1070; baseline -0.003 -7"><span class='ocrx_word' id='word_1_188' title='bbox 222 1033 335 1063; x_wconf 80' lang='lat' dir='ltr'>randis</span> <span class='ocrx_word' id='word_1_189' title='bbox 360 1031 573 1062; x_wconf 85' lang='lat' dir='ltr'>facultatibus</span> <span class='ocrx_word' id='word_1_190' title='bbox 593 1031 689 1060; x_wconf 80' lang='lat' dir='ltr'>nobis</span> <span class='ocrx_word' id='word_1_191' title='bbox 709 1030 912 1064; x_wconf 58' lang='lat' dir='ltr'>commissis„</span> <span class='ocrx_word' id='word_1_192' title='bbox 936 1027 1199 1070; x_wconf 69' lang='lat' dir='ltr'>prodigalitatem</span> <span class='ocrx_word' id='word_1_193' title='bbox 1253 1033 1285 1057; x_wconf 80' lang='lat' dir='ltr'>tu</span> <span class='ocrx_word' id='word_1_194' title='bbox 1310 1027 1462 1057; x_wconf 87' lang='lat' dir='ltr'>dominus</span> <span class='ocrx_word' id='word_1_195' title='bbox 1487 1037 1599 1058; x_wconf 88' lang='lat' dir='ltr'>eorum</span> <span class='ocrx_word' id='word_1_196' title='bbox 1623 1033 1705 1058; x_wconf 77' lang='lat' dir='ltr'>esto.</span> <span class='ocrx_word' id='word_1_197' title='bbox 1754 1027 1823 1057; x_wconf 84' lang='lat' dir='ltr'>Hac</span> <span class='ocrx_word' id='word_1_198' title='bbox 1842 1027 1948 1068; x_wconf 78' lang='lat' dir='ltr'>figura</span> <span class='ocrx_word' id='word_1_199' title='bbox 1977 1028 2078 1069; x_wconf 75' lang='lat' dir='ltr'>pingit</span> <span class='ocrx_word' id='word_1_200' title='bbox 2102 1033 2133 1058; x_wconf 89' lang='lat' dir='ltr'>et</span> <span class='ocrx_word' id='word_1_201' title='bbox 2157 1038 2232 1068; x_wconf 89' lang='lat' dir='ltr'>pro-</span> 
     </span>
     <span class='ocr_line' id='line_1_19' title="bbox 222 1069 2232 1115; baseline -0.003 -10"><span class='ocrx_word' id='word_1_202' title='bbox 222 1082 252 1105; x_wconf 86' lang='lat' dir='ltr'>et</span> <span class='ocrx_word' id='word_1_203' title='bbox 277 1074 488 1115; x_wconf 67' lang='lat' dir='ltr'>profusiones</span> <span class='ocrx_word' id='word_1_204' title='bbox 512 1069 541 1104; x_wconf 81' lang='lat' dir='ltr'>et</span> <span class='ocrx_word' id='word_1_205' title='bbox 567 1072 873 1113; x_wconf 78' lang='lat' dir='ltr'>sumptusinutiles⁷</span> <span class='ocrx_word' id='word_1_206' title='bbox 891 1070 1109 1111; x_wconf 69' lang='lat' dir='ltr'>corruptelas,</span> <span class='ocrx_word' id='word_1_207' title='bbox 1133 1071 1201 1111; x_wconf 77' lang='lat' dir='ltr'>qui·</span> <span class='ocrx_word' id='word_1_208' title='bbox 1253 1070 1423 1109; x_wconf 78' lang='lat' dir='ltr'>prietatem</span> <span class='ocrx_word' id='word_1_209' title='bbox 1457 1080 1566 1100; x_wconf 87' lang='lat' dir='ltr'>rerum</span> <span class='ocrx_word' id='word_1_210' title='bbox 1601 1076 1633 1100; x_wconf 90' lang='lat' dir='ltr'>et</span> <span class='ocrx_word' id='word_1_211' title='bbox 1667 1069 1908 1111; x_wconf 79' lang='lat' dir='ltr'>eleemosynas.</span> <span class='ocrx_word' id='word_1_212' title='bbox 1967 1069 2009 1101; x_wconf 89' lang='lat' dir='ltr'>Ut</span> <span class='ocrx_word' id='word_1_213' title='bbox 2044 1071 2129 1101; x_wconf 83' lang='lat' dir='ltr'>enim</span> <span class='ocrx_word' id='word_1_214' title='bbox 2160 1069 2232 1101; x_wconf 73' lang='lat' dir='ltr'>aliis</span> 
     </span>
     <span class='ocr_line' id='line_1_20' title="bbox 223 1111 2232 1157; baseline -0.002 -9"><span class='ocrx_word' id='word_1_215' title='bbox 223 1119 287 1148; x_wconf 84' lang='lat' dir='ltr'>bus</span> <span class='ocrx_word' id='word_1_216' title='bbox 312 1124 462 1148; x_wconf 85' lang='lat' dir='ltr'>emuntur</span> <span class='ocrx_word' id='word_1_217' title='bbox 485 1117 665 1157; x_wconf 83' lang='lat' dir='ltr'>patrocinia</span> <span class='ocrx_word' id='word_1_218' title='bbox 691 1116 721 1146; x_wconf 94' lang='lat' dir='ltr'>in</span> <span class='ocrx_word' id='word_1_219' title='bbox 747 1114 840 1145; x_wconf 74' lang='lat' dir='ltr'>malis</span> <span class='ocrx_word' id='word_1_220' title='bbox 875 1116 998 1152; x_wconf 75' lang='lat' dir='ltr'>causis,</span> <span class='ocrx_word' id='word_1_221' title='bbox 1030 1114 1201 1144; x_wconf 78' lang='lat' dir='ltr'>mercedes</span> <span class='ocrx_word' id='word_1_222' title='bbox 1253 1113 1477 1149; x_wconf 59' lang='lat' dir='ltr'>com-editum,</span> <span class='ocrx_word' id='word_1_223' title='bbox 1501 1118 1536 1142; x_wconf 89' lang='lat' dir='ltr'>ut</span> <span class='ocrx_word' id='word_1_224' title='bbox 1560 1123 1599 1143; x_wconf 80' lang='lat' dir='ltr'>ex</span> <span class='ocrx_word' id='word_1_225' title='bbox 1623 1111 1714 1143; x_wconf 86' lang='lat' dir='ltr'>fonte</span> <span class='ocrx_word' id='word_1_226' title='bbox 1737 1120 1854 1143; x_wconf 86' lang='lat' dir='ltr'>nostro</span> <span class='ocrx_word' id='word_1_227' title='bbox 1872 1112 2023 1143; x_wconf 84' lang='lat' dir='ltr'>hauriant</span> <span class='ocrx_word' id='word_1_228' title='bbox 2036 1123 2152 1154; x_wconf 83' lang='lat' dir='ltr'>aquas,</span> <span class='ocrx_word' id='word_1_229' title='bbox 2178 1119 2232 1144; x_wconf 86' lang='lat' dir='ltr'>aut</span> 
     </span>
     <span class='ocr_line' id='line_1_21' title="bbox 223 1154 2232 1199; baseline -0.002 -9"><span class='ocrx_word' id='word_1_230' title='bbox 223 1161 373 1197; x_wconf 75' lang='lat' dir='ltr'>iniustas,</span> <span class='ocrx_word' id='word_1_231' title='bbox 398 1161 596 1199; x_wconf 67' lang='lat' dir='ltr'>imposturas</span> <span class='ocrx_word' id='word_1_232' title='bbox 628 1160 659 1188; x_wconf 91' lang='lat' dir='ltr'>in</span> <span class='ocrx_word' id='word_1_233' title='bbox 684 1158 850 1189; x_wconf 75' lang='lat' dir='ltr'>mercibus</span> <span class='ocrx_word' id='word_1_234' title='bbox 874 1164 937 1188; x_wconf 82' lang='lat' dir='ltr'>etc.</span> <span class='ocrx_word' id='word_1_235' title='bbox 983 1157 1053 1188; x_wconf 89' lang='lat' dir='ltr'>Nec</span> <span class='ocrx_word' id='word_1_236' title='bbox 1078 1162 1201 1186; x_wconf 85' lang='lat' dir='ltr'>tantum</span> <span class='ocrx_word' id='word_1_237' title='bbox 1254 1156 1420 1186; x_wconf 81' lang='lat' dir='ltr'>deducant</span> <span class='ocrx_word' id='word_1_238' title='bbox 1445 1154 1582 1193; x_wconf 78' lang='lat' dir='ltr'>rivulos,</span> <span class='ocrx_word' id='word_1_239' title='bbox 1618 1157 1663 1185; x_wconf 84' lang='lat' dir='ltr'>ita</span> <span class='ocrx_word' id='word_1_240' title='bbox 1682 1163 1802 1193; x_wconf 65' lang='lat' dir='ltr'>tamem</span> <span class='ocrx_word' id='word_1_241' title='bbox 1826 1161 1861 1185; x_wconf 92' lang='lat' dir='ltr'>ut</span> <span class='ocrx_word' id='word_1_242' title='bbox 1886 1166 1945 1186; x_wconf 92' lang='lat' dir='ltr'>nos</span> <span class='ocrx_word' id='word_1_243' title='bbox 1970 1154 2072 1186; x_wconf 83' lang='lat' dir='ltr'>sontis</span> <span class='ocrx_word' id='word_1_244' title='bbox 2097 1157 2232 1186; x_wconf 90' lang='lat' dir='ltr'>domini-</span> 
     </span>
     <span class='ocr_line' id='line_1_22' title="bbox 223 1188 2234 1243; baseline -0.001 -10"><span class='ocrx_word' id='word_1_245' title='bbox 223 1204 387 1234; x_wconf 78' lang='lat' dir='ltr'>exteriora</span> <span class='ocrx_word' id='word_1_246' title='bbox 407 1201 496 1233; x_wconf 84' lang='lat' dir='ltr'>sacta</span> <span class='ocrx_word' id='word_1_247' title='bbox 515 1202 741 1243; x_wconf 75' lang='lat' dir='ltr'>prohibentur,</span> <span class='ocrx_word' id='word_1_248' title='bbox 777 1202 834 1231; x_wconf 85' lang='lat' dir='ltr'>sed</span> <span class='ocrx_word' id='word_1_249' title='bbox 860 1201 956 1231; x_wconf 84' lang='lat' dir='ltr'>etiam</span> <span class='ocrx_word' id='word_1_250' title='bbox 975 1200 1132 1230; x_wconf 79' lang='lat' dir='ltr'>interiora</span> <span class='ocrx_word' id='word_1_251' title='bbox 1157 1199 1201 1229; x_wconf 86' lang='lat' dir='ltr'>vi·</span> <span class='ocrx_word' id='word_1_252' title='bbox 1253 1209 1306 1228; x_wconf 91' lang='lat' dir='ltr'>um</span> <span class='ocrx_word' id='word_1_253' title='bbox 1337 1199 1547 1235; x_wconf 79' lang='lat' dir='ltr'>retineamus,</span> <span class='ocrx_word' id='word_1_254' title='bbox 1582 1198 1631 1227; x_wconf 87' lang='lat' dir='ltr'>sic</span> <span class='ocrx_word' id='word_1_255' title='bbox 1665 1188 1705 1228; x_wconf 67' lang='lat' dir='ltr'>ei&lt;</span> <span class='ocrx_word' id='word_1_256' title='bbox 1739 1197 1901 1228; x_wconf 90' lang='lat' dir='ltr'>fructibus</span> <span class='ocrx_word' id='word_1_257' title='bbox 1926 1199 2030 1228; x_wconf 85' lang='lat' dir='ltr'>nostri</span> <span class='ocrx_word' id='word_1_258' title='bbox 2053 1200 2234 1239; x_wconf 79' lang='lat' dir='ltr'>patrimonii</span> 
     </span>
     <span class='ocr_line' id='line_1_23' title="bbox 222 1239 2234 1284; baseline -0.002 -8"><span class='ocrx_word' id='word_1_259' title='bbox 222 1247 279 1282; x_wconf 76' lang='lat' dir='ltr'>tia,</span> <span class='ocrx_word' id='word_1_260' title='bbox 303 1245 452 1281; x_wconf 79' lang='lat' dir='ltr'>avaritia,</span> <span class='ocrx_word' id='word_1_261' title='bbox 478 1250 506 1275; x_wconf 80' lang='lat' dir='ltr'>ei</span> <span class='ocrx_word' id='word_1_262' title='bbox 532 1246 637 1275; x_wconf 84' lang='lat' dir='ltr'>omnis</span> <span class='ocrx_word' id='word_1_263' title='bbox 662 1245 822 1284; x_wconf 74' lang='lat' dir='ltr'>cupiditas</span> <span class='ocrx_word' id='word_1_264' title='bbox 846 1244 955 1274; x_wconf 82' lang='lat' dir='ltr'>iniusti</span> <span class='ocrx_word' id='word_1_265' title='bbox 975 1242 1055 1273; x_wconf 89' lang='lat' dir='ltr'>lucri</span> <span class='ocrx_word' id='word_1_266' title='bbox 1069 1248 1101 1273; x_wconf 90' lang='lat' dir='ltr'>et</span> <span class='ocrx_word' id='word_1_267' title='bbox 1113 1244 1201 1272; x_wconf 75' lang='grc' dir='ltr'><em>πλεο-</em></span> <span class='ocrx_word' id='word_1_268' title='bbox 1255 1241 1489 1281; x_wconf 84' lang='lat' dir='ltr'>congerendae</span> <span class='ocrx_word' id='word_1_269' title='bbox 1523 1247 1599 1271; x_wconf 89' lang='lat' dir='ltr'>sunt</span> <span class='ocrx_word' id='word_1_270' title='bbox 1623 1239 1876 1282; x_wconf 65' lang='lat' dir='ltr'>eleemosynae,</span> <span class='ocrx_word' id='word_1_271' title='bbox 1910 1242 1952 1271; x_wconf 85' lang='lat' dir='ltr'>ita</span> <span class='ocrx_word' id='word_1_272' title='bbox 1973 1247 2080 1272; x_wconf 85' lang='lat' dir='ltr'>tamen</span> <span class='ocrx_word' id='word_1_273' title='bbox 2105 1248 2139 1272; x_wconf 85' lang='lat' dir='ltr'>ut</span> <span class='ocrx_word' id='word_1_274' title='bbox 2154 1240 2234 1272; x_wconf 70' lang='lat' dir='ltr'>fun—</span> 
     </span>
     <span class='ocr_line' id='line_1_24' title="bbox 222 1282 2234 1327; baseline -0.001 -10"><span class='ocrx_word' id='word_1_275' title='bbox 222 1288 422 1327; x_wconf 66' lang='grc' dir='ltr'>νεκτημιὶῐωνς</span> <span class='ocrx_word' id='word_1_276' title='bbox 447 1288 606 1318; x_wconf 82' lang='lat' dir='ltr'>tenacitas</span> <span class='ocrx_word' id='word_1_277' title='bbox 629 1288 661 1317; x_wconf 90' lang='lat' dir='ltr'>in</span> <span class='ocrx_word' id='word_1_278' title='bbox 677 1287 1006 1317; x_wconf 76' lang='lat' dir='ltr'>dandisnecessariis</span> <span class='ocrx_word' id='word_1_279' title='bbox 1020 1286 1202 1326; x_wconf 75' lang='lat' dir='ltr'>eleemosy-</span> <span class='ocrx_word' id='word_1_280' title='bbox 1255 1284 1316 1313; x_wconf 81' lang='lat' dir='ltr'>dus</span> <span class='ocrx_word' id='word_1_281' title='bbox 1340 1284 1435 1315; x_wconf 85' lang='lat' dir='ltr'>nobis</span> <span class='ocrx_word' id='word_1_282' title='bbox 1459 1285 1500 1314; x_wconf 83' lang='lat' dir='ltr'>sit</span> <span class='ocrx_word' id='word_1_283' title='bbox 1526 1282 1659 1321; x_wconf 80' lang='lat' dir='ltr'>salvus,</span> <span class='ocrx_word' id='word_1_284' title='bbox 1694 1294 1754 1314; x_wconf 80' lang='lat' dir='ltr'>seu</span> <span class='ocrx_word' id='word_1_285' title='bbox 1776 1290 1810 1314; x_wconf 89' lang='lat' dir='ltr'>ut</span> <span class='ocrx_word' id='word_1_286' title='bbox 1830 1287 1872 1314; x_wconf 74' lang='lat' dir='ltr'>sit</span> <span class='ocrx_word' id='word_1_287' title='bbox 1895 1283 2058 1315; x_wconf 83' lang='lat' dir='ltr'>incolume</span> <span class='ocrx_word' id='word_1_288' title='bbox 2080 1285 2234 1325; x_wconf 87' lang='lat' dir='ltr'>patrimo·</span> 
     </span>
     <span class='ocr_line' id='line_1_25' title="bbox 222 1325 2234 1369; baseline -0.001 -8"><span class='ocrx_word' id='word_1_289' title='bbox 222 1332 285 1368; x_wconf 79' lang='lat' dir='ltr'>nis,</span> <span class='ocrx_word' id='word_1_290' title='bbox 320 1332 351 1360; x_wconf 92' lang='lat' dir='ltr'>in</span> <span class='ocrx_word' id='word_1_291' title='bbox 376 1331 515 1361; x_wconf 86' lang='lat' dir='ltr'>iuvanda</span> <span class='ocrx_word' id='word_1_292' title='bbox 540 1329 693 1361; x_wconf 79' lang='lat' dir='ltr'>Ecclesia</span> <span class='ocrx_word' id='word_1_293' title='bbox 717 1336 749 1360; x_wconf 91' lang='lat' dir='ltr'>et.</span> <span class='ocrx_word' id='word_1_294' title='bbox 771 1328 953 1369; x_wconf 84' lang='lat' dir='ltr'>Republica</span> <span class='ocrx_word' id='word_1_295' title='bbox 978 1335 1146 1369; x_wconf 86' lang='lat' dir='ltr'>postremo</span> <span class='ocrx_word' id='word_1_296' title='bbox 1171 1333 1201 1358; x_wconf 89' lang='lat' dir='ltr'>et</span> <span class='ocrx_word' id='word_1_297' title='bbox 1254 1328 1353 1357; x_wconf 83' lang='lat' dir='ltr'>nium.</span> <span class='ocrx_word' id='word_1_298' title='bbox 1400 1326 1483 1357; x_wconf 86' lang='lat' dir='ltr'>Nam</span> <span class='ocrx_word' id='word_1_299' title='bbox 1502 1325 1759 1368; x_wconf 84' lang='lat' dir='ltr'>etReipublicae</span> <span class='ocrx_word' id='word_1_300' title='bbox 1775 1336 1877 1357; x_wconf 82' lang='lat' dir='ltr'>causa</span> <span class='ocrx_word' id='word_1_301' title='bbox 1896 1337 1981 1367; x_wconf 86' lang='lat' dir='ltr'>opus</span> <span class='ocrx_word' id='word_1_302' title='bbox 2000 1333 2048 1358; x_wconf 87' lang='lat' dir='ltr'>est</span> <span class='ocrx_word' id='word_1_303' title='bbox 2066 1337 2141 1358; x_wconf 79' lang='lat' dir='ltr'>esse</span> <span class='ocrx_word' id='word_1_304' title='bbox 2155 1326 2234 1358; x_wconf 91' lang='lat' dir='ltr'>mul·</span> 
     </span>
     <span class='ocr_line' id='line_1_26' title="bbox 222 1369 2234 1413; baseline -0.002 -9"><span class='ocrx_word' id='word_1_305' title='bbox 222 1372 382 1404; x_wconf 88' lang='lat' dir='ltr'>naturalis</span> <span class='ocrx_word' id='word_1_306' title='bbox 406 1373 677 1413; x_wconf 76' lang='lat' dir='ltr'>concupiscentia</span> <span class='ocrx_word' id='word_1_307' title='bbox 700 1382 889 1413; x_wconf 77' lang='lat' dir='ltr'>repugnans</span> <span class='ocrx_word' id='word_1_308' title='bbox 914 1372 989 1402; x_wconf 90' lang='lat' dir='ltr'>huic</span> <span class='ocrx_word' id='word_1_309' title='bbox 1012 1376 1202 1412; x_wconf 86' lang='lat' dir='ltr'>praecepto.</span> <span class='ocrx_word' id='word_1_310' title='bbox 1255 1376 1309 1401; x_wconf 74' lang='lat' dir='ltr'>tos</span> <span class='ocrx_word' id='word_1_311' title='bbox 1341 1370 1468 1400; x_wconf 71' lang='lat' dir='ltr'>divites.</span> <span class='ocrx_word' id='word_1_312' title='bbox 1514 1369 1615 1410; x_wconf 78' lang='lat' dir='ltr'>Igitur</span> <span class='ocrx_word' id='word_1_313' title='bbox 1645 1375 1785 1410; x_wconf 87' lang='lat' dir='ltr'>utraque</span> <span class='ocrx_word' id='word_1_314' title='bbox 1819 1371 1922 1401; x_wconf 88' lang='lat' dir='ltr'>virtus</span> <span class='ocrx_word' id='word_1_315' title='bbox 1958 1371 2148 1400; x_wconf 87' lang='lat' dir='ltr'>necessaria</span> <span class='ocrx_word' id='word_1_316' title='bbox 2173 1376 2234 1408; x_wconf 86' lang='lat' dir='ltr'>est,</span> 
     </span>
     <span class='ocr_line' id='line_1_27' title="bbox 223 1412 2233 1454; baseline -0.001 -8"><span class='ocrx_word' id='word_1_317' title='bbox 223 1415 345 1447; x_wconf 81' lang='lat' dir='ltr'>Haeret</span> <span class='ocrx_word' id='word_1_318' title='bbox 370 1416 454 1446; x_wconf 89' lang='lat' dir='ltr'>enim</span> <span class='ocrx_word' id='word_1_319' title='bbox 478 1416 509 1445; x_wconf 89' lang='lat' dir='ltr'>in</span> <span class='ocrx_word' id='word_1_320' title='bbox 534 1416 651 1445; x_wconf 90' lang='lat' dir='ltr'>animis</span> <span class='ocrx_word' id='word_1_321' title='bbox 676 1413 1046 1451; x_wconf 65' lang='lat' dir='ltr'>hominumdiffidentia,</span> <span class='ocrx_word' id='word_1_322' title='bbox 1072 1424 1134 1454; x_wconf 77' lang='lat' dir='ltr'>qua</span> <span class='ocrx_word' id='word_1_323' title='bbox 1156 1412 1203 1450; x_wconf 80' lang='lat' dir='ltr'>fit,</span> <span class='ocrx_word' id='word_1_324' title='bbox 1255 1413 1455 1453; x_wconf 79' lang='lat' dir='ltr'>parsimonia</span> <span class='ocrx_word' id='word_1_325' title='bbox 1492 1413 1522 1442; x_wconf 90' lang='lat' dir='ltr'>in</span> <span class='ocrx_word' id='word_1_326' title='bbox 1548 1413 1789 1443; x_wconf 78' lang='lat' dir='ltr'>conservandis</span> <span class='ocrx_word' id='word_1_327' title='bbox 1814 1413 2016 1453; x_wconf 86' lang='lat' dir='ltr'>patrimoniis</span> <span class='ocrx_word' id='word_1_328' title='bbox 2042 1420 2070 1443; x_wconf 91' lang='lat' dir='ltr'>et</span> <span class='ocrx_word' id='word_1_329' title='bbox 2092 1412 2233 1444; x_wconf 85' lang='lat' dir='ltr'>liberali-</span> 
     </span>
     <span class='ocr_line' id='line_1_28' title="bbox 222 1454 2134 1498; baseline -0.001 -10"><span class='ocrx_word' id='word_1_330' title='bbox 222 1464 258 1488; x_wconf 92' lang='lat' dir='ltr'>ut</span> <span class='ocrx_word' id='word_1_331' title='bbox 292 1469 357 1489; x_wconf 92' lang='lat' dir='ltr'>non</span> <span class='ocrx_word' id='word_1_332' title='bbox 393 1464 565 1498; x_wconf 78' lang='lat' dir='ltr'>expectent</span> <span class='ocrx_word' id='word_1_333' title='bbox 590 1459 739 1489; x_wconf 88' lang='lat' dir='ltr'>homines</span> <span class='ocrx_word' id='word_1_334' title='bbox 762 1459 881 1488; x_wconf 88' lang='lat' dir='ltr'>victum</span> <span class='ocrx_word' id='word_1_335' title='bbox 906 1464 938 1487; x_wconf 84' lang='lat' dir='ltr'>et.</span> <span class='ocrx_word' id='word_1_336' title='bbox 961 1462 1090 1487; x_wconf 86' lang='lat' dir='ltr'>caetera</span> <span class='ocrx_word' id='word_1_337' title='bbox 1116 1466 1203 1487; x_wconf 86' lang='lat' dir='ltr'>com-</span> <span class='ocrx_word' id='word_1_338' title='bbox 1255 1462 1307 1486; x_wconf 86' lang='lat' dir='ltr'>tas</span> <span class='ocrx_word' id='word_1_339' title='bbox 1330 1457 1362 1486; x_wconf 90' lang='lat' dir='ltr'>in</span> <span class='ocrx_word' id='word_1_340' title='bbox 1385 1454 1564 1497; x_wconf 85' lang='lat' dir='ltr'>largiendis</span> <span class='ocrx_word' id='word_1_341' title='bbox 1587 1454 1819 1497; x_wconf 70' lang='lat' dir='ltr'>eleemosynis,</span> <span class='ocrx_word' id='word_1_342' title='bbox 1842 1456 1901 1486; x_wconf 87' lang='lat' dir='ltr'>sed</span> <span class='ocrx_word' id='word_1_343' title='bbox 1924 1456 2134 1487; x_wconf 84' lang='lat' dir='ltr'>necessariis.</span> 
     </span>
     <span class='ocr_line' id='line_1_29' title="bbox 222 1498 1203 1531; baseline -0.003 0"><span class='ocrx_word' id='word_1_344' title='bbox 222 1502 322 1531; x_wconf 62' lang='lat' dir='ltr'>moda</span> <span class='ocrx_word' id='word_1_345' title='bbox 345 1501 431 1531; x_wconf 74' lang='lat' dir='ltr'>vitae</span> <span class='ocrx_word' id='word_1_346' title='bbox 454 1511 473 1531; x_wconf 85' lang='lat' dir='ltr'>a</span> <span class='ocrx_word' id='word_1_347' title='bbox 498 1500 581 1531; x_wconf 86' lang='lat' dir='ltr'>Deo.</span> <span class='ocrx_word' id='word_1_348' title='bbox 613 1501 692 1531; x_wconf 88' lang='lat' dir='ltr'>Inde</span> <span class='ocrx_word' id='word_1_349' title='bbox 716 1502 819 1530; x_wconf 88' lang='lat' dir='ltr'>oritur</span> <span class='ocrx_word' id='word_1_350' title='bbox 843 1498 1031 1531; x_wconf 87' lang='lat' dir='ltr'>sollicitudo</span> <span class='ocrx_word' id='word_1_351' title='bbox 1051 1500 1091 1529; x_wconf 85' lang='lat' dir='ltr'>de</span> <span class='ocrx_word' id='word_1_352' title='bbox 1114 1499 1203 1529; x_wconf 90' lang='lat' dir='ltr'>victu</span> 
     </span>
     <span class='ocr_line' id='line_1_30' title="bbox 223 1540 1203 1584; baseline -0.003 -10"><span class='ocrx_word' id='word_1_353' title='bbox 223 1550 255 1574; x_wconf 85' lang='lat' dir='ltr'>et</span> <span class='ocrx_word' id='word_1_354' title='bbox 280 1544 431 1580; x_wconf 73' lang='lat' dir='ltr'>fortunis,</span> <span class='ocrx_word' id='word_1_355' title='bbox 455 1554 541 1584; x_wconf 86' lang='lat' dir='ltr'>quae</span> <span class='ocrx_word' id='word_1_356' title='bbox 565 1543 700 1582; x_wconf 83' lang='lat' dir='ltr'>impellit</span> <span class='ocrx_word' id='word_1_357' title='bbox 724 1543 885 1580; x_wconf 71' lang='lat' dir='ltr'>homines,</span> <span class='ocrx_word' id='word_1_358' title='bbox 909 1548 941 1572; x_wconf 92' lang='lat' dir='ltr'>ut</span> <span class='ocrx_word' id='word_1_359' title='bbox 956 1546 1112 1583; x_wconf 86' lang='lat' dir='ltr'>appetant</span> <span class='ocrx_word' id='word_1_360' title='bbox 1126 1540 1203 1571; x_wconf 89' lang='lat' dir='ltr'>alie—</span> 
     </span>
     <span class='ocr_line' id='line_1_31' title="bbox 222 1569 1230 1751; baseline -0.002 -135"><span class='ocrx_word' id='word_1_361' title='bbox 222 1597 277 1623; x_wconf 70' lang='lat' dir='ltr'>na,</span> <span class='ocrx_word' id='word_1_362' title='bbox 302 1593 335 1617; x_wconf 88' lang='lat' dir='ltr'>ut</span> <span class='ocrx_word' id='word_1_363' title='bbox 360 1587 552 1616; x_wconf 72' lang='lat' dir='ltr'>insidientur</span> <span class='ocrx_word' id='word_1_364' title='bbox 575 1585 682 1616; x_wconf 89' lang='lat' dir='ltr'>alieno</span> <span class='ocrx_word' id='word_1_365' title='bbox 706 1596 837 1627; x_wconf 81' lang='lat' dir='ltr'>quoquo</span> <span class='ocrx_word' id='word_1_366' title='bbox 863 1586 959 1616; x_wconf 89' lang='lat' dir='ltr'>modo</span> <span class='ocrx_word' id='word_1_367' title='bbox 983 1590 1114 1625; x_wconf 82' lang='lat' dir='ltr'>queant.</span> <span class='ocrx_word' id='word_1_368' title='bbox 1146 1586 1204 1615; x_wconf 86' lang='lat' dir='ltr'>Ita·</span> <span class='ocrx_word' id='word_1_369' title='bbox 1225 1569 1230 1751; x_wconf 61' lang='grc' dir='ltr'>Ι</span> 
     </span>
     <span class='ocr_line' id='line_1_32' title="bbox 1226 1756 1229 1783; baseline 0 0"><span class='ocrx_word' id='word_1_370' title='bbox 1226 1756 1229 1783; x_wconf 98' lang='grc' dir='ltr'>Ι</span> 
     </span>
     <span class='ocr_line' id='line_1_33' title="bbox 1226 1800 1230 1890; baseline 0 -64"><span class='ocrx_word' id='word_1_371' title='bbox 1226 1800 1230 1890; x_wconf 73' lang='grc' dir='ltr'><strong>ἱ</strong></span> 
     </span>
    </p>
   </div>
   <div class='ocr_carea' id='block_1_6' title="bbox 1225 583 1229 1340">
    <p class='ocr_par' dir='ltr' id='par_1_6' title="bbox 1225 583 1229 1340">
     <span class='ocr_line' id='line_1_34' title="bbox 1225 583 1229 1340; baseline 0 0"><span class='ocrx_word' id='word_1_372' title='bbox 1225 583 1229 1340; x_wconf 95' lang='lat' dir='ltr'> </span> 
     </span>
    </p>
   </div>
   <div class='ocr_carea' id='block_1_7' title="bbox 223 1619 2173 1674">
    <p class='ocr_par' dir='ltr' id='par_1_7' title="bbox 223 1619 2173 1674">
     <span class='ocr_line' id='line_1_35' title="bbox 223 1619 2173 1674; baseline -0.001 -15"><span class='ocrx_word' id='word_1_373' title='bbox 223 1639 288 1670; x_wconf 84' lang='lat' dir='ltr'>que</span> <span class='ocrx_word' id='word_1_374' title='bbox 311 1635 448 1660; x_wconf 83' lang='lat' dir='ltr'>accusat</span> <span class='ocrx_word' id='word_1_375' title='bbox 472 1636 503 1659; x_wconf 86' lang='lat' dir='ltr'>et</span> <span class='ocrx_word' id='word_1_376' title='bbox 527 1629 590 1659; x_wconf 90' lang='lat' dir='ltr'>hoc</span> <span class='ocrx_word' id='word_1_377' title='bbox 615 1635 827 1670; x_wconf 81' lang='lat' dir='ltr'>praeceptum</span> <span class='ocrx_word' id='word_1_378' title='bbox 851 1638 968 1658; x_wconf 83' lang='lat' dir='ltr'>onmes</span> <span class='ocrx_word' id='word_1_379' title='bbox 985 1628 1148 1664; x_wconf 86' lang='lat' dir='ltr'>homines,</span> <span class='ocrx_word' id='word_1_380' title='bbox 1171 1632 1203 1657; x_wconf 87' lang='lat' dir='ltr'>et</span> <span class='ocrx_word' id='word_1_381' title='bbox 1316 1619 1431 1670; x_wconf 77' lang='lat' dir='ltr'>Quae</span> <span class='ocrx_word' id='word_1_382' title='bbox 1463 1626 1557 1660; x_wconf 71' lang='lat' dir='ltr'>suni]</span> <span class='ocrx_word' id='word_1_383' title='bbox 1588 1621 1868 1674; x_wconf 81' lang='lat' dir='ltr'>eleemosynae</span> <span class='ocrx_word' id='word_1_384' title='bbox 1900 1621 2173 1661; x_wconf 77' lang='lat' dir='ltr'>necessariae?</span> 
     </span>
    </p>
   </div>
   <div class='ocr_carea' id='block_1_8' title="bbox 224 1669 2234 2568">
    <p class='ocr_par' dir='ltr' id='par_1_8' title="bbox 224 1669 2234 2568">
     <span class='ocr_line' id='line_1_36' title="bbox 224 1669 1203 1713; baseline -0.003 -11"><span class='ocrx_word' id='word_1_385' title='bbox 224 1673 364 1712; x_wconf 84' lang='lat' dir='ltr'>erumpit</span> <span class='ocrx_word' id='word_1_386' title='bbox 388 1673 658 1713; x_wconf 84' lang='lat' dir='ltr'>concupiscentia</span> <span class='ocrx_word' id='word_1_387' title='bbox 683 1673 782 1709; x_wconf 70' lang='lat' dir='ltr'>adeo,</span> <span class='ocrx_word' id='word_1_388' title='bbox 805 1678 840 1702; x_wconf 83' lang='lat' dir='ltr'>ut</span> <span class='ocrx_word' id='word_1_389' title='bbox 862 1672 1003 1702; x_wconf 80' lang='lat' dir='ltr'>mundus</span> <span class='ocrx_word' id='word_1_390' title='bbox 1028 1669 1146 1711; x_wconf 88' lang='lat' dir='ltr'>plenus</span> <span class='ocrx_word' id='word_1_391' title='bbox 1161 1670 1203 1700; x_wconf 86' lang='lat' dir='ltr'>sit.</span> 
     </span>
     <span class='ocr_line' id='line_1_37' title="bbox 224 1713 1202 1754; baseline -0.002 -9"><span class='ocrx_word' id='word_1_392' title='bbox 224 1713 399 1751; x_wconf 84' lang='lat' dir='ltr'>furtorum,</span> <span class='ocrx_word' id='word_1_393' title='bbox 433 1716 551 1752; x_wconf 77' lang='lat' dir='ltr'>idest,</span> <span class='ocrx_word' id='word_1_394' title='bbox 587 1715 782 1745; x_wconf 82' lang='lat' dir='ltr'>iniustorum</span> <span class='ocrx_word' id='word_1_395' title='bbox 806 1714 1031 1754; x_wconf 71' lang='lat' dir='ltr'>aucupioruim</span> <span class='ocrx_word' id='word_1_396' title='bbox 1067 1714 1202 1744; x_wconf 82' lang='lat' dir='ltr'>iniusto-</span> 
     </span>
     <span class='ocr_line' id='line_1_38' title="bbox 224 1754 2234 1799; baseline -0.001 -11"><span class='ocrx_word' id='word_1_397' title='bbox 224 1768 295 1789; x_wconf 83' lang='lat' dir='ltr'>rum</span> <span class='ocrx_word' id='word_1_398' title='bbox 319 1764 558 1794; x_wconf 79' lang='lat' dir='ltr'>contractuum,</span> <span class='ocrx_word' id='word_1_399' title='bbox 584 1758 773 1799; x_wconf 79' lang='lat' dir='ltr'>rapacitatis</span> <span class='ocrx_word' id='word_1_400' title='bbox 793 1763 825 1787; x_wconf 85' lang='lat' dir='ltr'>et</span> <span class='ocrx_word' id='word_1_401' title='bbox 847 1756 1000 1789; x_wconf 85' lang='lat' dir='ltr'>similium</span> <span class='ocrx_word' id='word_1_402' title='bbox 1017 1756 1180 1787; x_wconf 78' lang='lat' dir='ltr'>vitiomm.</span> <span class='ocrx_word' id='word_1_403' title='bbox 1226 1788 1228 1799; x_wconf 32' lang='grc' dir='ltr'><em>Α</em></span> <span class='ocrx_word' id='word_1_404' title='bbox 1340 1755 1417 1786; x_wconf 85' lang='lat' dir='ltr'>Tria</span> <span class='ocrx_word' id='word_1_405' title='bbox 1451 1765 1575 1795; x_wconf 81' lang='lat' dir='ltr'>genera</span> <span class='ocrx_word' id='word_1_406' title='bbox 1607 1761 1684 1785; x_wconf 89' lang='lat' dir='ltr'>sunt</span> <span class='ocrx_word' id='word_1_407' title='bbox 1716 1755 1893 1795; x_wconf 86' lang='lat' dir='ltr'>praecipue</span> <span class='ocrx_word' id='word_1_408' title='bbox 1916 1755 2118 1785; x_wconf 80' lang='lat' dir='ltr'>necessaria.</span> <span class='ocrx_word' id='word_1_409' title='bbox 2164 1754 2234 1785; x_wconf 90' lang='lat' dir='ltr'>Pri-</span> 
     </span>
     <span class='ocr_line' id='line_1_39' title="bbox 1254 1796 2232 1839; baseline -0.001 -10"><span class='ocrx_word' id='word_1_410' title='bbox 1254 1809 1361 1835; x_wconf 80' lang='grc'>11111111,</span> <span class='ocrx_word' id='word_1_411' title='bbox 1396 1798 1549 1829; x_wconf 79' lang='lat' dir='ltr'>conferre</span> <span class='ocrx_word' id='word_1_412' title='bbox 1578 1796 1701 1839; x_wconf 84' lang='lat' dir='ltr'>aliquid</span> <span class='ocrx_word' id='word_1_413' title='bbox 1731 1798 1772 1827; x_wconf 89' lang='lat' dir='ltr'>ad</span> <span class='ocrx_word' id='word_1_414' title='bbox 1808 1798 1975 1828; x_wconf 84' lang='lat' dir='ltr'>ministerii</span> <span class='ocrx_word' id='word_1_415' title='bbox 2004 1797 2232 1828; x_wconf 82' lang='lat' dir='ltr'>Ecclesiastici</span> 
     </span>
     <span class='ocr_line' id='line_1_40' title="bbox 1255 1839 2233 1881; baseline -0.001 -10"><span class='ocrx_word' id='word_1_416' title='bbox 1255 1842 1553 1872; x_wconf 75' lang='lat' dir='ltr'>conservationem.</span> <span class='ocrx_word' id='word_1_417' title='bbox 1589 1840 1661 1871; x_wconf 86' lang='lat' dir='ltr'>Hoc</span> <span class='ocrx_word' id='word_1_418' title='bbox 1686 1839 1830 1871; x_wconf 73' lang='lat' dir='ltr'>osticium</span> <span class='ocrx_word' id='word_1_419' title='bbox 1854 1850 1956 1880; x_wconf 82' lang='lat' dir='ltr'>saepe</span> <span class='ocrx_word' id='word_1_420' title='bbox 1980 1841 2179 1881; x_wconf 84' lang='lat' dir='ltr'>praecipitur</span> <span class='ocrx_word' id='word_1_421' title='bbox 2201 1841 2233 1870; x_wconf 91' lang='lat' dir='ltr'>in</span> 
     </span>
     <span class='ocr_line' id='line_1_41' title="bbox 1255 1883 2232 1924; baseline -0.001 -10"><span class='ocrx_word' id='word_1_422' title='bbox 1255 1884 1439 1924; x_wconf 86' lang='lat' dir='ltr'>scripturis.</span> <span class='ocrx_word' id='word_1_423' title='bbox 1485 1883 1638 1914; x_wconf 82' lang='lat' dir='ltr'>Christus</span> <span class='ocrx_word' id='word_1_424' title='bbox 1668 1884 1724 1914; x_wconf 89' lang='lat' dir='ltr'>ait:</span> <span class='ocrx_word' id='word_1_425' title='bbox 1772 1883 1901 1923; x_wconf 79' lang='lat' dir='ltr'>Dignus</span> <span class='ocrx_word' id='word_1_426' title='bbox 1926 1890 1975 1913; x_wconf 89' lang='lat' dir='ltr'>est</span> <span class='ocrx_word' id='word_1_427' title='bbox 2003 1883 2156 1913; x_wconf 88' lang='lat' dir='ltr'>mercede</span> <span class='ocrx_word' id='word_1_428' title='bbox 2191 1883 2232 1919; x_wconf 65' lang='lat' dir='ltr'>is,</span> 
     </span>
     <span class='ocr_line' id='line_1_42' title="bbox 352 1922 2233 1976; baseline -0.003 -14"><span class='ocrx_word' id='word_1_429' title='bbox 352 1922 569 1972; x_wconf 78' lang='lat' dir='ltr'>Quomodo</span> <span class='ocrx_word' id='word_1_430' title='bbox 602 1923 649 1962; x_wconf 66' lang='lat' dir='ltr'>fit</span> <span class='ocrx_word' id='word_1_431' title='bbox 680 1923 757 1962; x_wconf 86' lang='lat' dir='ltr'>hOC</span> <span class='ocrx_word' id='word_1_432' title='bbox 789 1922 1075 1976; x_wconf 64' lang='lat' dir='ltr'>praeceptum?</span> <span class='ocrx_word' id='word_1_433' title='bbox 1254 1928 1309 1968; x_wconf 86' lang='lat' dir='ltr'>qui</span> <span class='ocrx_word' id='word_1_434' title='bbox 1334 1925 1471 1957; x_wconf 77' lang='lat' dir='ltr'>laborat.</span> <span class='ocrx_word' id='word_1_435' title='bbox 1516 1925 1557 1956; x_wconf 86' lang='lat' dir='ltr'>Et</span> <span class='ocrx_word' id='word_1_436' title='bbox 1578 1927 1699 1956; x_wconf 83' lang='lat' dir='ltr'>Paulus</span> <span class='ocrx_word' id='word_1_437' title='bbox 1723 1926 1765 1956; x_wconf 85' lang='lat' dir='ltr'>ad</span> <span class='ocrx_word' id='word_1_438' title='bbox 1791 1924 1999 1963; x_wconf 71' lang='lat' dir='ltr'>Corinthios,</span> <span class='ocrx_word' id='word_1_439' title='bbox 2036 1926 2088 1956; x_wconf 86' lang='lat' dir='ltr'>Sic</span> <span class='ocrx_word' id='word_1_440' title='bbox 2112 1931 2142 1956; x_wconf 82' lang='lat' dir='ltr'>et</span> <span class='ocrx_word' id='word_1_441' title='bbox 2165 1925 2233 1956; x_wconf 88' lang='lat' dir='ltr'>Do·</span> 
     </span>
     <span class='ocr_line' id='line_1_43' title="bbox 1254 1966 2233 2010; baseline -0.002 -10"><span class='ocrx_word' id='word_1_442' title='bbox 1254 1971 1360 2000; x_wconf 88' lang='lat' dir='ltr'>minus</span> <span class='ocrx_word' id='word_1_443' title='bbox 1385 1970 1564 2006; x_wconf 86' lang='lat' dir='ltr'>ordinavit,</span> <span class='ocrx_word' id='word_1_444' title='bbox 1599 1975 1633 1999; x_wconf 88' lang='lat' dir='ltr'>ut</span> <span class='ocrx_word' id='word_1_445' title='bbox 1653 1969 1688 2007; x_wconf 73' lang='lat' dir='ltr'>ii,</span> <span class='ocrx_word' id='word_1_446' title='bbox 1714 1969 1768 2009; x_wconf 86' lang='lat' dir='ltr'>qui</span> <span class='ocrx_word' id='word_1_447' title='bbox 1792 1970 1984 1999; x_wconf 86' lang='lat' dir='ltr'>annuntiant</span> <span class='ocrx_word' id='word_1_448' title='bbox 2008 1966 2233 2010; x_wconf 83' lang='lat' dir='ltr'>Evangelium,</span> 
     </span>
     <span class='ocr_line' id='line_1_44' title="bbox 1255 2010 2234 2052; baseline -0.001 -9"><span class='ocrx_word' id='word_1_449' title='bbox 1255 2012 1365 2043; x_wconf 89' lang='lat' dir='ltr'>vivant</span> <span class='ocrx_word' id='word_1_450' title='bbox 1389 2023 1430 2043; x_wconf 79' lang='lat' dir='ltr'>ex</span> <span class='ocrx_word' id='word_1_451' title='bbox 1458 2011 1654 2052; x_wconf 85' lang='lat' dir='ltr'>Evangelio.</span> <span class='ocrx_word' id='word_1_452' title='bbox 1700 2010 1738 2040; x_wconf 87' lang='lat' dir='ltr'>Et</span> <span class='ocrx_word' id='word_1_453' title='bbox 1765 2011 1854 2041; x_wconf 82' lang='lat' dir='ltr'>addit</span> <span class='ocrx_word' id='word_1_454' title='bbox 1877 2021 2017 2052; x_wconf 76' lang='lat' dir='ltr'>magnas</span> <span class='ocrx_word' id='word_1_455' title='bbox 2042 2012 2234 2052; x_wconf 82' lang='lat' dir='ltr'>promissio-</span> 
     </span>
     <span class='ocr_line' id='line_1_45' title="bbox 313 2052 2232 2097; baseline 0 -12"><span class='ocrx_word' id='word_1_456' title='bbox 313 2054 395 2086; x_wconf 87' lang='lat' dir='ltr'>Cum</span> <span class='ocrx_word' id='word_1_457' title='bbox 420 2056 633 2097; x_wconf 81' lang='lat' dir='ltr'>agnoscimus</span> <span class='ocrx_word' id='word_1_458' title='bbox 657 2061 802 2086; x_wconf 85' lang='lat' dir='ltr'>nostram</span> <span class='ocrx_word' id='word_1_459' title='bbox 821 2055 1053 2092; x_wconf 84' lang='lat' dir='ltr'>infirmitatem,</span> <span class='ocrx_word' id='word_1_460' title='bbox 1087 2060 1119 2085; x_wconf 86' lang='lat' dir='ltr'>et</span> <span class='ocrx_word' id='word_1_461' title='bbox 1137 2053 1203 2085; x_wconf 81' lang='lat' dir='ltr'>fide</span> <span class='ocrx_word' id='word_1_462' title='bbox 1255 2066 1315 2086; x_wconf 84' lang='lat' dir='ltr'>nes</span> <span class='ocrx_word' id='word_1_463' title='bbox 1339 2054 1491 2085; x_wconf 78' lang='lat' dir='ltr'>Christus</span> <span class='ocrx_word' id='word_1_464' title='bbox 1514 2055 1546 2084; x_wconf 89' lang='lat' dir='ltr'>in</span> <span class='ocrx_word' id='word_1_465' title='bbox 1571 2052 1768 2095; x_wconf 80' lang='lat' dir='ltr'>Evangelio:</span> <span class='ocrx_word' id='word_1_466' title='bbox 1811 2054 1873 2088; x_wconf 87' lang='lat' dir='ltr'>Qui</span> <span class='ocrx_word' id='word_1_467' title='bbox 1898 2055 2023 2085; x_wconf 60' lang='lat' dir='ltr'>dedeiit</span> <span class='ocrx_word' id='word_1_468' title='bbox 2047 2055 2177 2085; x_wconf 87' lang='lat' dir='ltr'>min&#39;mo</span> <span class='ocrx_word' id='word_1_469' title='bbox 2201 2055 2232 2085; x_wconf 90' lang='lat' dir='ltr'>in</span> 
     </span>
     <span class='ocr_line' id='line_1_46' title="bbox 224 2096 2233 2140; baseline 0 -13"><span class='ocrx_word' id='word_1_470' title='bbox 224 2098 389 2129; x_wconf 84' lang='lat' dir='ltr'>credimus</span> <span class='ocrx_word' id='word_1_471' title='bbox 424 2100 521 2130; x_wconf 83' lang='lat' dir='ltr'>nobis</span> <span class='ocrx_word' id='word_1_472' title='bbox 557 2105 692 2140; x_wconf 82' lang='lat' dir='ltr'>propter</span> <span class='ocrx_word' id='word_1_473' title='bbox 716 2097 883 2129; x_wconf 76' lang='lat' dir='ltr'>Christum</span> <span class='ocrx_word' id='word_1_474' title='bbox 912 2098 1030 2129; x_wconf 78' lang='lat' dir='ltr'>remitti</span> <span class='ocrx_word' id='word_1_475' title='bbox 1053 2104 1203 2137; x_wconf 79' lang='lat' dir='ltr'>peccata,</span> <span class='ocrx_word' id='word_1_476' title='bbox 1256 2099 1385 2129; x_wconf 87' lang='lat' dir='ltr'>nomine</span> <span class='ocrx_word' id='word_1_477' title='bbox 1410 2096 1572 2138; x_wconf 77' lang='lat' dir='ltr'>discipuli,</span> <span class='ocrx_word' id='word_1_478' title='bbox 1606 2107 1672 2127; x_wconf 88' lang='lat' dir='ltr'>non</span> <span class='ocrx_word' id='word_1_479' title='bbox 1695 2097 1810 2137; x_wconf 79' lang='lat' dir='ltr'>perdet</span> <span class='ocrx_word' id='word_1_480' title='bbox 1830 2096 2017 2127; x_wconf 79' lang='lat' dir='ltr'>mercedem</span> <span class='ocrx_word' id='word_1_481' title='bbox 2041 2107 2146 2128; x_wconf 86' lang='lat' dir='ltr'>suam.</span> <span class='ocrx_word' id='word_1_482' title='bbox 2192 2096 2233 2128; x_wconf 87' lang='lat' dir='ltr'>Et</span> 
     </span>
     <span class='ocr_line' id='line_1_47' title="bbox 224 2138 2234 2182; baseline -0 -12"><span class='ocrx_word' id='word_1_483' title='bbox 224 2141 261 2171; x_wconf 75' lang='lat' dir='ltr'>fit</span> <span class='ocrx_word' id='word_1_484' title='bbox 284 2139 347 2171; x_wconf 89' lang='lat' dir='ltr'>hoc</span> <span class='ocrx_word' id='word_1_485' title='bbox 371 2148 595 2182; x_wconf 78' lang='lat' dir='ltr'>praeceptum,</span> <span class='ocrx_word' id='word_1_486' title='bbox 611 2153 683 2172; x_wconf 91' lang='lat' dir='ltr'>cmn</span> <span class='ocrx_word' id='word_1_487' title='bbox 703 2141 878 2173; x_wconf 86' lang='lat' dir='ltr'>inchoatur</span> <span class='ocrx_word' id='word_1_488' title='bbox 896 2141 1092 2178; x_wconf 79' lang='lat' dir='ltr'>obedientia,</span> <span class='ocrx_word' id='word_1_489' title='bbox 1116 2141 1202 2171; x_wconf 63' lang='lat' dir='ltr'>xide-</span> <span class='ocrx_word' id='word_1_490' title='bbox 1256 2147 1367 2172; x_wconf 76' lang='lat' dir='ltr'>extant</span> <span class='ocrx_word' id='word_1_491' title='bbox 1401 2142 1525 2181; x_wconf 84' lang='lat' dir='ltr'>passim</span> <span class='ocrx_word' id='word_1_492' title='bbox 1548 2141 1587 2170; x_wconf 85' lang='lat' dir='ltr'>.in</span> <span class='ocrx_word' id='word_1_493' title='bbox 1612 2139 1786 2179; x_wconf 82' lang='lat' dir='ltr'>Prophetis</span> <span class='ocrx_word' id='word_1_494' title='bbox 1810 2141 2050 2179; x_wconf 81' lang='lat' dir='ltr'>promissiones</span> <span class='ocrx_word' id='word_1_495' title='bbox 2074 2138 2234 2181; x_wconf 76' lang='lat' dir='ltr'>amplissi-</span> 
     </span>
     <span class='ocr_line' id='line_1_48' title="bbox 225 2182 2234 2225; baseline -0 -11"><span class='ocrx_word' id='word_1_496' title='bbox 225 2182 314 2220; x_wconf 85' lang='lat' dir='ltr'>licct,</span> <span class='ocrx_word' id='word_1_497' title='bbox 337 2194 410 2215; x_wconf 90' lang='lat' dir='ltr'>cum</span> <span class='ocrx_word' id='word_1_498' title='bbox 435 2187 574 2225; x_wconf 87' lang='lat' dir='ltr'>petimus</span> <span class='ocrx_word' id='word_1_499' title='bbox 596 2191 629 2215; x_wconf 88' lang='lat' dir='ltr'>et</span> <span class='ocrx_word' id='word_1_500' title='bbox 652 2185 900 2225; x_wconf 65' lang='lat' dir='ltr'>expectavimus</span> <span class='ocrx_word' id='word_1_501' title='bbox 925 2194 965 2214; x_wconf 81' lang='lat' dir='ltr'>ex</span> <span class='ocrx_word' id='word_1_502' title='bbox 985 2183 1058 2214; x_wconf 83' lang='lat' dir='ltr'>Deo</span> <span class='ocrx_word' id='word_1_503' title='bbox 1082 2183 1203 2214; x_wconf 84' lang='lat' dir='ltr'>victum</span> <span class='ocrx_word' id='word_1_504' title='bbox 1255 2194 1339 2221; x_wconf 86' lang='lat' dir='ltr'>mae,</span> <span class='ocrx_word' id='word_1_505' title='bbox 1363 2190 1395 2214; x_wconf 90' lang='lat' dir='ltr'>ut</span> <span class='ocrx_word' id='word_1_506' title='bbox 1421 2183 1569 2225; x_wconf 74' lang='lat' dir='ltr'>Haggaei</span> <span class='ocrx_word' id='word_1_507' title='bbox 1594 2183 1710 2223; x_wconf 76' lang='lat' dir='ltr'>primo,</span> <span class='ocrx_word' id='word_1_508' title='bbox 1740 2188 1772 2213; x_wconf 85' lang='lat' dir='ltr'>et</span> <span class='ocrx_word' id='word_1_509' title='bbox 1797 2182 1979 2213; x_wconf 78' lang='lat' dir='ltr'>Malachiae</span> <span class='ocrx_word' id='word_1_510' title='bbox 2002 2183 2117 2223; x_wconf 85' lang='lat' dir='ltr'>primo.</span> <span class='ocrx_word' id='word_1_511' title='bbox 2163 2183 2234 2213; x_wconf 86' lang='lat' dir='ltr'>Sci-</span> 
     </span>
     <span class='ocr_line' id='line_1_49' title="bbox 224 2222 2233 2268; baseline -0.001 -12"><span class='ocrx_word' id='word_1_512' title='bbox 224 2232 256 2256; x_wconf 86' lang='lat' dir='ltr'>et</span> <span class='ocrx_word' id='word_1_513' title='bbox 279 2225 445 2265; x_wconf 60' lang='lat' dir='ltr'>fortunam,</span> <span class='ocrx_word' id='word_1_514' title='bbox 481 2234 513 2258; x_wconf 90' lang='lat' dir='ltr'>et</span> <span class='ocrx_word' id='word_1_515' title='bbox 543 2226 639 2258; x_wconf 81' lang='lat' dir='ltr'>simul</span> <span class='ocrx_word' id='word_1_516' title='bbox 664 2228 753 2258; x_wconf 81' lang='lat' dir='ltr'>iuxta</span> <span class='ocrx_word' id='word_1_517' title='bbox 776 2228 964 2258; x_wconf 84' lang='lat' dir='ltr'>mandatum</span> <span class='ocrx_word' id='word_1_518' title='bbox 988 2226 1050 2257; x_wconf 88' lang='lat' dir='ltr'>Dei</span> <span class='ocrx_word' id='word_1_519' title='bbox 1074 2225 1204 2256; x_wconf 83' lang='lat' dir='ltr'>labora-</span> <span class='ocrx_word' id='word_1_520' title='bbox 1228 2222 1231 2254; x_wconf 91' lang='grc' dir='ltr'>Ι</span> <span class='ocrx_word' id='word_1_521' title='bbox 1256 2234 1312 2258; x_wconf 91' lang='lat' dir='ltr'>ant</span> <span class='ocrx_word' id='word_1_522' title='bbox 1344 2237 1425 2268; x_wconf 85' lang='lat' dir='ltr'>ergo</span> <span class='ocrx_word' id='word_1_523' title='bbox 1456 2227 1499 2267; x_wconf 92' lang='lat' dir='ltr'>pii</span> <span class='ocrx_word' id='word_1_524' title='bbox 1524 2225 1588 2256; x_wconf 86' lang='lat' dir='ltr'>hoc</span> <span class='ocrx_word' id='word_1_525' title='bbox 1611 2236 1717 2265; x_wconf 81' lang='lat' dir='ltr'>genus</span> <span class='ocrx_word' id='word_1_526' title='bbox 1742 2224 2028 2266; x_wconf 63' lang='lat' dir='ltr'>eleemosynarum</span> <span class='ocrx_word' id='word_1_527' title='bbox 2051 2226 2096 2256; x_wconf 84' lang='lat' dir='ltr'>ita</span> <span class='ocrx_word' id='word_1_528' title='bbox 2118 2236 2233 2256; x_wconf 83' lang='lat' dir='ltr'>neces-</span> 
     </span>
     <span class='ocr_line' id='line_1_50' title="bbox 224 2259 2233 2315; baseline -0 -16"><span class='ocrx_word' id='word_1_529' title='bbox 224 2279 310 2307; x_wconf 69' lang='lat' dir='ltr'>tnuS‚</span> <span class='ocrx_word' id='word_1_530' title='bbox 333 2277 364 2300; x_wconf 88' lang='lat' dir='ltr'>ct</span> <span class='ocrx_word' id='word_1_531' title='bbox 388 2270 473 2301; x_wconf 76' lang='lat' dir='ltr'>iuste</span> <span class='ocrx_word' id='word_1_532' title='bbox 496 2278 590 2310; x_wconf 81' lang='lat' dir='ltr'>parto</span> <span class='ocrx_word' id='word_1_533' title='bbox 615 2271 744 2308; x_wconf 82' lang='lat' dir='ltr'>utimur,</span> <span class='ocrx_word' id='word_1_534' title='bbox 769 2276 801 2301; x_wconf 89' lang='lat' dir='ltr'>et</span> <span class='ocrx_word' id='word_1_535' title='bbox 823 2276 957 2311; x_wconf 86' lang='lat' dir='ltr'>propter</span> <span class='ocrx_word' id='word_1_536' title='bbox 979 2271 1128 2301; x_wconf 88' lang='lat' dir='ltr'>timorem</span> <span class='ocrx_word' id='word_1_537' title='bbox 1141 2268 1203 2299; x_wconf 92' lang='lat' dir='ltr'>Dei</span> <span class='ocrx_word' id='word_1_538' title='bbox 1228 2259 1230 2315; x_wconf 61' lang='lat' dir='ltr'>l</span> <span class='ocrx_word' id='word_1_539' title='bbox 1256 2271 1377 2301; x_wconf 86' lang='lat' dir='ltr'>sarium</span> <span class='ocrx_word' id='word_1_540' title='bbox 1402 2279 1489 2306; x_wconf 79' lang='lat' dir='ltr'>esse,</span> <span class='ocrx_word' id='word_1_541' title='bbox 1513 2275 1547 2299; x_wconf 89' lang='lat' dir='ltr'>ut</span> <span class='ocrx_word' id='word_1_542' title='bbox 1571 2269 1624 2309; x_wconf 86' lang='lat' dir='ltr'>qui</span> <span class='ocrx_word' id='word_1_543' title='bbox 1649 2279 1714 2299; x_wconf 78' lang='lat' dir='ltr'>non</span> <span class='ocrx_word' id='word_1_544' title='bbox 1738 2275 1907 2309; x_wconf 82' lang='lat' dir='ltr'>praestant</span> <span class='ocrx_word' id='word_1_545' title='bbox 1931 2279 1991 2309; x_wconf 88' lang='lat' dir='ltr'>pro</span> <span class='ocrx_word' id='word_1_546' title='bbox 2015 2278 2075 2299; x_wconf 83' lang='lat' dir='ltr'>sua</span> <span class='ocrx_word' id='word_1_547' title='bbox 2088 2269 2233 2300; x_wconf 85' lang='lat' dir='ltr'>vocatio-</span> 
     </span>
     <span class='ocr_line' id='line_1_51' title="bbox 226 2311 2231 2354; baseline -0.001 -13"><span class='ocrx_word' id='word_1_548' title='bbox 226 2321 381 2342; x_wconf 79' lang='lat' dir='ltr'>cavemus</span> <span class='ocrx_word' id='word_1_549' title='bbox 416 2311 548 2344; x_wconf 88' lang='lat' dir='ltr'>illicitos</span> <span class='ocrx_word' id='word_1_550' title='bbox 583 2314 701 2343; x_wconf 88' lang='lat' dir='ltr'>modos</span> <span class='ocrx_word' id='word_1_551' title='bbox 735 2313 914 2354; x_wconf 86' lang='lat' dir='ltr'>quaerendi</span> <span class='ocrx_word' id='word_1_552' title='bbox 938 2323 1004 2344; x_wconf 83' lang='lat' dir='ltr'>res.</span> <span class='ocrx_word' id='word_1_553' title='bbox 1050 2314 1127 2344; x_wconf 84' lang='lat' dir='ltr'>Item</span> <span class='ocrx_word' id='word_1_554' title='bbox 1148 2313 1204 2343; x_wconf 81' lang='lat' dir='ltr'>da·</span> <span class='ocrx_word' id='word_1_555' title='bbox 1256 2323 1297 2343; x_wconf 91' lang='lat' dir='ltr'>ne</span> <span class='ocrx_word' id='word_1_556' title='bbox 1321 2320 1351 2344; x_wconf 89' lang='lat' dir='ltr'>et</span> <span class='ocrx_word' id='word_1_557' title='bbox 1376 2311 1601 2348; x_wconf 84' lang='lat' dir='ltr'>facultatibus,</span> <span class='ocrx_word' id='word_1_558' title='bbox 1626 2317 1656 2341; x_wconf 86' lang='lat' dir='ltr'>et</span> <span class='ocrx_word' id='word_1_559' title='bbox 1680 2321 1740 2352; x_wconf 88' lang='lat' dir='ltr'>pro</span> <span class='ocrx_word' id='word_1_560' title='bbox 1764 2322 1824 2342; x_wconf 90' lang='lat' dir='ltr'>suo</span> <span class='ocrx_word' id='word_1_561' title='bbox 1849 2311 1943 2349; x_wconf 85' lang='lat' dir='ltr'>loco,</span> <span class='ocrx_word' id='word_1_562' title='bbox 1963 2312 2110 2353; x_wconf 77' lang='lat' dir='ltr'>graviter</span> <span class='ocrx_word' id='word_1_563' title='bbox 2132 2311 2231 2343; x_wconf 82' lang='lat' dir='ltr'>offen-</span> 
     </span>
     <span class='ocr_line' id='line_1_52' title="bbox 224 2353 2232 2397; baseline 0 -13"><span class='ocrx_word' id='word_1_564' title='bbox 224 2364 296 2384; x_wconf 87' lang='lat' dir='ltr'>mus</span> <span class='ocrx_word' id='word_1_565' title='bbox 331 2356 371 2385; x_wconf 89' lang='lat' dir='ltr'>de</span> <span class='ocrx_word' id='word_1_566' title='bbox 406 2363 523 2387; x_wconf 78' lang='lat' dir='ltr'>nostro</span> <span class='ocrx_word' id='word_1_567' title='bbox 557 2357 766 2386; x_wconf 84' lang='lat' dir='ltr'>necessarias</span> <span class='ocrx_word' id='word_1_568' title='bbox 801 2355 1032 2397; x_wconf 71' lang='lat' dir='ltr'>eleemosynas</span> <span class='ocrx_word' id='word_1_569' title='bbox 1068 2361 1204 2396; x_wconf 84' lang='lat' dir='ltr'>propter</span> <span class='ocrx_word' id='word_1_570' title='bbox 1255 2358 1336 2388; x_wconf 88' lang='lat' dir='ltr'>dunt</span> <span class='ocrx_word' id='word_1_571' title='bbox 1354 2355 1472 2386; x_wconf 81' lang='lat' dir='ltr'>Deum.</span> <span class='ocrx_word' id='word_1_572' title='bbox 1518 2355 1690 2395; x_wconf 83' lang='lat' dir='ltr'>Principes</span> <span class='ocrx_word' id='word_1_573' title='bbox 1713 2360 1745 2385; x_wconf 86' lang='lat' dir='ltr'>et</span> <span class='ocrx_word' id='word_1_574' title='bbox 1764 2353 1986 2395; x_wconf 75' lang='lat' dir='ltr'>Respublicae</span> <span class='ocrx_word' id='word_1_575' title='bbox 2006 2355 2124 2385; x_wconf 88' lang='lat' dir='ltr'>debent</span> <span class='ocrx_word' id='word_1_576' title='bbox 2149 2354 2232 2384; x_wconf 87' lang='lat' dir='ltr'>tueri</span> 
     </span>
     <span class='ocr_line' id='line_1_53' title="bbox 224 2396 2233 2440; baseline 0 -14"><span class='ocrx_word' id='word_1_577' title='bbox 224 2398 411 2428; x_wconf 87' lang='lat' dir='ltr'>mandatum</span> <span class='ocrx_word' id='word_1_578' title='bbox 427 2398 499 2436; x_wconf 84' lang='lat' dir='ltr'>Dei,</span> <span class='ocrx_word' id='word_1_579' title='bbox 525 2399 674 2429; x_wconf 84' lang='lat' dir='ltr'>iuvamus</span> <span class='ocrx_word' id='word_1_580' title='bbox 699 2406 856 2440; x_wconf 88' lang='lat' dir='ltr'>quantum</span> <span class='ocrx_word' id='word_1_581' title='bbox 879 2409 1058 2439; x_wconf 85' lang='lat' dir='ltr'>possumus</span> <span class='ocrx_word' id='word_1_582' title='bbox 1082 2399 1123 2428; x_wconf 89' lang='lat' dir='ltr'>de</span> <span class='ocrx_word' id='word_1_583' title='bbox 1147 2408 1203 2428; x_wconf 92' lang='lat' dir='ltr'>no-</span> <span class='ocrx_word' id='word_1_584' title='bbox 1256 2399 1327 2439; x_wconf 84' lang='lat' dir='ltr'>pios</span> <span class='ocrx_word' id='word_1_585' title='bbox 1362 2399 1542 2434; x_wconf 73' lang='lat' dir='ltr'>ministros,</span> <span class='ocrx_word' id='word_1_586' title='bbox 1577 2403 1609 2427; x_wconf 87' lang='lat' dir='ltr'>et</span> <span class='ocrx_word' id='word_1_587' title='bbox 1642 2408 1761 2428; x_wconf 87' lang='lat' dir='ltr'>curare</span> <span class='ocrx_word' id='word_1_588' title='bbox 1796 2398 1844 2428; x_wconf 82' lang='lat' dir='ltr'>eis</span> <span class='ocrx_word' id='word_1_589' title='bbox 1867 2398 2000 2428; x_wconf 87' lang='lat' dir='ltr'>victum.</span> <span class='ocrx_word' id='word_1_590' title='bbox 2045 2396 2178 2428; x_wconf 83' lang='lat' dir='ltr'>Debent</span> <span class='ocrx_word' id='word_1_591' title='bbox 2201 2401 2233 2427; x_wconf 82' lang='lat' dir='ltr'>et</span> 
     </span>
     <span class='ocr_line' id='line_1_54' title="bbox 225 2440 2231 2481; baseline 0.001 -14"><span class='ocrx_word' id='word_1_592' title='bbox 225 2445 295 2469; x_wconf 86' lang='lat' dir='ltr'>stro</span> <span class='ocrx_word' id='word_1_593' title='bbox 329 2440 532 2478; x_wconf 78' lang='lat' dir='ltr'>Ecclesiam,</span> <span class='ocrx_word' id='word_1_594' title='bbox 568 2441 719 2472; x_wconf 79' lang='lat' dir='ltr'>videlicet</span> <span class='ocrx_word' id='word_1_595' title='bbox 752 2443 919 2473; x_wconf 86' lang='lat' dir='ltr'>ministros</span> <span class='ocrx_word' id='word_1_596' title='bbox 953 2440 1142 2481; x_wconf 82' lang='lat' dir='ltr'>Evangelii,</span> <span class='ocrx_word' id='word_1_597' title='bbox 1173 2447 1204 2472; x_wconf 88' lang='lat' dir='ltr'>et</span> <span class='ocrx_word' id='word_1_598' title='bbox 1227 2452 1230 2467; x_wconf 65' lang='lat'><em>1</em></span> <span class='ocrx_word' id='word_1_599' title='bbox 1255 2442 1364 2472; x_wconf 84' lang='lat' dir='ltr'>studia</span> <span class='ocrx_word' id='word_1_600' title='bbox 1390 2441 1533 2472; x_wconf 75' lang='lat' dir='ltr'>excitare</span> <span class='ocrx_word' id='word_1_601' title='bbox 1556 2450 1618 2471; x_wconf 86' lang='lat' dir='ltr'>suo</span> <span class='ocrx_word' id='word_1_602' title='bbox 1642 2446 1783 2481; x_wconf 86' lang='lat' dir='ltr'>sumptu.</span> <span class='ocrx_word' id='word_1_603' title='bbox 1829 2440 1886 2470; x_wconf 77' lang='lat' dir='ltr'>Sic</span> <span class='ocrx_word' id='word_1_604' title='bbox 1916 2446 1946 2470; x_wconf 90' lang='lat' dir='ltr'>et</span> <span class='ocrx_word' id='word_1_605' title='bbox 1970 2440 2086 2480; x_wconf 80' lang='lat' dir='ltr'>privati</span> <span class='ocrx_word' id='word_1_606' title='bbox 2111 2441 2231 2470; x_wconf 85' lang='lat' dir='ltr'>debent</span> 
     </span>
     <span class='ocr_line' id='line_1_55' title="bbox 225 2475 2230 2525; baseline 0.001 -15"><span class='ocrx_word' id='word_1_607' title='bbox 225 2482 345 2512; x_wconf 82' lang='lat' dir='ltr'>studia.</span> <span class='ocrx_word' id='word_1_608' title='bbox 391 2485 479 2520; x_wconf 82' lang='lat' dir='ltr'>Item,</span> <span class='ocrx_word' id='word_1_609' title='bbox 516 2483 776 2525; x_wconf 80' lang='lat' dir='ltr'>Rempublicam.</span> <span class='ocrx_word' id='word_1_610' title='bbox 825 2485 883 2515; x_wconf 85' lang='lat' dir='ltr'>Hic</span> <span class='ocrx_word' id='word_1_611' title='bbox 906 2494 1024 2525; x_wconf 85' lang='lat' dir='ltr'>magna</span> <span class='ocrx_word' id='word_1_612' title='bbox 1049 2482 1203 2514; x_wconf 84' lang='lat' dir='ltr'>consola·</span> <span class='ocrx_word' id='word_1_613' title='bbox 1254 2483 1435 2515; x_wconf 84' lang='lat' dir='ltr'>liberaliter</span> <span class='ocrx_word' id='word_1_614' title='bbox 1469 2482 1621 2514; x_wconf 79' lang='lat' dir='ltr'>conferre</span> <span class='ocrx_word' id='word_1_615' title='bbox 1649 2483 1690 2514; x_wconf 84' lang='lat' dir='ltr'>ad</span> <span class='ocrx_word' id='word_1_616' title='bbox 1714 2482 1853 2514; x_wconf 88' lang='lat' dir='ltr'>alendos</span> <span class='ocrx_word' id='word_1_617' title='bbox 1877 2483 2044 2513; x_wconf 78' lang='lat' dir='ltr'>ministros</span> <span class='ocrx_word' id='word_1_618' title='bbox 2058 2475 2230 2513; x_wconf 68' lang='lat' dir='ltr'>=Ecclesia-</span> 
     </span>
     <span class='ocr_line' id='line_1_56' title="bbox 226 2523 2229 2568; baseline 0 -14"><span class='ocrx_word' id='word_1_619' title='bbox 226 2523 270 2554; x_wconf 91' lang='lat' dir='ltr'>tio</span> <span class='ocrx_word' id='word_1_620' title='bbox 295 2531 342 2555; x_wconf 84' lang='lat' dir='ltr'>est</span> <span class='ocrx_word' id='word_1_621' title='bbox 369 2526 442 2566; x_wconf 77' lang='lat' dir='ltr'>piis,</span> <span class='ocrx_word' id='word_1_622' title='bbox 466 2526 669 2568; x_wconf 75' lang='lat' dir='ltr'>intelligere,</span> <span class='ocrx_word' id='word_1_623' title='bbox 700 2528 789 2567; x_wconf 90' lang='lat' dir='ltr'>quod</span> <span class='ocrx_word' id='word_1_624' title='bbox 812 2526 895 2558; x_wconf 90' lang='lat' dir='ltr'>haec</span> <span class='ocrx_word' id='word_1_625' title='bbox 919 2527 1105 2557; x_wconf 84' lang='lat' dir='ltr'>obedientia</span> <span class='ocrx_word' id='word_1_626' title='bbox 1128 2526 1202 2557; x_wconf 89' lang='lat' dir='ltr'>Deo</span> <span class='ocrx_word' id='word_1_627' title='bbox 1227 2537 1229 2558; x_wconf 65' lang='grc'>1</span> <span class='ocrx_word' id='word_1_628' title='bbox 1255 2528 1358 2559; x_wconf 85' lang='lat' dir='ltr'>sticos</span> <span class='ocrx_word' id='word_1_629' title='bbox 1378 2533 1409 2557; x_wconf 87' lang='lat' dir='ltr'>et</span> <span class='ocrx_word' id='word_1_630' title='bbox 1421 2527 1598 2558; x_wconf 85' lang='lat' dir='ltr'>studiosos.</span> <span class='ocrx_word' id='word_1_631' title='bbox 1624 2526 1755 2557; x_wconf 79' lang='lat' dir='ltr'>Debent</span> <span class='ocrx_word' id='word_1_632' title='bbox 1775 2532 1806 2557; x_wconf 87' lang='lat' dir='ltr'>et</span> <span class='ocrx_word' id='word_1_633' title='bbox 1817 2524 1889 2556; x_wconf 86' lang='lat' dir='ltr'>aliis</span> <span class='ocrx_word' id='word_1_634' title='bbox 1903 2523 2022 2556; x_wconf 80' lang='lat' dir='ltr'>officiis</span> <span class='ocrx_word' id='word_1_635' title='bbox 2035 2526 2229 2557; x_wconf 88' lang='lat' dir='ltr'>eosiuvare.</span> 
     </span>
    </p>
   </div>
   <div class='ocr_carea' id='block_1_9' title="bbox 225 2565 2230 2611">
    <p class='ocr_par' dir='ltr' id='par_1_9' title="bbox 225 2565 2230 2611">
     <span class='ocr_line' id='line_1_57' title="bbox 225 2565 2230 2611; baseline 0 -14"><span class='ocrx_word' id='word_1_636' title='bbox 225 2565 375 2607; x_wconf 86' lang='lat' dir='ltr'>placeat,</span> <span class='ocrx_word' id='word_1_637' title='bbox 405 2575 437 2599; x_wconf 87' lang='lat' dir='ltr'>et</span> <span class='ocrx_word' id='word_1_638' title='bbox 459 2570 548 2610; x_wconf 88' lang='lat' dir='ltr'>quod</span> <span class='ocrx_word' id='word_1_639' title='bbox 571 2570 655 2601; x_wconf 86' lang='lat' dir='ltr'>haec</span> <span class='ocrx_word' id='word_1_640' title='bbox 678 2570 751 2611; x_wconf 83' lang='lat' dir='ltr'>ipsa</span> <span class='ocrx_word' id='word_1_641' title='bbox 775 2571 989 2601; x_wconf 86' lang='lat' dir='ltr'>oeconomica</span> <span class='ocrx_word' id='word_1_642' title='bbox 1007 2569 1136 2608; x_wconf 81' lang='lat' dir='ltr'>officia,</span> <span class='ocrx_word' id='word_1_643' title='bbox 1170 2570 1202 2600; x_wconf 90' lang='lat' dir='ltr'>id</span> <span class='ocrx_word' id='word_1_644' title='bbox 1226 2566 1229 2603; x_wconf 68' lang='lat' dir='ltr'>l</span> <span class='ocrx_word' id='word_1_645' title='bbox 1340 2570 1525 2602; x_wconf 85' lang='lat' dir='ltr'>Secundum</span> <span class='ocrx_word' id='word_1_646' title='bbox 1558 2579 1665 2611; x_wconf 88' lang='lat' dir='ltr'>genus</span> <span class='ocrx_word' id='word_1_647' title='bbox 1688 2575 1758 2607; x_wconf 84' lang='lat' dir='ltr'>est,</span> <span class='ocrx_word' id='word_1_648' title='bbox 1791 2568 1904 2611; x_wconf 84' lang='lat' dir='ltr'>largiri</span> <span class='ocrx_word' id='word_1_649' title='bbox 1927 2569 2041 2610; x_wconf 82' lang='lat' dir='ltr'>egenis</span> <span class='ocrx_word' id='word_1_650' title='bbox 2065 2568 2230 2610; x_wconf 82' lang='lat' dir='ltr'>cognatis,</span> 
     </span>
    </p>
   </div>
   <div class='ocr_carea' id='block_1_10' title="bbox 1228 1912 1231 2536">
    <p class='ocr_par' dir='ltr' id='par_1_10' title="bbox 1228 1912 1231 2536">
     <span class='ocr_line' id='line_1_58' title="bbox 1228 1912 1231 2536; baseline 0 0"><span class='ocrx_word' id='word_1_651' title='bbox 1228 1912 1231 2536; x_wconf 95' lang='lat' dir='ltr'> </span> 
     </span>
    </p>
   </div>
  </div>
 </body>
</html>
