2383 2990
135 121 200 153 409

135 216 394 249 destructionem
419 215 586 253 omnibuS,
609 226 694 257 quae
719 225 785 246 non
811 220 1001 256 congruunt
1024 215 1067 246 ad
1091 213 1128 245 il-

134 259 199 292 lam
235 270 403 297 normam,
437 259 500 289 nisi
534 260 574 289 sit
610 257 838 290 rccowiliatio
869 259 958 290 facta
992 264 1128 299 propter

133 303 370 341 Mediatorem,
406 303 495 333 iuxta
520 303 657 333 dictum:
694 302 892 333 Maledictus
918 302 1041 340 omnis,
1074 302 1128 343 qni

121 357 200 385 ‚non
231 352 403 387 permanet
439 346 469 376 in
500 347 672 384 omnihus,
709 357 795 387 quae
829 347 954 387 scripta
989 351 1067 376 sunt
1097 346 1129 375 in

132 390 237 431 Lege.
284 390 319 420 111
345 388 494 420 Psalmo:
531 390 604 421 Non
629 388 749 420 volens
781 390 984 430 iniquitatem
1014 395 1048 419 tu
1079 399 1129 426 es,

133 434 231 465 odisti
256 444 371 465 omnes
396 434 450 475 qui
476 440 657 475 operantur
683 433 896 474 iniquitatem.
921 433 993 463 Nos
1018 433 1129 463 miseri

131 476 284 508 homines
321 478 416 508 nimis
453 478 596 508 tenuiter
627 478 811 517 cogitamus
848 478 889 507 de
925 476 1017 518 Lege
1053 475 1128 513 Dei,

132 521 270 562 perinde
295 532 334 552 ac
358 522 386 552 si
410 521 534 562 Legem
555 520 759 551 Laconicam
784 520 824 550 110
849 530 981 550 nummo
1007 519 1129 557 ferreo,

132 571 189 596 aut
214 563 322 606 legem
347 564 541 595 Thebanam
567 565 607 595 de
633 563 776 605 cophino
802 564 1002 603 imponendo
1029 564 1129 593 obae-

132 608 232 646 ratis,
257 615 313 639 ant
337 607 463 639 similes
488 618 542 638 res
568 619 691 649 parvas
716 607 956 648 cogitaremus.

132 652 262 694 magnis
293 650 464 682 doloribus
495 652 669 692 incipimus
701 658 876 692 utrumqne
907 661 1128 692 cognoscere,

132 693 198 728 hoc
223 695 376 726 iudicium
403 705 480 726 esse
504 696 701 736 sapientiam
728 701 758 725 et
783 694 938 725 iustitiam
964 694 1025 725 Dei
1051 704 1130 725 vere

133 744 166 770 et
188 738 392 770 horribiliter
416 739 593 770 irascentis
617 744 769 779 peccato.

221 816 264 848 Et
299 817 377 859 quia
411 817 591 858 praecipua
627 817 736 858 capita
767 815 868 858 Legis
899 814 1039 847 Moralis
1069 826 1130 847 seu

132 866 301 897 aeternae,
325 859 567 901 comprehensa
589 866 665 890 sunt
686 860 717 890 in
734 859 923 901 Deculogo.
948 870 1050 901 saepe
1068 871 1130 901 pro

135 903 361 946 appellatione
386 903 488 946 Legis
512 903 652 934 Moralis
679 904 797 934 utimur
830 903 996 934 vocabulo
1024 903 1129 934 Deca-

133 947 222 990 lcgi‚
258 959 354 989 quem
381 954 489 978 tamen
520 948 569 978 sic
594 946 733 989 intelligi
759 954 908 988 oportet,
945 949 1029 978 sicut
1055 959 1130 978 eum

134 998 289 1023 enarrant
314 990 489 1028 Christus,
515 990 702 1032 Prophetae
727 998 756 1021 01
785 990 958 1032 Apostoli,
990 998 1020 1021 et
1045 993 1130 1022 scia-

131 1046 206 1067 mus
231 1037 262 1066 in
294 1045 333 1065 eo
358 1035 595 1076 conlprehendi
628 1035 738 1065 omnia
767 1043 946 1075 praccepta
977 1034 1129 1072 Moraha,

132 1079 324 1120 ubicunqne
348 1077 505 1119 leguntur
529 1080 560 1109 in
586 1077 714 1109 Bihliis.
753 1078 842 1109 llaec
867 1085 935 1108 tota
956 1079 1131 1119 sapientia,
1157 1100 1159 1103 .

133 1133 219 1164 quae
243 1123 364 1153 dicitur
388 1122 441 1153 lex
467 1121 626 1160 Moralis,
663 1129 713 1152 est
740 1122 852 1153 radius
878 1122 1009 1153 dixinae
1034 1121 1130 1160 lut-is,

131 1164 326 1197 transfusus
352 1167 383 1196 in
409 1174 584 1197 creaturas
610 1164 792 1197 rationales
817 1167 847 1196 in
874 1167 1054 1204 creatione,
1076 1167 1130 1208 qui

133 1209 253 1241 dicitur
276 1209 330 1240 lus
351 1216 500 1248 naturae,
524 1220 585 1241 seu
609 1208 704 1251 leges
729 1207 912 1240 naturales.

222 1286 285 1319 Atii
309 1294 386 1319 sunt
412 1288 538 1329 gradus
562 1286 673 1329 legum
700 1288 730 1318 in
757 1287 848 1329 Lege
873 1286 990 1325 Moisi,
1029 1287 1129 1320 Cere-

132 1330 307 1369 moniales,
332 1338 362 1362 et
390 1331 566 1363 ludiciales
590 1342 650 1361 seu
676 1331 863 1368 Forenses,
898 1342 964 1372 qne
987 1339 1064 1362 sunt
1089 1332 1129 1363 de

133 1375 280 1405 externis
312 1375 484 1416 gestibus,
516 1376 557 1405 de
582 1375 795 1406 distinctione
819 1385 1055 1415 personarum,
1080 1386 1130 1406 re-

131 1427 204 1449 rurn
228 1424 260 1448 et
286 1415 482 1449 facultatum
508 1415 732 1456 mutabilium,
757 1425 788 1449 et
813 1417 896 1449 alias
919 1417 973 1449 alii
999 1420 1129 1450 externi

133 1468 250 1504 gestus
274 1462 414 1493 instituti
439 1468 530 1493 sunt.
577 1460 768 1493 Teneamus
799 1470 910 1493 autem
930 1461 1130 1504 qualescun-

132 1515 198 1547 que
223 1505 480 1546 descriptiones.

220 1574 331 1618 Leges
344 1573 598 1606 Ceremoniales
622 1581 699 1605 sunt
717 1581 900 1616 praecepta
920 1575 961 1605 de
981 1576 1128 1607 externis

133 1619 286 1661 gestibus
310 1619 566 1656 sacrificiorum,
592 1619 632 1649 de
652 1619 814 1661 g.·a‹libus
837 1620 1064 1657 sacerdotum,
1089 1621 1130 1651 de

133 1663 382 1694 discriminibus
407 1663 557 1693 ciborum
583 1670 613 1693 et
638 1663 791 1699 vestium,
815 1663 870 1705 qui
895 1670 1011 1705 gestus
1037 1664 1129 1694 insti·

132 1707 191 1737 tuti
215 1713 312 1745 sunt,
342 1707 521 1748 partitum
549 1712 665 1737 essent
688 1706 976 1748 significationes,
1011 1708 1130 1748 partim

131 1755 168 1781 ut
191 1750 423 1781 discernerent
446 1760 631 1791 personaS,
655 1751 773 1791 partim
787 1756 819 1781 ut
834 1751 1129 1782 essentexercitTa.

219 1818 332 1862 Leges
351 1818 521 1849 Forenses
545 1825 624 1850 sunt
646 1826 829 1861 praecepta
853 1820 895 1850 de
917 1820 1131 1852 distinetione

132 1861 391 1905 Magistratuum
414 1861 640 1901 politicorum,
666 1863 706 1894 de
727 1864 940 1894 distinctione
965 1871 995 1894 et
1010 1864 1050 1895 de
1075 1864 1130 1895 de-

132 1906 285 1939 fensione
310 1916 490 1948 corporum
514 1913 547 1937 et
570 1905 784 1946 facultatum,
815 1908 856 1939 de
881 1908 1062 1945 iutttettms,
1098 1915 1131 1939 et

131 1961 316 1993 poenarum
351 1950 524 1992 gradibus,
578 1950 662 1981 Sunt
697 1957 806 1982 autem
843 1951 874 1982 in
910 1950 960 1982 his
997 1961 1130 1994 quoque

132 1993 237 2026 multa
261 1994 427 2025 naturalia
451 2001 631 2035 praecepta
654 1994 686 2025 in
712 2005 849 2037 genere,
874 2006 959 2037 quae
974 2006 1039 2025 non
1054 2002 1131 2027 sunt

131 2036 304 2069 mutabilia
328 2038 418 2079 quod
443 2038 484 2068 ad
510 2048 617 2079 genus
630 2038 764 2069 attinet:
801 2038 868 2069 Sed
893 2038 1062 2080 speciales
1076 2040 1131 2071 de-

132 2081 383 2113 terminationes
414 2088 490 2112 sunt
516 2080 710 2120 mutabiles,
740 2088 775 2113 ut
800 2083 881 2113 iuris
905 2088 1043 2114 naturae
1067 2089 1131 2121 est,

132 2124 372 2157 haereditatem
398 2125 438 2156 ad
465 2123 553 2155 tilios
577 2132 607 2156 et
634 2124 719 2156 tittas
743 2127 927 2168 pertinere:
964 2126 1024 2157 sed
1055 2137 1131 2168 spe·

131 2166 227 2200 cialis
263 2169 495 2200 determinatio
519 2169 551 2199 in
576 2168 689 2210 politia
714 2169 866 2201 Mosaica
891 2175 973 2208 erat,
998 2176 1031 2201 ut
1055 2181 1130 2212 por-

132 2213 241 2244 tiones
266 2212 350 2243 duas
370 2211 509 2243 haberet
533 2213 638 2244 maior
660 2219 750 2244 natu.
786 2213 833 2245 lta
852 2214 1035 2255 prudenter
1053 2225 1129 2246 con·

132 2256 311 2294 sideretur,
336 2256 392 2287 ubi
417 2256 473 2287 fiat
497 2257 620 2287 mentio
639 2258 786 2299 generis,
811 2257 864 2289 vel
888 2257 1024 2299 speciei.

221 2315 352 2348 Deinde
376 2317 552 2359 notissima
575 2318 619 2348 sit
643 2319 827 2350 communis
852 2318 987 2361 regula:
1018 2317 1130 2361 Leges

135 2358 387 2391 Ceremoniales
422 2368 454 2391 et
488 2359 642 2392 forenses
667 2362 766 2393 Moisi
801 2363 943 2394 abolitas
973 2372 1062 2400 esse,
1097 2370 1130 2395 et

134 2414 208 2435 cum
233 2414 294 2434 sua
319 2402 434 2445 politia
458 2405 624 2436 extinctas
648 2415 735 2438 esse.
767 2406 873 2438 Huius
899 2404 1036 2448 regulae
1056 2405 1129 2438 fon·

133 2452 186 2478 tes
209 2453 242 2478 et
262 2457 385 2478 causas
405 2447 483 2478 sciri
505 2455 647 2490 oportet,
673 2456 706 2480 et.
725 2456 818 2482 reete
835 2449 1052 2491 intelligenda
1066 2457 1129 2489 est,

133 2501 176 2522 ne
201 2492 377 2522 turbentur
400 2499 599 2532 praesentes
623 2492 760 2534 po!itiae
783 2492 870 2525 falsa
896 2494 1128 2536 persuasione,

134 2535 225 2577 quod
253 2540 406 2576 oporteat
430 2541 568 2566 nostras
593 2535 727 2578 politias
752 2538 822 2580 regi
847 2537 981 2580 legibus
1006 2537 1130 2570 Mosai-

135 2578 204 2629 cis,
239 2577 336 2610 Sicut
369 2577 424 2610 hie
458 2590 554 2611 error
587 2590 693 2623 saepe
722 2592 866 2624 magnos
890 2579 1051 2614 tumultus
1075 2593 1130 2614 ex-

134 2622 261 2654 citavit.

790 119 833 150 V.
856 118 1124 151 EXPLlCATIO
1149 118 1352 150 SYMBOLI
1375 117 1536 150 NJCEM.

1004 606 1072 637 Sed
1097 607 1129 637 111
1155 643 1158 650 ¹

2113 120 2179 152 410

1270 213 1382 246 Causa
1405 220 1516 246 antem
1546 214 1774 257 abrogationis
1799 212 1975 246 manifesta
2002 214 2088 246 haec
2113 221 2177 254 est,

1182 257 1277 288 Deus
1303 257 1464 300 singulari
1498 259 1660 289 beneficio
1686 259 1857 289 constituit
1882 257 2030 299 politiam
2054 258 2178 290 Mosai-

1185 313 1270 337 cam,
1294 308 1327 332 ut
1354 309 1443 332 esset
1469 309 1560 333 certa
1585 303 1685 332 sedes
1711 309 1741 332 et
1767 309 1859 333 certa
1883 313 1987 343 gens,
2024 310 2055 333 et
2081 301 2179 343 quasi

1184 343 1314 382 schola,
1341 346 1372 375 in
1398 356 1461 386 qua
1487 352 1679 376 servaretur
1699 346 1850 377 docti-ina
1876 346 1916 377 de
1941 344 2022 376 Filio
2049 345 2122 383 Dei,
2148 350 2182 376 et

1184 395 1413 429 repeterentur
1438 390 1695 429 promissiones,
1733 396 1764 420 et
1787 390 1992 420 adderentur
2027 388 2181 420 illustris-

1184 432 1267 462 sima
1291 433 1499 469 testimonia,
1524 440 1554 463 et
1580 434 1609 463 in
1635 444 1699 474 qua
1725 440 1852 464 certum
1876 439 1965 464 esset
1987 431 2104 463 Filium
2128 442 2182 463 as-

1185 483 1294 506 sumta
1320 482 1437 506 natura
1461 475 1604 506 humana
1630 478 1906 508 concionaturum
1931 487 2020 514 esse,
2045 484 2074 507 et
2094 475 2181 507 futu-

1155 534 1157 561 1
1185 530 1256 550 rum
1283 520 1466 557 victimam,
1497 526 1527 549 et
1555 528 1820 551 resurrecturum
1845 530 1934 556 esse,
1960 528 1991 551 et
2015 521 2180 551 editurum

1155 563 1158 630 ι
1185 563 1372 593 testimonia
1399 564 1582 595 doctrinae.
1607 564 1680 604 quia
1695 563 1791 594 Deus
1816 564 1857 594 de
1882 563 1932 594 his
1958 564 2058 594 tantis
2080 564 2180 594 rebus

1185 605 1254 637 vult
1292 618 1355 637 nos
1384 613 1495 637 certos
1526 617 1623 644 esse,
1661 606 1764 638 voluit
1794 616 1904 638 autem
1934 614 2050 648 postea
2082 606 2181 638 finem

1185 660 1261 681 esse
1286 649 1383 681 huius
1404 649 1548 691 politiae.

1273 710 1355 741 Sunt
1383 722 1464 742 vero
1488 709 1582 751 leges
1598 709 1849 742 Cet-entoniales
1874 717 1903 741 et
1918 711 2086 742 Forenses
2108 712 2182 751 ipsa

1185 753 1291 785 forma
1317 754 1461 795 politiae.
1496 754 1617 785 Deleta
1642 755 1740 795 igitur
1761 754 1823 790 hae
1848 754 1974 796 politia,
1999 755 2061 785 hae
2085 753 2180 796 leges

1184 799 1224 829 ad
1251 798 1282 828 111
1304 805 1434 839 tempus
1453 799 1607 835 traditae,
1632 799 1728 829 etiam
1750 799 1943 829 destructae
1963 805 1994 829 et
2014 799 2182 829 extinctae

1156 858 1158 867 ι
1185 841 1333 879 sunt-'ut
1358 843 1388 872 in
1415 842 1510 873 Actis
1536 849 1565 873 et
1592 843 1621 872 in
1648 841 1758 872 Galat.
1784 843 1983 883 perspicuae
2007 852 2182 873 assevera-

1185 886 1294 916 tiones
1319 893 1431 916 extant
1460 886 1501 917 (lc
1525 887 1745 926 abrogatione
1770 886 1886 916 harum
1919 884 2040 927 legum.
2089 886 2183 916 l'rin-

1187 928 1302 970 cipalis
1327 938 1437 960 autem
1463 940 1566 960 causa
1592 929 1831 960 destructionis
1856 928 2004 969 politiae,
2029 936 2059 959 et
2085 930 2183 959 abro-

1156 988 1159 1001 ·
1187 973 1330 1013 gationis
1356 972 1628 1004 Ceremoniarum
1655 973 1738 1003 haec
1766 980 1833 1004 est:
1868 971 1945 1003 Vult
1973 973 2065 1003 Deus
2090 971 2183 1003 intel-

1156 1007 1159 1046 Ι
1185 1017 1241 1058 ligi
1267 1017 1521 1058 promissionem
1547 1018 1587 1047 de
1613 1016 1737 1047 nessia
1767 1016 1886 1048 afferre
1921 1023 2058 1047 aeterna
2083 1017 2182 1054 bona,

1187 1063 1286 1092 vitam
1321 1068 1348 1091 et
1378 1061 1533 1091 iustitiam
1558 1067 1745 1097 aeternam,
1781 1071 1846 1092 non
1879 1066 2005 1091 tantum
2029 1060 2090 1090 has
2115 1071 2184 1091 um-

1186 1106 1284 1142 bras,
1318 1104 1555 1141 ceremonias,
1591 1111 1623 1134 et
1648 1105 1758 1145 exigui
1795 1104 1954 1144 temporis
1991 1103 2184 1144 hospitium,

1186 1148 1265 1179 Vult
1291 1146 1389 1178 simul
1414 1146 1551 1189 intelligi
1567 1147 1752 1178 Ecclesiam
1774 1148 1805 1179 in
1826 1147 1890 1178 hac
1911 1148 1978 1178 11111
1998 1148 2184 1178 subiectam

1185 1202 1263 1223 esse
1289 1191 1399 1229 cruci,
1432 1198 1463 1222 et
1489 1198 1598 1222 tamen
1625 1190 1821 1222 mirabiliter
1843 1192 1986 1229 servari,
2007 1190 2060 1222 vel
2082 1191 2112 1221 in
2127 1202 2184 1232 po-

1185 1235 1253 1266 litia
1276 1235 1425 1276 propria,
1452 1242 1486 1265 ut
1512 1241 1591 1266 111110
1616 1235 1646 1265 111
1662 1233 1764 1266 lsrael
1788 1234 1982 1266 mirabiliter
2001 1235 2088 1265 inter
2111 1245 2185 1265 cru-

1185 1290 1256 1310 00111
1293 1286 1430 1310 set-vata
1454 1285 1516 1314 est,
1543 1277 1594 1309 vel
1631 1279 1663 1309 111
1703 1277 1778 1310 aliis
1808 1279 1972 1320 imperiis,
2001 1284 2036 1309 ut
2061 1278 2093 1308 in
2117 1278 2184 1310 exi-

1184 1322 1228 1354 lio
1253 1322 1469 1365 Babylonico
1494 1333 1629 1364 quoque
1652 1329 1788 1354 servata
1808 1328 1859 1353 est
1884 1321 2051 1354 Ecclesia.

1271 1418 1385 1454 Quare
1404 1417 1456 1449 lex
1471 1416 1622 1456 Horatiis,
1647 1428 1722 1449 cum
1747 1424 1867 1448 natura
1890 1424 1970 1449 nota
1994 1417 2049 1455 sit,
2073 1423 2184 1449 tamen

1182 1461 1394 1504 promulgata
1419 1468 1481 1500 est,
1501 1469 1531 1493 et
1557 1472 1632 1493 011111
1656 1461 1742 1493 haec
1767 1460 1936 1493 imbecilla
1966 1468 2086 1493 natura
2115 1471 2184 1493 non

1184 1514 1301 1548 posset
1325 1506 1354 1536 ei
1378 1505 1600 1537 satisfacere?

1270 1583 1486 1625 Respondeo.
1522 1583 1593 1614 Etsi
1618 1583 1755 1614 notitiae
1773 1582 1860 1624 legis
1874 1581 2015 1613 Moralis
2035 1583 2067 1614 in
2088 1593 2182 1614 crea-

1183 1629 1273 1659 tione
1298 1629 1331 1659 111
1357 1628 1507 1659 homines
1531 1626 1723 1658 transfusae
1747 1633 1843 1664 sunt,
1880 1633 1911 1658 et
1935 1625 2044 1658 adhuc
2069 1626 2182 1668 aliquo

1184 1673 1282 1703 modo
1319 1672 1496 1703 nobiscum
1521 1679 1716 1709 nascuntur,
1756 1677 1865 1702 tamen
1896 1677 1975 1711 post
2006 1677 2183 1710 peccatum

1184 1726 1304 1757 magna
1329 1714 1438 1757 caligo
1474 1720 1504 1745 et
1528 1713 1687 1756 languida
1712 1715 1867 1745 assensio
1892 1721 1961 1751 est,
1986 1715 2062 1745 ideo
2087 1713 2183 1745 Deus

1185 1769 1318 1800 semper
1340 1761 1372 1790 in
1404 1757 1560 1789 Ecclesia
1590 1759 1666 1790 inde
1694 1769 1801 1800 usque
1830 1759 1872 1789 ab
1898 1758 2005 1789 Adam
2030 1758 2184 1799 repetivit

1184 1802 1293 1845 legem
1319 1801 1481 1834 Moralem
1505 1813 1565 1833 sua
1589 1813 1693 1840 voce,
1729 1809 1762 1833 et
1797 1800 1983 1833 illustribus
2019 1800 2182 1842 exemplis

1185 1858 1369 1888 poenarum
1404 1858 1476 1878 eam
1508 1846 1629 1883 sanxit,
1666 1852 1699 1877 nt
1732 1846 1773 1876 de
1798 1845 1975 1877 homicidio
2006 1846 2038 1876 in
2072 1855 2183 1886 poena

1185 1891 1280 1929 Cain,
1305 1898 1336 1921 et
1361 1891 1402 1921 de
1426 1888 1680 1921 confusionibus
1700 1888 1869 1921 libidinum
1889 1890 1920 1920 in
1941 1899 2049 1930 poena
2069 1888 2183 1920 diluvii

1185 1942 1216 1967 et
1242 1935 1482 1970 Sodomorum,
1514 1940 1545 1965 et
1570 1940 1691 1975 postea
1714 1934 1856 1965 maxime
1880 1931 2066 1964 illustribus
2091 1933 2182 1964 testi·

1185 1979 1306 2010 moniis
1330 1977 1544 2020 promulgata
1568 1985 1619 2009 est
1644 1978 1676 2008 in
1700 1978 1801 2008 Sinai.
1860 1976 2057 2018 Quanquam
2082 1977 2183 2019 igitur

1184 2022 1401 2064 aliquomodo
1426 2028 1566 2053 naturae
1591 2027 1670 2052 nota
1694 2027 1757 2058 est,
1782 2028 1892 2052 tamen
1908 2021 1942 2052 fit
1955 2021 2182 2062 conspectior,

1185 2066 1274 2098 edita
1299 2076 1383 2097 voce
1402 2066 1532 2097 divina:
1557 2071 1589 2097 et
1615 2065 1805 2096 testimonio
1826 2065 1959 2096 divinae
1971 2065 2067 2096 voci-3
2092 2075 2183 2096 eom-

1185 2109 1380 2148 monefacti,
1415 2109 1632 2151 agnosci-nus
1663 2108 1752 2139 hanc
1782 2107 1892 2150 legem
1923 2108 2069 2139 divinam
2092 2118 2182 2146 esse,

1184 2160 1217 2185 et
1240 2152 1412 2185 naturales
1437 2153 1571 2184 notitias
1591 2151 1656 2183 hac
1679 2163 1765 2183 voce
1789 2153 1961 2195 regendas
1986 2162 2073 2183 esse.
2099 2150 2182 2183 Vult

1185 2204 1296 2229 autem
1322 2197 1416 2228 Deus
1429 2197 1553 2238 Legem
1580 2203 1692 2228 notam
1716 2206 1805 2235 esse,
1826 2205 1859 2227 ut
1884 2196 1928 2228 sit
1948 2196 2101 2236 doctrina
2120 2205 2182 2227 seu

1184 2242 1410 2273 testimonium
1433 2241 1475 2272 de
1499 2238 1611 2272 multis
1635 2240 1764 2283 magnis
1784 2241 1898 2272 rebus.

1272 2319 1418 2351 Piimum
1442 2319 1556 2357 docet,
1590 2319 1681 2361 quod
1712 2320 1756 2350 sit
1784 2317 1897 2356 Deus,
1931 2323 1964 2349 et
1994 2315 2103 2359 qualis
2126 2317 2179 2349 sit.

1182 2363 1275 2395 Talis
1300 2370 1352 2395 est
1377 2364 1463 2395 enim
1488 2364 1592 2404 ipsius
1616 2363 1784 2401 essentia,
1816 2362 1949 2404 qualem
1977 2372 2015 2392 se
2039 2371 2118 2392 esse
2147 2361 2181 2393 in

1183 2406 1260 2450 lege
1284 2408 1441 2445 ostendit,
1465 2408 1614 2448 sapiens,
1638 2417 1752 2445 verax,
1774 2407 1957 2443 bettericus,
1980 2406 2101 2443 iustus,
2126 2414 2180 2436 ca-

1183 2458 1276 2490 stus,
1311 2461 1453 2483 servans
1485 2450 1678 2482 conformes
1715 2456 1906 2487 creatura-5,
1937 2454 1969 2480 et
2003 2449 2181 2480 destruens

1184 2496 1394 2534 contrarias,
1423 2495 1627 2538 cogitatione
1657 2493 1774 2525 harum
1805 2493 1960 2524 virtutum
1986 2493 2180 2524 discernere

1183 2539 1346 2571 debemus
1370 2540 1458 2570 iusta
1481 2545 1514 2570 et
1537 2539 1676 2576 iniusta,
1711 2543 1744 2568 et
1773 2537 1883 2568 Deum
1911 2536 2051 2575 iustum,
2085 2546 2181 2568 vera-

1183 2593 1276 2622 cem,
1307 2589 1457 2621 castum‚
1487 2583 1529 2614 ab
1553 2581 1629 2614 aliis
1653 2581 1799 2619 iniustis,
1822 2581 2042 2613 mendacibus
2066 2586 2100 2613 et
2122 2581 2181 2612 ob·

1181 2627 1318 2658 scoenis
1342 2627 1480 2660 naturis.
