2383 2990
19 1357 31 1434 4-'-⁴·”

32 2094 45 2193 :⁴.=*‘.-·
40 2062 42 2065 .

158 134 224 168 285

159 229 332 263 voluntate
355 234 472 260 nostra
496 226 761 260 confirmandam
785 238 881 267 esse,
912 228 974 260 sed
998 227 1155 259 obedien-

159 275 236 306 dum
258 273 414 305 mandato
439 278 471 304 et
493 272 661 304 vocationi
685 272 828 304 divinae.

244 351 377 390 Tertio,
406 350 586 392 petendum
617 360 694 382 esse
728 349 885 382 atfflilium
914 350 977 381 Dei
1006 351 1038 382 in
1062 355 1155 381 tanta

158 393 245 428 mole
273 396 484 438 negotiorum
516 401 549 425 et
577 392 821 436 periculorum,
854 405 953 436 quam
990 395 1061 425 sola
1098 394 1156 424 hu—

156 449 254 471 mana
280 439 444 481 sapientia
474 444 506 470 et
529 438 695 470 humanae
724 439 814 469 vires
838 438 1006 468 sustinere
1030 448 1155 478 nequa-

157 493 256 524 quam
279 489 442 524 possunt,
477 483 536 513 sed
561 492 694 523 semper
718 484 833 523 regula
857 487 1029 519 teneatur,
1059 492 1154 522 prae-

158 532 257 558 eunte
279 528 405 568 gratia,
435 527 616 558 comitante
639 524 828 564 voluntate,
862 526 949 556 bona
973 531 1005 556 et
1029 524 1154 556 saluta-

155 570 204 602 ria
227 580 332 612 opera
357 570 439 602 fieri.

243 648 336 680 llaec
366 647 506 691 simplex
538 648 706 679 enarratio
740 657 819 679 vera
852 653 883 678 et
907 646 996 678 utilis
1021 655 1091 686 cst,
1121 652 1154 678 et

154 698 332 734 utrumque
358 693 470 724 vitium
496 698 598 729 taxat,
614 692 779 733 ignaviam
804 697 835 722 et
861 691 1015 722 fiduciam
1035 691 1153 729 nostri,

155 742 187 768 et
211 743 350 769 econtra
374 736 554 778 praecipit,
589 741 625 766 ut
649 734 823 777 diligentia
847 741 965 767 nostra
989 735 1153 766 exuscite-

154 786 218 819 tur,
243 786 275 812 et
299 779 396 811 simul
420 790 501 812 vcra
526 778 591 810 fide
616 784 647 809 et
677 790 738 821 spe
763 785 917 820 petamus
944 785 975 810 et
999 786 1152 820 expecte-

152 835 226 856 mus
251 824 539 867 gubernationem,
564 821 734 861 auxihum,
760 829 789 854 et
816 825 983 855 salutares
1009 829 1151 854 eventus

152 879 173 900 a
196 868 283 900 Deo.
694 873 700 878 ·

239 946 368 978 Eodem
408 946 507 976 modo
551 944 780 987 intelligantur
817 951 847 975 et
885 946 974 975 dicta
1008 943 1152 975 Psalmi:

153 990 225 1022 Nisi
253 989 420 1022 Dominus
452 990 646 1021 custodierit
674 989 859 1026 ciiitatenr.
884 987 1010 1020 frustra
1037 987 1151 1030 vigilat

153 1035 209 1076 qui
245 1034 389 1066 custodit
425 1044 508 1065 eam.
567 1032 754 1064 Vei-issima
790 1033 910 1063 concio
943 1039 993 1064 est
1024 1034 1151 1063 docens

152 1088 238 1120 opus
269 1088 348 1109 esse
378 1076 501 1109 auxilio
530 1076 615 1116 Dei,
646 1088 710 1108 ne(-
741 1077 901 1119 sequitur.
950 1077 1041 1117 Ergo
1074 1077 1152 1108 nihil

151 1123 221 1165 agit
245 1120 403 1153 voluntas
434 1121 575 1153 Davidis
606 1122 637 1152 in
669 1122 819 1152 excubiis
845 1121 1082 1162 disponendis,
1119 1121 1150 1151 in

151 1164 371 1206 praeliando,
412 1172 444 1197 et
487 1164 561 1197 aliis
605 1164 778 1196 laboribus
821 1164 1043 1203 militaribus,
1086 1165 1150 1195 imo

150 1210 272 1251 ingens
296 1209 476 1240 discrimen
502 1216 552 1239 est
577 1209 662 1240 inter
687 1207 978 1250 vigilantissimum
1003 1215 1035 1239 et
1058 1218 1152 1239 acer·

151 1254 269 1285 rimum
293 1253 411 1284 ducem
435 1252 618 1290 Davidem,
652 1262 680 1284 et
708 1253 794 1284 inter
817 1253 974 1294 ignavum
999 1257 1029 1283 et
1053 1252 1151 1293 trepi-

152 1297 230 1329 dum
255 1295 380 1328 Achas.

238 1374 291 1405 Ac
326 1373 482 1406 differunt
515 1380 660 1416 utraque
695 1384 749 1412 re,
792 1372 963 1415 diligentia
1006 1380 1039 1405 et
1073 1373 1150 1405 fide.

151 1417 259 1449 Ardet
293 1424 414 1459 pectus
448 1416 590 1448 Davidis
626 1416 692 1448 fide
716 1423 749 1448 et
780 1428 853 1458 spe,
890 1424 1008 1459 petens
1036 1423 1069 1449 ct
1093 1428 1150 1449 ex-

148 1467 292 1504 pectans
316 1460 476 1493 mutilium
499 1472 519 1492 a
542 1460 631 1500 Deo,
655 1460 697 1491 Et
722 1461 843 1493 iiducia
867 1472 907 1493 ac
932 1472 993 1504 spe
1017 1460 1150 1503 plenus,

149 1503 254 1537 alacri
288 1505 400 1537 animo
430 1504 568 1537 labores
604 1505 758 1547 ingentes
794 1506 946 1547 suscipit.
1002 1505 1150 1537 Econtra

149 1548 267 1581 Achas
291 1550 446 1591 cogitans
470 1559 508 1580 se
531 1549 702 1581 desertum
724 1560 803 1581 esse
826 1548 946 1588 aDeo,
959 1560 1150 1592 quanquam

177 1594 284 1625 uaerit
305 1592 452 1624 humana
475 1593 655 1635 praesidia,
669 1599 781 1625 tamen
795 1594 905 1625 animo
931 1600 1149 1625 consternato

148 1603 234 1679 i‘lugit
262 1637 369 1668 aciem
401 1643 433 1669 et
464 1637 630 1679 pericula:
667 1637 715 1669 Ita
738 1638 771 1669 in
795 1648 835 1669 co
866 1636 1024 1670 voluntas
1049 1638 1150 1669 etiam

149 1679 340 1724 languidior
363 1687 428 1719 est,
453 1692 553 1723 quam
576 1682 609 1713 in
632 1680 775 1714 Davide-

237 1758 367 1790 Eodem
379 1759 479 1791 modo
497 1765 530 1790 et
553 1759 620 1790 hoc
644 1759 769 1791 dictum
792 1758 1010 1803 intelligatur,
1034 1759 1149 1792 lohan.

149 1802 181 1834 3.
227 1802 303 1834 Non
326 1808 439 1844 potest
469 1803 533 1834 sibi
561 1802 663 1834 homo
695 1803 875 1846 quidquam
906 1814 1055 1843 sumere,
1086 1804 1150 1836 nisi

151 1847 264 1878 datum
293 1846 337 1878 sit
366 1847 395 1878 ei
419 1847 461 1878 de
485 1845 599 1878 coelo:
635 1853 671 1878 ut
707 1857 782 1878 cum
817 1854 870 1879 est
905 1854 1074 1880 certamen
1110 1849 1151 1880 de

149 1889 289 1932 imperio
319 1890 404 1922 inter
434 1891 618 1922 Antonium
647 1895 680 1922 et
714 1890 926 1934 Augustum,
962 1892 1044 1923 irriti
1073 1898 1152 1924 sunt

150 1939 295 1967 conatus
320 1933 469 1972 Antonii,
493 1935 570 1976 quia
601 1945 670 1966 non
700 1935 857 1968 iuvantur
880 1946 898 1967 a
924 1935 1012 1968 Deo.
1057 1935 1152 1968 Talia

149 1983 227 2010 sunt
250 1976 403 2020 exempla
425 1977 689 2011 innumerabilia.

239 2064 412 2097 Conantur
441 2063 499 2097 filii
527 2065 690 2108 Ephraim
721 2066 892 2099 Israelitas
923 2068 1087 2100 iaenducere
1118 2069 1151 2101 in

150 2114 276 2141 terram
311 2108 468 2149 Canaan,
512 2120 612 2152 quam
647 2111 801 2143 sciebant
835 2112 952 2143 semini
988 2112 1150 2146 Abrahae

149 2153 351 2196 promissam
375 2163 464 2192 esse,
489 2154 552 2186 sed
574 2164 642 2186 non
665 2155 871 2197 respondent
900 2156 1045 2188 honesto
1071 2167 1150 2189 con-

149 2195 227 2228 silio
250 2203 410 2236 eventuS,
440 2197 519 2240 quia
541 2197 637 2230 Deus
667 2197 866 2231 decreverat
895 2198 962 2232 alio
986 2201 1088 2233 modo
1111 2212 1150 2233 se

151 2241 348 2273 educturum
372 2251 451 2273 esse
475 2240 648 2273 Israelitas
672 2251 713 2274 ex
736 2242 908 2286 Aegypto.

238 2319 482 2352 Demosthenis
524 2318 586 2351 fuit
620 2319 798 2354 honestum
842 2322 1037 2363 consilium,
1074 2335 1150 2356 cum

151 2363 317 2396 adversus
347 2362 556 2396 Macedonas
581 2363 763 2397 defendere
788 2365 965 2399 Graeciam
995 2374 1149 2407 conatur,

151 2408 213 2439 sed
235 2406 297 2439 fuit
319 2405 448 2447 infelix,
472 2407 551 2450 quia
573 2418 641 2439 non
664 2410 842 2441 iuvabatur
866 2412 1034 2444 divinitus.
1075 2412 1149 2445 Nec

150 2456 262 2484 tamen
281 2450 363 2483 nihil
395 2452 518 2494 agebat
541 2450 699 2484 voluntas
722 2454 756 2484 in
779 2453 1031 2494 Demosthene,
1062 2467 1149 2498 quae

152 2499 185 2526 et
207 2493 344 2528 volebat
367 2496 498 2537 patriae
521 2493 762 2536 defensionem,
788 2504 821 2530 et:
844 2510 986 2542 magnos
1010 2500 1149 2532 labores

151 2536 218 2570 hac
239 2538 411 2572 voluntate
434 2539 652 2581 suscipiebat.
698 2541 767 2574 Sed
789 2542 832 2573 ad
857 2550 1010 2576 eventum
1034 2543 1149 2587 plures

154 2591 276 2615 causas
308 2593 514 2616 concurrere
545 2585 741 2626 oportebat,
776 2585 935 2620 auxilium
958 2587 1041 2629 Dei,
1067 2599 1149 2621 con·

152 2634 290 2659 sensum
314 2633 347 2659 et
370 2626 510 2661 labores
534 2625 682 2661 militum.

804 131 858 164 IV.
881 130 1142 163 ENARRATIO
1167 130 1371 165 SYMBOLI
1400 132 1561 165 NICENI.

2140 136 2205 169 286

1296 227 1372 259 Non
1395 229 1496 269 igitur
1520 229 1552 260 in
1576 227 1632 260 illo
1657 230 1746 261 dicto
1771 230 1956 262 detrahitur
1984 229 2122 263 libertas
2147 242 2204 263 vo-

1207 269 1337 308 luntati,
1363 273 1423 302 sed
1448 273 1488 303 de
1513 279 1634 304 eventu
1657 274 1795 312 dicitur,
1826 273 2024 306 electionem
2048 282 2081 306 et
2105 286 2202 307 cona-

1208 320 1262 345 tus
1297 314 1407 345 irritos
1444 326 1539 354 esse,
1575 318 1638 348 nisi
1670 328 1689 348 a
1713 317 1789 350 Deo
1825 320 2056 361 gubernentur
2091 325 2123 350 et
2158 319 2205 351 iu—

1208 363 1341 389 ventur.

1296 435 1340 467 Ut
1364 443 1476 468 autem
1500 436 1585 468 haec
1609 438 1808 481 dicta,quae
1828 441 1978 479 recitavi,
2005 441 2205 472 concionan-

1208 486 1261 511 tur
1286 480 1327 510 de
1351 481 1509 521 negativa
1534 483 1716 520 sententia,
1749 494 1815 514 non
1846 483 1970 515 sufficit
2003 483 2123 516 electio
2148 495 2205 516 vo-

1208 522 1347 554 luntatis
1373 525 1445 555 sine
1470 524 1594 556 auxilio
1615 524 1679 556 Dei
1705 527 1746 557 ad
1771 537 1836 565 res,
1862 528 1969 559 bonas
1993 529 2203 569 praesertim,

1208 566 1422 605 efficiendas,
1453 568 1496 598 ita
1521 569 1609 599 dicta
1634 569 1698 600 alia
1724 572 1966 611 promissiones
1991 579 2024 603 ct
2048 572 2203 604 consola-

1209 612 1318 642 tiones
1345 612 1525 651 continent,
1550 623 1637 654 quae
1661 614 1835 646 adfirmant
1861 614 1948 646 velle
1972 615 2083 647 Deum
2108 617 2205 648 nobis

1209 654 1376 696 opitulari,
1401 656 1518 687 iuvare
1542 655 1689 695 labores,
1714 659 1878 689 moderari
1904 659 2065 700 pericula,
2087 670 2204 701 regere

1208 706 1362 737 eventus,
1388 706 1422 730 ut
1447 700 1513 731 sint
1537 698 1638 732 fausti
1663 709 1693 732 et
1720 701 1889 733 salutares
1913 704 2009 734 nobis¹
2031 710 2061 735 et
2088 703 2171 735 aliis.

1177 776 1181 797 t
1294 793 1377 826 Tale
1407 801 1458 826 est
1490 794 1557 827 hoc
1589 797 1713 828 dictum
1742 799 1784 829 ad
1817 797 2063 840 Philippenses,
2110 798 2204 831 Deus

1206 837 1319 877 efticit,
1341 845 1373 870 ut
1398 838 1520 877 velitis,
1547 836 1578 871 et
1603 841 1803 881 perficiatis,
1830 848 1863 872 ut
1888 841 1999 884 aliqua
2024 843 2085 882 ipsi
2110 849 2204 884 grata

1207 882 1296 913 liant.
1341 882 1425 913 Cum
1449 884 1490 914 ad
1509 883 1614 915 Deum
1641 886 1798 916 conversi
1824 896 1953 917 sumus.
1978 885 2083 917 multa
2107 888 2205 928 impe-

1205 927 1295 957 diunt
1334 926 1422 957 hanc
1453 928 1693 966 obedientiam,
1731 929 1869 960 insidiae
1900 929 2052 968 Diaboli,
2088 938 2205 962 nostra

1177 969 1181 1007 ξ
1206 970 1397 1008 infirmitas,
1429 978 1459 1002 et
1492 973 1623 1013 tyranni
1650 974 1926 1014 gubernationem
1950 973 2143 1013 Ecclesiae,
2173 981 2205 1006 et

1177 1012 1291 1070 lalias
1328 1015 1457 1054 piorum
1494 1017 1690 1047 vocationes
1726 1016 1929 1049 horribiliter
1965 1019 2110 1050 turbant.
2170 1017 2202 1049 ln

1206 1057 1257 1088 his
1282 1056 1537 1091 diliioultrttibus
1563 1059 1654 1091 multi
1680 1059 1897 1104 languetiunt.

1294 1153 1492 1185 Consolatio
1529 1156 1627 1197 igitur
1663 1157 1877 1198 proponitur,
1914 1158 1945 1188 in
1975 1168 2039 1200 qua
2069 1164 2101 1189 et
2128 1169 2204 1200 pro-

1205 1197 1321 1227 missio
1358 1204 1426 1236 est,
1469 1204 1501 1229 ct
1535 1206 1731 1241 argumenta
1774 1201 1839 1232 duo
1883 1208 1977 1240 sunt,
2012 1203 2151 1233 alterum
2185 1212 2205 1233 a

1204 1242 1316 1282 priore
1351 1240 1514 1273 beneficio
1551 1249 1715 1282 sumtum,
1745 1244 1888 1276 alterum
1918 1256 1938 1276 a
1968 1256 2071 1277 causa
2101 1244 2203 1277 finali.

1176 1268 1181 1335 Ι
1204 1284 1311 1315 Deus.
1336 1286 1458 1327 inquit,
1491 1286 1641 1327 perficiet
1675 1287 1868 1320 inchoatum
1893 1288 2111 1328 beneficium,
2142 1300 2206 1321 nec

1205 1329 1340 1359 deseret
1376 1339 1436 1360 vos
1473 1330 1504 1360 in
1539 1331 1697 1372 periculis
1728 1338 1760 1363 et
1791 1334 1822 1363 in
1857 1331 2113 1372 afflictionibus,
2144 1333 2205 1365 sed

1204 1373 1331 1403 iuvabit
1366 1383 1448 1411 vos,
1479 1380 1515 1404 ut
1540 1375 1740 1416 gubernatio
1779 1376 1820 1407 sit
1850 1374 2028 1415 salutaris,
2066 1377 2143 1420 quia
2172 1383 2205 1409 et

1203 1421 1304 1447 antea
1335 1417 1367 1447 in
1404 1419 1629 1450 conversione
1655 1430 1716 1450 vos
1741 1420 1884 1459 adiuvit,
1914 1426 1947 1451 et
1976 1431 2059 1452 vera
2083 1431 2205 1452 conso·

1203 1457 1327 1491 latione
1363 1470 1426 1491 vos
1461 1462 1586 1501 erexit,
1624 1468 1655 1494 et
1680 1460 1748 1495 vult
1780 1462 1890 1506 aliqua
1921 1464 1993 1496 fieri
2015 1465 2054 1503 {in
2079 1475 2205 1508 genere

1203 1502 1349 1535 humano
1375 1504 1437 1546 ipsi
1456 1512 1570 1547 grata.

1293 1598 1386 1630 Haec
1422 1602 1588 1633 sententia
1616 1601 1716 1634 valde
1746 1601 1932 1636 illustratur
1956 1603 2113 1646 exemplo
2136 1606 2202 1647 pri-

1203 1653 1334 1674 morum
1357 1650 1543 1685 parentum.
1586 1644 1770 1679 Promis-sio
1796 1647 1995 1680 consolatur
2019 1659 2091 1687 eOS,
2115 1649 2204 1691 quod

1173 1685 1300 1762 'Deus
1332 1686 1411 1719 velit
1442 1689 1490 1719 eis
1523 1699 1620 1731 opem
1650 1688 1757 1728 fferre,
1793 1692 1922 1724 etiamsi
1954 1693 2068 1725 vident
2097 1693 2205 1725 tristia

1204 1730 1359 1773 exempla
1382 1731 1499 1771 multa,
1523 1743 1641 1765 necem
1663 1733 1784 1774 Abeli,
1808 1735 1923 1768 scelus
1948 1735 2043 1775 Cain,
2067 1742 2101 1768 et
2124 1735 2201 1769 alia.

1204 1773 1454 1807 Contirmantur
1500 1783 1610 1809 autem
1656 1778 1798 1820 primum
1843 1780 1918 1821 ipsa
1966 1781 2204 1822 promissione,

1205 1818 1325 1850 deinde
1356 1820 1547 1851 testimonio
1576 1821 1723 1853 inchoati
1756 1823 1928 1862 benefic-Ti,
1952 1832 1984 1856 et
2009 1825 2203 1857 considera-

1204 1863 1295 1894 tione
1320 1873 1444 1895 causae
1468 1863 1591 1896 finalis.
1627 1865 1729 1897 Videt
1747 1867 1857 1899 Adam
1880 1867 1988 1900 Deum
2013 1880 2055 1900 ex
2078 1879 2204 1901 arcana

1204 1906 1286 1937 sede
1321 1908 1543 1948 prodeuntem
1577 1920 1640 1941 sua
1674 1920 1760 1942 voce
1795 1912 1896 1943 edere
1932 1913 2204 1954 promissionem,

1204 1949 1271 1981 scit
1293 1959 1331 1982 se
1362 1952 1394 1982 in
1418 1958 1525 1984 morte
1559 1959 1592 1985 et
1621 1953 1800 1986 horrendis
1831 1957 2016 1997 pavoribus
2047 1956 2203 1989 consola-

1204 1994 1295 2026 tione
1319 1994 1431 2027 divina
1455 2002 1606 2029 erectum
1629 2008 1720 2037 esse,
1744 1999 1809 2031 scit
1832 1998 1979 2032 exhibita
2003 2011 2082 2032 esse
2106 2002 2203 2043 signa

1203 2037 1490 2114 retgcsnciliationis
1514 2040 1547 2072 in
1570 2041 1760 2081 sacrificiis,
1786 2054 1873 2086 quae
1896 2044 2035 2077 incensa
2059 2050 2136 2078 sunt
2160 2045 2203 2077 de

1204 2091 1244 2114 co
1281 2092 1312 2114 ο.

1292 2159 1386 2193 Haec
1417 2163 1584 2203 pertinent
1616 2164 1659 2195 ad
1687 2165 1827 2206 primam
1856 2165 2074 2208 particulam,
2107 2165 2204 2199 Deus

1203 2201 1318 2244 efficit,
1337 2211 1373 2237 ut
1397 2204 1518 2237 velitis.
1564 2206 1642 2239 Edit
1671 2218 1790 2240 vocem
1814 2208 1991 2253 Evangelii
2013 2210 2121 2249 Deus,
2145 2221 2203 2243 vo-

1204 2254 1278 2287 cat,
1313 2248 1431 2288 trabit,
1469 2250 1684 2290 consolatur,
1719 2252 1866 2286 vivificat
1900 2256 1934 2286 in
1969 2255 2202 2287 conversione.

1203 2291 1309 2324 Recte
1332 2293 1434 2335 igitur
1459 2295 1681 2327 ratiocinatur
1703 2296 1829 2328 Adam:
1860 2297 1956 2331 Deus
1985 2309 2053 2330 non
2077 2297 2204 2331 frustra

1204 2336 1306 2368 edidit
1335 2347 1455 2369 vocem
1478 2337 1672 2382 Evangelii,
1703 2350 1766 2372 nec
1794 2339 1921 2373 fmstra
1950 2352 2014 2374 nos
2038 2353 2100 2375 sua
2124 2352 2202 2374 con-

1202 2379 1376 2412 solatione
1405 2382 1530 2421 erexit,
1562 2389 1596 2415 et
1619 2385 1765 2416 ostendit
1794 2395 1833 2416 se
1862 2384 2035 2418 efficacem
2066 2396 2144 2419 esse
2168 2387 2203 2418 in

1201 2425 1313 2456 nobis.
1361 2424 1455 2456 Haec
1486 2425 1656 2459 inchoatio
1689 2428 1913 2461 testimonium
1936 2436 1989 2462 est
2012 2431 2201 2462 misericor-

1202 2468 1292 2500 diae:
1315 2467 1399 2501 Vult
1421 2470 1522 2512 igitur
1544 2470 1736 2511 inchoatum
1760 2473 1958 2506 beneficium
1980 2474 2155 2517 perficere.

1219 2580 1222 2583 Δ
1290 2546 1381 2579 Idem
1405 2559 1469 2580 nos
1493 2550 1699 2593 cogitemuS,
1727 2561 1792 2583 nec
1814 2550 1941 2585 frustra
1965 2553 2136 2585 decretum
2160 2553 2202 2586 de

1203 2590 1495 2633 reconciliatione,
1531 2605 1598 2636 quo
1627 2593 1756 2627 nullum
1780 2597 1904 2629 bonum
1927 2598 2034 2630 maius
2059 2598 2201 2640 cogitari

1173 2641 1334 2678 bpotest,
1369 2637 1468 2669 nobis
1499 2638 1654 2671 traditum
1684 2650 1780 2680 esse,
1814 2652 1878 2674 nec
1906 2639 2031 2674 frustra
2063 2652 2127 2675 nos
2156 2642 2200 2674 ad
