2383 2990
4 2348 13 2390 4⁴-
0 2084 17 2341 Ἦ-νν-Φ-
0 2014 10 2076 η-

14 2712 29 2846 ρᾲ-ᾼᾼ..
11 2297 27 2707 ..ww
18 2272 21 2293 <-

164 130 227 163 241

253 224 423 262 Quintum,
448 222 538 264 quod
560 232 629 253 nou
653 222 696 253 sit
719 219 876 264 alligatus
896 221 939 252 ad
959 230 1080 252 causas
1105 229 1158 251 58-

167 267 307 301 cundas.

542 412 603 444 DE
628 411 778 444 PRIMO.

254 508 353 545 Quod
379 508 503 540 creatio
528 508 571 539 sit
595 517 679 548 opus
704 515 878 538 commune
895 506 1022 537 aeterni
1037 505 1157 543 Patris,

163 551 248 591 Filii,
272 558 304 583 et
323 552 466 593 Spiritus
491 552 611 589 sancti,
636 550 781 581 Genesis
804 550 909 591 primo
934 550 1158 590 significatum

164 602 235 634 est,
261 606 337 627 cum
361 596 496 627 dicitur:
525 594 701 625 Faciamus
726 592 891 624 hominem
916 593 959 624 ad
981 593 1159 634 imaginem

162 645 196 672 et
225 637 470 670 similitudinem
492 643 653 669 nostram.
700 636 741 668 Et
770 637 811 667 (18
839 636 924 667 Filio
954 636 1057 668 multa
1081 641 1160 667 sunt

164 684 197 715 in
222 682 369 714 Iohanne
392 682 571 723 perspicua
595 687 628 712 et
651 680 745 711 firma
768 680 970 721 testimonia,
994 690 1080 722 quae
1103 690 1159 710 su-

162 737 224 767 pra
246 727 413 758 recensui.
449 724 511 756 1118
534 724 615 755 satis
640 730 693 755 est
717 724 859 755 recitare
883 723 1018 761 dictum,
1040 723 1159 754 Omnia

163 780 223 811 per
258 770 367 811 ipsum
397 769 488 800 facta
517 773 612 805 sunt,
655 774 687 798 et
722 768 793 798 sine
837 768 911 808 ipso
947 765 1072 798 factum
1107 773 1159 797 est

163 811 257 850 nihil,
281 813 371 854 quod
394 811 517 843 factum
540 817 602 842 est.
626 810 720 842 Haec
745 811 787 842 de
806 821 954 852 persona
978 811 1053 848 dici,
1076 808 1158 841 nihil

163 856 299 888 dubium
323 860 383 887 est.

250 923 303 956 De
333 924 458 965 Spiritu
493 930 612 955 sancto
645 923 770 954 (lenes.
804 923 834 954 l.
864 922 987 953 dictum
1012 930 1080 954 est:
1116 922 1157 953 Et

163 968 307 1010 Spiritus
333 967 465 999 Domini
490 966 660 998 ferebatur
684 977 784 1008 super
808 976 925 1007 aquas·
972 965 1013 997 Et
1032 964 1156 997 Paulus

165 1012 193 1042 1.
218 1010 369 1050 Corinth.
395 1011 445 1042 12.
494 1010 630 1045 01111113,
665 1011 788 1051 inquit,
824 1009 910 1040 11388
939 1008 1042 1041 efficit
1070 1020 1156 1041 unus.

163 1060 195 1086 et
218 1055 304 1086 idem
328 1055 491 1096 Spiritus,
522 1055 576 1086 ubi
603 1055 701 1085 etiam
727 1054 851 1084 diserte
876 1054 916 1084 de
941 1063 1086 1093 persona
1109 1053 1156 1084 di-

163 1098 258 1130 citur.

502 1260 563 1292 DE
588 1260 812 1293 SECUNDO.

251 1356 349 1392 Quod
378 1366 434 1388 res
464 1357 531 1387 sint
560 1366 600 1387 ex
624 1355 726 1386 nihilo
759 1362 910 1394 creatae,
943 1356 1041 1387 docet
1071 1355 1155 1387 haec

162 1400 344 1431 sententia:
368 1399 445 1440 lpse
469 1400 567 1436 dixit,
600 1405 631 1430 et
656 1397 745 1429 facta
769 1406 862 1437 sunt,
887 1399 963 1440 Ipse
986 1400 1153 1430 mandavit

162 1449 194 1475 et
217 1449 331 1474 creata
353 1448 442 1480 sunt,
466 1443 499 1473 id
520 1449 582 1480 est,
606 1443 737 1473 dicente
761 1452 823 1473 seu
843 1443 975 1474 iubente
988 1442 1073 1480 Deo,
1100 1453 1154 1473 res

163 1493 299 1519 exortae
322 1492 410 1517 sunt.
455 1485 531 1517 Non
559 1486 660 1527 igitur
684 1496 725 1516 ex
748 1486 886 1517 materia
909 1487 1020 1527 priore
1043 1493 1154 1517 extru-

163 1536 237 1562 ctae
260 1535 348 1567 sunt,
372 1535 407 1560 ut
419 1529 534 1567 Stoici,
554 1529 620 1561 duo
640 1535 777 1560 aeterna
801 1530 985 1571 fingebant,
1009 1536 1153 1561 mentem

163 1579 195 1604 et
218 1573 400 1604 materiam.
434 1571 570 1603 Resutat
595 1578 703 1603 autem
724 1573 992 1614 imaginationem
1007 1572 1155 1605 Stoicam

162 1621 194 1647 et
217 1616 385 1648 lohannes
405 1616 570 1658 inquiem,
591 1616 711 1647 Omnia
734 1627 794 1657 per
818 1617 926 1656 ipsum
950 1616 1040 1648 facta
1064 1625 1152 1648 sunt.

162 1659 253 1702 Ergo
277 1665 310 1691 et
331 1660 473 1691 materia
497 1657 582 1691 coeli
608 1666 638 1690 et
663 1665 773 1690 terrae
797 1659 903 1692 aDeo
929 1661 1064 1693 condita
1088 1667 1152 1699 est,

162 1713 224 1734 1188
245 1701 307 1735 fuit
330 1704 468 1738 materia
492 1713 671 1745 corporum
691 1709 837 1735 aeterna.

538 1866 598 1898 DE
622 1866 795 1899 TERTIO.

248 1960 347 1997 Quod
370 1960 466 1993 Deus
496 1960 602 1993 libere
626 1968 659 1993 'et
682 1961 802 1994 volens
831 1969 909 1994 tunc
939 1973 1013 1995 eum
1036 1962 1153 2003 voluit,

161 2005 347 2037 condiderit
370 2006 547 2043 mundum,
577 2011 609 2037 et
632 2007 719 2048 quod
745 2007 787 2038 sit
810 2017 915 2048 agens
940 2006 1153 2047 liberrimum,

159 2047 337 2080 manifeste
359 2055 504 2081 testatur
528 2050 651 2081 dictum
665 2049 790 2081 Psalmi
805 2050 878 2081 114.
915 2051 1033 2082 Omnia
1053 2061 1153 2093 quae-

161 2101 293 2135 cunque
317 2091 435 2131 voluit,
459 2092 549 2124 fecit.
584 2092 627 2124 Et
650 2091 786 2125 Psalmo
803 2094 874 2126 135.
911 2094 1029 2125 Omnia
1053 2105 1153 2136 quae-

162 2145 294 2177 cunque
317 2134 425 2168 voluit
447 2135 632 2175 Dominus,
654 2136 734 2169 fecit
762 2139 794 2168 in
820 2136 917 2170 coelo
942 2145 974 2170 et
996 2139 1029 2169 in
1053 2144 1152 2170 terra.

518 2301 579 2333 DE
603 2301 798 2338 QUARTO.

248 2395 425 2428 lnfirmitas
447 2395 603 2436 humana,
628 2398 757 2430 etiamsi
781 2399 907 2442 cogitat
935 2397 1045 2431 Deum
1075 2409 1154 2430 esse

162 2439 388 2479 conditorem,
434 2446 544 2472 tamen
578 2447 696 2482 postea
729 2443 947 2484 imaginatur,
989 2449 1024 2474 ut
1057 2440 1153 2474 faber

161 2483 302 2515 discedit
337 2494 357 2514 a
390 2484 467 2515 navi
497 2490 667 2523 extructa,
703 2491 735 2517 et
760 2485 916 2529 relinquit
944 2497 1018 2518 eam
1042 2487 1151 2518 nautis

160 2527 425 2569 gubernandam,
449 2528 494 2559 ita
518 2527 627 2560 Deum
651 2529 825 2561 discedere
847 2541 868 2562 a
890 2541 953 2562 suo
978 2540 1095 2572 opere,
1119 2536 1152 2562 et

160 2568 301 2612 relinqui
339 2578 528 2602 creaturam
556 2578 683 2603 tantum
717 2574 873 2616 propriae
908 2574 1150 2617 gubernationi.

160 2613 256 2647 Haec
279 2615 471 2657 imaginatio
495 2615 603 2647 Deum
626 2623 775 2648 removet
797 2627 818 2649 a
837 2618 1012 2656 creaturis,
1036 2623 1069 2649 et
1092 2616 1152 2649 fin-

319 2683 467 2704 LOELARTH.
476 2684 558 2705 OPER.
572 2684 637 2704 VOL.
648 2685 733 2707 xnu,

774 158 778 159 ⁷
804 125 862 157 lv.
891 123 1152 179 ENARRATIO
1175 123 1378 157 SYMBOLI
1400 123 1560 157 NICENI.

2138 126 2201 158 242

1212 220 1259 261 git
1282 230 1356 251 eum
1380 221 1524 252 otiosum
1557 229 1644 251 esse.
1691 218 1817 252 Contra
1846 219 1936 252 hunc
1966 226 2087 252 tetrum
2111 231 2202 252 erro-

1211 273 1281 294 rem
1305 264 1505 295 erudiendae
1530 269 1608 295 sunt
1629 269 1771 303 mentes,
1794 263 1902 295 Deum
1926 264 2048 296 adesse
2071 265 2202 296 univer-

1211 316 1270 337 sae
1294 313 1481 345 creaturae,
1508 313 1538 338 et
1563 317 1680 338 omnes
1701 318 1788 349 quae
1807 314 1998 346 servantur,
2032 315 2063 339 et
2087 314 2201 350 quate—

1210 359 1274 381 nus
1304 356 1501 388 servantur‚
1524 351 1705 382 sustentari
1733 361 1753 382 a
1775 350 1861 383 Deo.
1909 351 1976 382 Sed
2005 352 2050 382 ita
2080 357 2201 389 tamen,

1211 399 1245 424 ut
1267 392 1361 424 Deus
1396 394 1438 424 sit
1463 404 1567 434 agens
1602 393 1755 431 liberum,
1790 400 1955 426 sustentet
1979 395 2087 426 donec
2122 394 2203 433 vult,

1211 442 1289 478 agat
1318 435 1417 468 simul
1446 444 1610 478 quatenus
1645 438 1718 477 ipse
1749 438 1913 476 decrevit,
1950 445 1981 469 et
2011 438 2203 470 moderetur

1211 490 1252 510 ac
1278 486 1381 511 mutet
1411 478 1536 521 aliqua,
1572 487 1709 521 propter
1739 480 1880 512 salutem
1916 480 2091 513 Ecclesiae
2120 492 2202 513 suae

1211 523 1373 554 immensa
1401 524 1557 554 bonitate.
1609 523 1701 555 Hanc
1730 523 1795 555 Dei
1824 526 2049 566 praesentiam
2081 525 2202 557 confir-

1211 573 1301 597 mant
1325 565 1408 598 haee
1433 567 1541 598 dicta:

1299 635 1376 667 Act.
1404 636 1453 667 17.
1489 638 1522 667 in
1547 637 1619 676 ipso
1646 637 1798 675 vivimus,
1822 647 1994 668 movemur
2018 645 2049 668 et
2074 649 2201 677 sumus,

1212 679 1244 710 id
1268 686 1332 711 est.
1355 689 1415 721 per
1438 680 1545 720 ipsum
1565 680 1672 717 datur,
1693 686 1909 719 sustentatur,
1933 687 1964 712 et
1983 680 2115 713 fovetur
2136 683 2203 713 vita

1211 729 1340 754 nostra.

1300 791 1420 823 Ebrae.
1448 792 1475 822 1.

1300 851 1434 883 Coloss.
1461 852 1489 884 1.

1301 913 1328 944 l.
1353 912 1434 944 Tim.
1458 913 1489 944 6.
1515 914 1647 945 additur
1671 915 1851 956 descriptio
1865 914 1944 946 Dei:
1971 916 2033 951 Qui
2059 916 2202 948 vivificat

1211 966 1330 987 01111113.

1522 792 1648 824 Ferens
1673 795 1759 824 omni
1791 795 1895 824 verbo
1919 795 2087 835 potentiae
2110 806 2201 826 suae..

1538 854 1656 884 Omnia
1681 864 1740 895 per
1764 864 1836 885 eum
1862 855 2060 886 consistunt.

1299 1017 1391 1048 Haec
1426 1027 1535 1048 rerum
1560 1019 1758 1050 sustentatio
1795 1027 1823 1050 et
1863 1021 2093 1057 conseriatio⁷
2137 1032 2202 1062 qua

1210 1059 1304 1092 Deus
1328 1061 1422 1092 adest
1447 1063 1505 1092 toti
1537 1061 1670 1102 opificio
1694 1073 1774 1099 suo,
1807 1070 1835 1094 et
1863 1074 1972 1095 rernm
1995 1065 2202 1095 substantias

1210 1111 1335 1143 servat,
1359 1111 1522 1136 sustentat
1550 1105 1699 1143 8118111111,
1724 1112 1755 1137 et
1780 1113 1890 1137 motus
1915 1105 2102 1147 coelestes,
2134 1107 2202 1139 soe-

1211 1148 1332 1179 cundat
1369 1154 1510 1186 terram,
1546 1156 1701 1190 procreat
1740 1150 1855 1192 fruges
1880 1151 1911 1181 in
1937 1158 2035 1189 terra,
2060 1152 2203 1193 impertit

1211 1192 1308 1222 vitam
1332 1192 1533 1230 viventibus,
1557 1192 1676 1224 dicitur
1699 1194 1820 1225 usitata
1842 1193 2078 1235 appellatione,
2104 1195 2202 1227 Actio

1210 1233 1273 1265 Dei
1305 1234 1484 1276 generalis·
1532 1236 1596 1267 Sed
1629 1236 1669 1267 (18
1701 1236 1764 1267 1138
1794 1237 1937 1269 Actione
1963 1238 2112 1280 generali
2136 1239 2202 1280 spi-

1209 1288 1314 1309 nosae
1337 1279 1576 1320 disputationes
1596 1279 1763 1321 leguntur,
1787 1281 1862 1322 quia
1887 1280 2036 1313 homines
2060 1281 2202 1314 naturali

1209 1320 1352 1364 caligine
1387 1320 1578 1353 dilabuntur
1612 1323 1645 1353 in
1678 1324 1810 1355 Stoicas
1836 1325 2027 1364 opiniones,
2063 1324 2201 1367 alligant

1209 1364 1316 1395 Deum
1338 1366 1451 1396 causis
1472 1366 1643 1404 secundis,
1669 1367 1816 1408 cogitant
1838 1367 1918 1399 nihil
1932 1370 2062 1407 mutari,
2082 1369 2202 1401 deinde

1209 1416 1370 1449 quaerunt
1404 1408 1513 1446 etiam,
1550 1419 1610 1440 cur
1633 1409 1711 1440 fiant
1744 1410 1848 1442 mala.
1884 1422 1958 1442 cnm
1987 1411 2080 1443 Deus
2116 1413 2197 1444 adsit

1209 1451 1341 1492 opificio
1365 1462 1439 1483 suO.

1296 1529 1421 1561 Harum
1455 1532 1670 1562 maximarum
1705 1533 1935 1573 quaestionum
1973 1535 2083 1565 brevis
2111 1542 2201 1566 esset

1208 1572 1398 1614 explicatio,
1422 1575 1450 1605 si
1475 1580 1600 1606 tantum
1621 1574 1704 1607 11388
1722 1578 1898 1617 responsio
1918 1587 2051 1619 semper
2068 1579 2102 1610 in
2122 1590 2201 1610 con-

1208 1623 1327 1658 spectu
1351 1624 1459 1656 esset,
1495 1617 1605 1649 Deum
1629 1629 1706 1649 esse
1730 1630 1835 1661 agens
1860 1619 2080 1661 liberrimum,
2110 1629 2142 1654 et
2165 1621 2201 1653 li-

1207 1661 1287 1692 bere
1311 1662 1432 1692 adesse
1458 1663 1569 1693 830515
1592 1663 1762 1703 secundis,
1787 1669 1819 1694 et
1842 1663 1944 1696 multa
1967 1665 1999 1696 in
2024 1667 2072 1696 eis
2089 1666 2200 1698 mode—

1208 1705 1284 1741 rari,
1308 1710 1341 1735 et
1363 1715 1466 1746 agere
1490 1716 1567 1744 una,
1591 1713 1756 1748 quatenus
1780 1708 1853 1748 ipse
1876 1718 1935 1747 pro
1959 1719 2021 1739 sua
2039 1710 2201 1741 immensa

1207 1748 1371 1788 sapientia
1395 1749 1517 1780 iudicat
1541 1759 1619 1780 esse
1642 1761 1708 1781 una
1731 1752 1907 1792 agendum.
1949 1751 2040 1783 11388
2064 1754 2199 1784 verissi-

1207 1802 1260 1822 ma
1284 1798 1316 1823 et
1339 1791 1586 1833 simplicissima
1610 1795 1799 1835 responsio,
1822 1794 1924 1836 plana
1949 1797 2123 1828 extricatio
2148 1804 2199 1828 est

1207 1833 1383 1866 multarum
1408 1835 1590 1867 difficilium
1619 1839 1860 1879 quaestionum.
1907 1838 2006 1871 Nunc
2036 1841 2136 1882 igitur
2159 1841 2199 1871 de

1208 1878 1272 1910 1108
1296 1880 1411 1920 quinto
1433 1881 1582 1912 membro
1602 1881 1720 1913 dicam.

1569 2044 1630 2077 DE
1653 2044 1832 2081 QUINTO.

1293 2138 1335 2170 Et
1366 2139 1472 2171 Stoici
1506 2148 1538 2172 et
1568 2139 1654 2172 aliae
1683 2142 1847 2183 quaedam
1878 2149 1993 2175 sectae
2016 2142 2197 2186 alligarunt

1206 2181 1315 2213 Deum
1339 2184 1381 2214 ad
1406 2194 1529 2215 causas
1553 2185 1734 2224 secundas,
1757 2185 1793 2217 ld
1817 2192 1879 2225 est,
1904 2188 2071 2219 finxerunt
2088 2187 2197 2219 Deum

1206 2225 1288 2257 nihil
1307 2226 1404 2258 aliter
1426 2226 1540 2259 facere
1562 2238 1678 2269 posse,
1701 2239 1799 2271 quam
1819 2236 1855 2262 ut
1879 2241 2003 2262 causae
2027 2232 2196 2262 secundae

1207 2280 1269 2301 sua
1292 2277 1411 2301 natura
1436 2271 1534 2309 cient,
1558 2278 1593 2303 ut
1616 2282 1690 2303 811111
1714 2272 1799 2304 Sara
1822 2275 1864 2306 sit
1888 2273 2011 2306 sterilis
2036 2281 2069 2305 et
2099 2284 2195 2314 anuS,

1208 2314 1356 2355 cogitant
1385 2314 1593 2355 impossibile
1621 2326 1717 2354 8558,
1752 2316 1822 2347 fieri
1854 2329 1926 2349 eam
1954 2324 2103 2349 matrem.
2149 2317 2197 2349 lta

1207 2367 1322 2388 omnes
1353 2357 1505 2389 homines
1539 2360 1572 2390 in
1602 2358 1667 2390 hac
1689 2359 1832 2391 naturali
1858 2360 2001 2403 caligine
2029 2362 2196 2392 intuentes

1207 2401 1357 2432 ordinem
1368 2407 1518 2440 naturae,
1544 2401 1744 2434 delabuntur
1764 2404 1796 2434 in
1816 2403 1904 2436 hanc
1917 2404 2195 2446 imaginationem,

1205 2450 1241 2476 ut
1273 2446 1461 2476 existiment
1488 2444 1569 2477 nihil
1592 2445 1690 2478 aliter
1712 2446 1802 2486 fieri,
1838 2458 1936 2490 quam
1968 2454 2003 2479 ut
2033 2448 2088 2479 hic
2111 2448 2195 2480 ordo

1206 2488 1280 2519 ciet.
1326 2488 1379 2520 Ac
1401 2487 1499 2520 valde
1521 2490 1669 2532 impedit,
1693 2491 1939 2523 invocationem
1968 2490 2053 2523 haee
2081 2492 2196 2535 imagi·

1204 2532 1306 2562 natio.
1353 2531 1546 2575 Cogitamus
1575 2535 1662 2564 enim
1690 2540 1725 2565 ut
1749 2534 1867 2566 Stoici:
1904 2534 1990 2570 Quid
2013 2535 2153 2577 prodest
2175 2545 2196 2567 a

1205 2573 1280 2607 Deo
1304 2581 1418 2617 petere
1437 2577 1728 2618 gubernationem,
1752 2584 1809 2609 aut
1831 2578 2068 2621 mitigationem
2092 2577 2195 2610 malo-

1204 2623 1294 2656 runi,
1323 2619 1351 2651 si
1375 2626 1494 2652 natura
1517 2620 1588 2653 suis
1610 2619 1742 2663 legibus
1765 2620 1892 2655 fertur?
1939 2622 1973 2653 Si
1998 2628 2051 2654 est
2081 2621 2195 2654 inlelix

1989 2683 2021 2708 16
