2383 2990
174 141 235 172 251
803 140 915 172 PHlL.
940 138 1045 172 MEL.
1070 138 1258 172 SCRIPTA
1280 139 1562 172 DOGMATICA.
2132 142 2197 174 252

173 237 321 267 cessaria
357 242 410 267 est
437 236 661 267 Resuscitatio
691 241 919 274 mortuorum,
954 235 1031 277 quia
1064 234 1158 267 Deus

173 280 273 311 edidit.
295 280 336 310 de
361 290 399 310 ea
424 280 604 310 decretum.

258 348 408 379 Necesse
442 354 494 379 est
524 348 634 389 perire
658 346 813 385 Saulem,
847 347 923 388 quia
947 338 1068 378 causas
1092 357 1159 378 non

172 397 285 429 mutat,
309 402 392 432 quas
416 396 523 422 tamen
547 401 665 422 revera
688 396 816 421 mutare
838 396 980 431 poterat.
1009 390 1081 422 Nec
1103 401 1160 421 ne-

173 444 268 465 cesse
292 433 351 465 fuit
376 445 448 464 cum
472 434 654 465 machinari
678 435 810 465 exitium
827 433 956 472 Davidi,
980 439 1036 464 aut
1059 434 1159 464 inter-

171 478 272 508 ficere
296 478 507 508 Sacerdotes.
527 478 619 508 Sicut
643 483 675 508 et
694 475 825 508 Samuel
845 477 886 507 (10
908 476 1060 508 libertate
1082 477 1161 507 dicit

175 521 202 552 l.
228 520 310 562 Reg.
337 520 386 551 13.
423 520 459 551 Si
483 519 549 551 hoc
570 531 637 551 non
662 519 821 558 fecisses,
846 520 940 552 Deus
965 520 1159 551 confirmas-

173 569 223 595 set
246 574 386 606 regnum
404 569 577 605 perpetuo,

257 631 411 674 Denique
434 633 543 663 onmia
566 642 640 663 cum
659 631 751 670 fiunt,
774 633 850 663 ideo
869 638 948 663 tunc
966 633 1158 663 necessaria

172 676 336 713 dicuntur,
371 676 448 716 quia
483 676 764 707 contradictoriae
799 686 867 706 non
896 681 1039 716 possunt
1062 674 1158 706 simul

171 729 271 749 verae
295 728 382 756 esse,
407 724 443 749 ut
466 729 538 749 cum
554 718 649 749 Plato
673 719 780 757 sedet,
817 719 1076 749 contradictoria
1098 717 1158 749 sal-

171 772 209 792 sa
232 767 294 800 est,
319 760 415 792 Plato
439 771 505 792 non
529 762 635 793 sedet.
684 761 762 793 Vult
797 762 882 792 enim
905 761 999 793 Deus
1025 762 1158 793 certitu-

170 805 278 836 dinem
302 803 446 846 aliquam
471 815 558 836 esse.

256 873 329 905 Etsi
362 880 471 904 autem
505 884 623 904 revera
656 873 741 905 haec
765 884 832 912 res,
861 872 1002 910 scilicet,
1038 873 1158 904 sedere

169 915 356 955 Platonem,
380 916 545 948 mutabilis·
570 924 640 955 est,
665 922 695 948 et
720 916 805 947 haec
829 917 1014 957 propositio
1038 926 1158 947 revera

172 961 370 1001 contingens
400 966 470 997 est,
506 966 613 990 tamen
650 961 851 991 necessitate
886 960 1157 1001 consequentiae,

172 1011 250 1036 tunc
274 1004 465 1034 necessaria
490 1004 619 1034 dicitur.

257 1072 395 1108 Quoties
441 1078 549 1103 autem
586 1072 625 1102 de
661 1072 862 1102 necessitate
897 1071 1157 1112 consequentiae

171 1116 301 1153 dicitur,
324 1115 503 1156 prudenter
526 1115 747 1145 discernenda
770 1120 846 1145 sunt
871 1124 922 1152 ea,
948 1124 1032 1155 quae
1051 1124 1070 1145 a
1094 1113 1158 1145 Dei

169 1159 341 1191 voluntate
365 1159 517 1199 pendent,
537 1159 578 1189 ab
603 1157 687 1195 aliis,
712 1168 797 1199 quae
821 1168 886 1188 non
900 1157 1044 1198 pendent
1067 1168 1157 1188 avo—-

168 1202 294 1233 luntate
307 1200 382 1239 Dei,
401 1202 461 1232 sed
486 1207 610 1232 1311111111
634 1202 675 1232 111)
700 1201 845 1232 humana
864 1199 1034 1231 voluntate
1047 1201 1157 1231 oriun-

169 1252 237 1277 tur:
284 1245 327 1275 Ut
351 1245 545 1275 necessaria
575 1251 621 1275 051
660 1245 861 1275 necessitate
896 1244 1157 1284 consequentiae

168 1290 252 1320 11300
276 1289 482 1329 propositio,
517 1287 638 1319 Mortui
664 1293 860 1329 resurgent,
892 1287 968 1328 qnia
990 1286 1083 1317 Deus
1107 1287 1156 1317 sic

168 1332 326 1369 decrevit,
362 1337 393 1362 et
428 1332 560 1372 quidem
584 1329 741 1372 patefecit
765 1330 829 1361 1100
855 1341 950 1361 suum
975 1331 1155 1368 decretum,

168 1381 201 1406 et
224 1374 291 1406 vult
318 1374 405 1405 hanc
428 1376 716 1405 resurrectionem.
749 1374 815 1404 Sed
841 1373 893 1404 liic
918 1380 1070 1411 eventius,
1095 1373 1157 1404 Pa-

167 1419 214 1450 ris
238 1418 344 1458 rapiet
368 1417 542 1455 Helenam,
569 1419 687 1458 pendet
710 1415 936 1458 principaliter
954 1415 1157 1448 avolantate

166 1462 320 1492 humana.
367 1460 408 1491 Et
442 1471 515 1491 cum
551 1462 593 1491 sit
626 1459 732 1491 malus
757 1466 914 1497 eventus,
948 1470 1157 1500 nequaquam

168 1503 239 1537 vult
262 1515 336 1535 eum
359 1503 463 1535 Deus.
510 1503 552 1535 Et
581 1510 689 1534 tamen
715 1504 791 1545 quia
815 1503 985 1543 praevidet.
1008 1502 1101 1533 Deus
1126 1502 1157 1532 id

169 1548 257 1590 quod
282 1547 329 1585 sit,
364 1558 553 1588 quanquam
577 1557 633 1577 res
663 1547 736 1587 ipsa
760 1557 880 1577 revera
904 1552 956 1576 est
980 1544 1157 1583 mutabilis,

167 1597 276 1622 tamen
307 1591 711 1631 propterpraevisionem
742 1590 861 1621 dicitur
891 1589 1077 1630 propositio
1102 1599 1158 1619 nc-

169 1635 318 1665 cessaria
343 1635 545 1664 necessitate
574 1633 845 1674 consequentiae.
892 1631 1016 1663 Paulus
1040 1632 1157 1672 inquit,

167 1677 316 1709 Necesse
341 1682 391 1707 est
433 1684 468 1708 ut
491 1676 650 1707 haereses
676 1677 884 1712 exoriantur,
908 1674 1078 1712 videlicet,
1102 1685 1158 1705 ne·
1185 1690 1187 1694 v

401 1700 409 1715 ⁹
1185 1697 1187 1726 ς
1212 1717 1379 1747 secundas
1414 1727 1480 1747 11011
1515 1726 1616 1759 agere
1640 1717 1711 1746 sine
1734 1717 1839 1757 prima
1858 1721 2076 1754 sustentante,
2111 1727 2198 1758 quae

169 1721 325 1751 cessitate
345 1721 617 1761 consequentiae,
642 1720 718 1761 quia
742 1730 865 1750 causae
890 1729 955 1749 non
980 1724 1158 1755 mutantur,

168 1774 253 1805 quae
277 1770 385 1794 tamen
409 1773 528 1794 revera
550 1763 669 1793 mutari
693 1768 842 1802 possent.
884 1760 989 1792 Multa
1012 1767 1089 1791 sunt
1112 1762 1158 1791 in-

169 1808 268 1849 genia
290 1806 389 1844 levia,
414 1807 605 1844 ambitiosa,
631 1807 776 1843 curiosa,
800 1815 884 1846 quae
910 1805 1157 1835 contradicendi

169 1851 312 1881 studium
331 1850 466 1880 1111110111.
512 1849 604 1880 Haec
628 1848 693 1879 levi
717 1847 827 1890 aliqua
851 1849 1030 1878 occasione
1054 1848 1158 1878 irrita-

169 1900 213 1931 ta,
237 1900 371 1924 movent
395 1893 584 1930 certamina,
610 1897 642 1923 et
667 1897 882 1932 corrumpunt
905 1902 960 1921 res
980 1897 1070 1921 recte
1092 1896 1158 1921 tra-

169 1938 267 1974 ditas,
293 1935 346 1967 vel
367 1937 555 1973 ambitione,
579 1935 632 1966 vel
658 1936 863 1972 curiositate,
883 1933 936 1966 vel
955 1935 1066 1965 stulto
1080 1944 1158 1964 con-

170 1981 365 2011 tradicendi.
412 1979 453 2010 Et
477 1978 573 2010 simul
599 1977 764 2009 Diabolus
787 1988 847 2009 sua
872 1977 1011 2008 mirabili
1036 1978 1158 2008 astutia

169 2023 232 2054 hos
256 2022 389 2054 furores
413 2024 548 2053 adiuvat
573 2021 695 2053 oblatis
720 2021 968 2058 occasionibus,
983 2019 1158 2051 1011110011-

171 2067 224 2097 dia
247 2067 356 2103 animi,
377 2066 442 2097 1100
467 2072 528 2103 est,
551 2075 675 2107 pravos
699 2064 853 2096 adfectus
878 2074 939 2095 suo
964 2064 1089 2095 adflatu
1102 2075 1157 2095 au-

170 2120 265 2151 gens.
310 2109 369 2140 1115
394 2110 506 2140 causis
529 2109 659 2150 positis,
683 2115 869 2149 sequuntur
899 2107 1070 2139 haereses.
1117 2106 1155 2137 Et

170 2163 376 2194 nequaquam
400 2151 454 2182 hic
478 2153 688 2194 imaginanda
711 2158 761 2182 est
784 2152 971 2182 necessitas
989 2148 1156 2187 absoluta,

173 2195 223 2228 vel
249 2196 374 2227 Stoica.
410 2196 572 2235 Exposita
594 2196 658 2226 hac
682 2193 908 2226 declaratione
933 2193 974 2224 de
998 2194 1156 2235 gradibus

172 2240 405 2275 necessitatis,
440 2240 503 2269 iam
538 2238 714 2279 explicatio
748 2244 1038 2280 argumentorum,
1073 2247 1157 2278 quae

172 2289 288 2314 contra
302 2293 415 2314 veram
438 2283 636 2313 sententiam
660 2282 702 2313 de
726 2281 951 2323 contingentia
963 2281 1156 2318 recitantur,

174 2325 282 2358 facilis
307 2331 358 2357 est
381 2331 414 2356 et
437 2326 624 2366 perspicua.

522 2483 703 2523 Primum
735 2489 806 2523 est.

235 2594 530 2635 Determinatio
562 2595 699 2635 divina
731 2600 794 2634 est
824 2594 1096 2644 immutabilis,

1275 237 1423 279 Omnia
1465 238 1742 291 contingentia
1774 245 1869 279 sunt
1900 238 2182 290 determinata,

1273 298 1381 352 Ergo
1414 299 1549 338 omnia
1582 298 1858 353 contingentia
1890 305 1985 339 sunt
2004 299 2196 340 immuta—

1334 359 1439 411 bilia,
1473 365 1515 399 et
1546 373 1619 414 per
1649 373 1901 413 consequens
1933 360 2166 401 necessaria.

1300 467 1504 508 Respondeo
1538 468 1580 498 ad
1615 466 1786 498 Maiorem.
1852 467 1905 498 Ex
1928 468 2198 499 determinatione

1213 511 1324 541 divina
1358 517 1484 541 tantum
1519 512 1706 542 necessitas
1741 512 2002 552 consequentiae
2037 512 2197 552 sequitur.

1211 553 1254 584 Et
1288 552 1383 584 aliter
1417 552 1632 596 intelligenda
1668 560 1719 584 est
1755 555 1984 585 determinatio
2019 555 2052 585 in
2088 554 2196 589 bonis,

1212 607 1297 637 quae
1321 596 1392 628 vult
1413 596 1520 635 Deus,
1542 596 1638 629 aliter
1659 597 1692 628 in
1711 595 1819 635 11111115,
1838 607 1924 639 quae
1943 608 2010 628 non
2030 596 2113 636 vult,
2137 597 2199 630 sed

1211 640 1375 681 permittit.

1298 716 1391 748 Deus
1405 717 1492 748 hanc
1512 717 1754 748 determinans:
1778 716 1901 748 Mortui
1912 724 2100 759 resurgent,
2124 716 2197 749 vult

1210 760 1299 792 hanc
1331 761 1624 799 resurrectionem,
1661 766 1694 791 et
1717 761 1828 791 condit
1853 761 2040 799 decretum,
2075 771 2117 792 ne
2140 760 2199 792 fiat

1212 804 1412 845 oppositum.
1458 803 1503 834 At
1527 804 1750 835 determinans
1769 804 1883 834 istam:
1908 804 1998 835 Nero
2021 803 2198 835 interficiet

1211 846 1363 885 Paulum,
1388 857 1455 877 non
1478 846 1549 878 vult
1567 846 1654 878 hanc
1678 848 1868 885 saevitiam,
1903 848 1961 878 sed
1990 847 2144 888 permittit
2166 852 2199 878 et

1212 891 1407 921 determinat
1429 896 1534 921 metas
1548 889 1697 922 surorum
1709 891 1864 928 Neronis,
1887 896 1920 921 ut
1947 891 1987 921 de
2007 890 2198 922 Sennache-

1211 933 1260 964 rib
1285 934 1403 964 dicitur
1425 933 1456 963 4.
1480 933 1564 976 Reg.
1592 934 1642 964 19.
1710 933 1836 965 Ponam
1868 933 2021 965 chamum
2044 935 2077 965 in
2099 932 2197 965 labiis

1211 977 1288 1014 tuis,
1313 982 1345 1007 et
1363 978 1520 1008 reducam
1540 983 1585 1015 te,
1610 982 1673 1008 etc.

1299 1053 1390 1084 Haec
1424 1060 1499 1084 sunt
1535 1053 1695 1095 simplicia
1729 1060 1762 1084 et
1795 1065 1886 1092 vera,
1920 1061 1953 1085 et
1984 1054 2197 1085 conscientiis

1212 1096 1313 1128 utilia.
1359 1097 1443 1127 Nam
1468 1096 1585 1128 Stoica
1608 1096 1663 1128 illa
1687 1098 1878 1138 imaginatio
1902 1098 2115 1129 necessitatis
2138 1098 2197 1128 im-

1210 1141 1299 1181 pedit
1324 1140 1578 1178 iwmoafionem,
1604 1146 1637 1171 et
1661 1140 1832 1172 confirmat
1846 1140 1948 1172 multa
1961 1140 2049 1173 mala
2072 1142 2105 1173 in
2128 1151 2197 1173 mo-

1211 1184 1313 1215 ribus-

1590 1332 1833 1373 Secundum.

1212 1443 1370 1484 Causae
1411 1444 1613 1483 secundae
1656 1458 1738 1483 non
1778 1451 1906 1497 agunt
1938 1444 2022 1484 sine
2055 1445 2195 1499 prima,

1212 1504 1423 1546 Secundae
1457 1510 1585 1558 agunt
1616 1504 1852 1554 necessario,

1210 1565 1318 1619 Ergo
1352 1572 1394 1604 et
1425 1565 1554 1619 prima
1586 1564 1811 1604 necessario
1845 1564 1961 1604 simul
1990 1565 2151 1619 rapitur.

1298 1672 1548 1714 Simplicissima
1577 1679 1608 1703 et
1643 1672 1893 1713 expeditissima
1926 1673 2103 1713 responsio
2133 1680 2197 1712 est,

1212 1767 1321 1791 tamen
1357 1759 1524 1790 liberrime
1551 1760 1731 1797 concurrit,
1768 1760 1835 1800 agit
1871 1766 2029 1801 quantum
2058 1758 2140 1798 vult,
2164 1765 2197 1791 et

1212 1809 1376 1844 quatenus
1401 1801 1481 1840 vult,
1505 1808 1535 1833 et
1558 1801 1653 1833 aliter
1677 1803 1843 1833 concurrit
1868 1803 1899 1833 in
1921 1803 2078 1844 regendis
2102 1803 2196 1833 moti-

1213 1848 1274 1877 bus
1300 1845 1512 1884 coelestibus,
1537 1846 1569 1876 in
1591 1847 1736 1886 regenda
1761 1847 1876 1876 dextra
1902 1845 2057 1880 DavidiS,
2082 1851 2114 1876 et
2138 1844 2196 1876 ali-

1212 1895 1261 1920 ter
1285 1890 1316 1920 in
1331 1890 1549 1920 sustentando
1564 1889 1677 1926 Saule,
1701 1890 1794 1920 cuius
1809 1888 1963 1920 voluntas
1982 1888 2084 1919 habet
2103 1898 2197 1920 suam

1212 1934 1375 1974 quandam
1402 1939 1434 1963 et
1456 1933 1624 1974 propriam
1647 1933 1820 1963 actionem.

1300 2010 1359 2041 Hic
1394 2016 1425 2041 et
1461 2010 1549 2040 dicta
1584 2009 1745 2050 quaedam
1780 2007 1979 2049 explicanda
2001 2015 2089 2047 sunt,
2112 2019 2198 2050 quae

1211 2055 1373 2085 interdum
1409 2054 1648 2094 detorquentur
1682 2052 1724 2082 ad
1755 2052 2016 2083 confirmandam
2049 2052 2198 2084 Stoicam

1211 2098 1464 2134 necessitatem,
1495 2107 1569 2127 cum
1604 2102 1713 2126 tamen
1750 2094 1850 2137 longe
1884 2093 1981 2126 aliam
2014 2096 2197 2127 doctrinam

1212 2142 1416 2177 contineant,
1448 2150 1533 2180 quae
1567 2138 1657 2170 utilis
1692 2144 1743 2169 est
1779 2138 1877 2169 bonis
1911 2139 2087 2176 111011ιί1105,
2122 2149 2198 2170 cum

1212 2185 1327 2215 dextre
1352 2181 1555 2224 intelligitur.

1301 2260 1457 2293 Salomon
1481 2260 1599 2300 inquit:
1619 2259 1726 2291 Homo
1750 2264 1929 2300 praeparat
1951 2259 2112 2296 animam,
2135 2258 2197 2290 sed

1211 2305 1304 2336 Deus
1328 2305 1490 2346 gubernat
1514 2302 1673 2345 linguam.
1740 2302 1775 2333 ln
1800 2301 1864 2333 hoc
1888 2302 1975 2332 dicto
2003 2303 2196 2333 discernun-

1211 2354 1263 2379 tur
1288 2346 1427 2385 Electio,
1447 2357 1532 2388 quae
1557 2353 1607 2377 est
1632 2347 1663 2377 in
1687 2344 1870 2383 voluntate,
1895 2351 1927 2376 et
1940 2345 2098 2376 Eventus.
2120 2343 2195 2376 Ele-

1212 2392 1277 2423 0110
1300 2390 1405 2422 libera
1427 2396 1491 2428 est,
1516 2390 1593 2431 quia
1612 2400 1631 2420 a
1655 2389 1729 2420 sola
1752 2387 1922 2420 voluntate
1945 2389 2060 2419 oritur.
2128 2387 2197 2419 Sed

1211 2440 1363 2472 eventus,
1398 2433 1440 2464 ad
1474 2444 1571 2475 quem
1608 2442 1808 2464 concurrere
1842 2430 1962 2462 multas
1994 2441 2115 2463 causas
2139 2441 2195 2462 ne-

1212 2488 1309 2509 cesse
1343 2483 1406 2514 est,
1439 2487 1505 2508 11011
1542 2482 1593 2507 est
1627 2486 1766 2517 prorsus
1796 2476 1827 2505 in
1851 2480 2016 2516 potestate
2039 2473 2194 2505 volentis.

1210 2521 1256 2551 Ut
1277 2520 1453 2562 Pompeius
1478 2519 1547 2551 vult
1571 2518 1706 2557 bellum,
1731 2525 1763 2550 et
1786 2518 1891 2549 libere
1914 2524 1946 2549 et
1963 2517 2196 2558 contingenter

1211 2563 1292 2596 vult.
1338 2564 1453 2605 anue
1475 2568 1656 2605 προαίρεσις
1679 2568 1730 2593 051
1752 2563 1783 2592 10
1808 2567 1974 2602 potestate
2002 2559 2195 2591 voluntatis.

1212 2607 1281 2640 Sed
1303 2613 1443 2639 eventus
1467 2607 1567 2639 habet
1590 2605 1704 2648 plures
1728 2615 1860 2638 causas.
1917 2603 2066 2636 Victoria
2087 2613 2154 2635 non
2175 2613 2195 2634 a
