2383 2990
195 111 260 143 395
833 111 947 142 PHlL.
970 110 1074 143 MEL.
1099 111 1288 144 SCRIPTA
1311 112 1595 145 DOGMATICA.
2167 115 2232 148 396

195 208 295 238 tibus.
327 206 423 238 Sicut
434 205 589 237 Ecclesia
614 212 769 237 servatur
792 206 825 237 iii
849 204 986 244 diluvio,
1011 214 1044 239 01
1066 214 1186 250 postea
1207 218 1211 260 t
1240 215 1307 240 tum
1332 214 1537 240 concurrunt
1559 207 1645 240 aliae
1680 208 1805 241 multae
1840 219 1976 248 causae,
2011 220 2075 241 nec
2108 211 2232 251 pendet

195 251 228 282 in
253 251 335 282 mari
360 252 474 288 rubro,
503 250 587 281 sicut
611 256 789 280 servantur
811 255 879 280 tres
904 251 966 281 viri
988 251 1021 281 in
1045 249 1185 283 fornace
1208 261 1211 295 ᾗ
1239 258 1377 284 eventus
1402 262 1421 282 a
1445 251 1520 283 sola
1544 252 1652 283 Iosiae
1675 251 1860 284 voluntate.
1907 253 1981 284 Etsi
2001 254 2103 295 igitur
2126 264 2231 296 saepe

194 292 415 336 Babylonica.
474 293 520 323 lta
556 303 688 334 semper
721 291 908 324 Ecclesiam
942 301 1057 326 servat
1090 295 1184 327 Deus
1207 299 1211 358 Ι
1238 302 1376 327 eventus
1396 306 1463 326 11011
1488 301 1675 337 congruunt
1701 306 1775 327 cum
1795 295 1969 327 voluntate
1993 297 2149 338 eligentis
2173 297 2231 329 ali·
2276 333 2282 335 ξ

193 338 351 369 mirandis
383 337 552 378 operibus,
589 337 716 368 etiamsi
750 347 817 367 iion
852 338 970 368 eodem
1004 339 1103 370 modo
1136 341 1184 370 iii·
1207 359 1210 371 .
1237 339 1327 380 quid,
1361 345 1470 370 tamen
1505 349 1571 370 11011
1606 346 1786 380 propterea
1810 341 1961 381 sequitur
1995 339 2117 371 nullam
2153 351 2232 372 esse

195 388 330 412 ciii-runt
354 382 385 412 iii
411 379 530 411 oeulos
553 379 737 418 hominum,
766 379 814 411 illi
837 381 892 423 qui
927 388 1104 413 servantur
1128 393 1184 414 co·
1236 381 1424 413 libertatem
1469 381 1655 413 voluntaris
1704 388 1737 413 et
1781 382 1906 415 nullam
1953 385 2224 426 contingentiam.

194 432 316 466 guntur
340 423 435 454 fateri
460 434 497 455 se
521 422 682 454 liberatos
706 433 795 455 esse.
1236 426 1417 458 Praeterea
1441 426 1474 456 in
1499 425 1738 457 deliberatione
1761 425 1917 465 humana,
1942 429 2230 469 quanquam-ipsa

1237 468 1356 500 electio
1381 480 1442 500 seu
1464 470 1655 510 proaeresis
1680 468 1786 500 libera
1822 476 1883 507 est,
1920 476 2029 501 tamen
2053 481 2156 512 saepe
2173 482 2230 503 an-

1236 513 1357 544 tecedit
1383 523 1490 549 error,
1523 520 1557 544 ut
1582 512 1731 546 Pericles
1761 519 1794 544 et
1817 512 2064 545 Demosthenes
2088 515 2231 546 suadent

1237 555 1337 593 bella,
1367 563 1397 587 et
1428 555 1533 588 libere
1557 567 1628 588 eani
1655 557 1850 588 sententiam
1875 556 2001 598 eligunt
2030 558 2108 588 moti
2132 568 2231 600 argu·

1235 601 1356 631 mentis
1379 599 1630 640 probabilibuS,
1662 610 1748 642 quae
1770 606 1881 632 tamen
1907 610 1975 631 non
2005 607 2099 632 erant
2122 601 2230 640 firma,

1206 644 1297 674 .sed
1333 646 1475 675 collecta
1509 650 1603 675 erant
1635 654 1675 674 ex
1710 644 1823 675 causis
1864 654 1931 675 non
1971 644 2228 676 sufficientibus.

1235 687 1329 718 Sicut
1342 686 1510 718 Demades
1523 688 1643 729 inquit:
1668 686 1907 719 Demosthenis
1927 687 2104 719 consilium
2121 687 2228 720 fuisse

1235 730 1363 770 ὀνόμασι
1385 730 1486 769 καλὸν,
1509 731 1544 761 οὐ
1569 730 1717 773 σωτήριον
1741 732 1847 773 ἔργοις.

278 493 371 524 Haec
397 494 497 535 igitur
520 493 609 524 dicta
631 494 831 525 admoneant
854 505 919 526 nos
937 495 978 526 de
995 495 1183 526 infirmitate
1206 505 1210 533 1

190 543 319 575 nostra,
355 537 396 567 de
431 537 562 579 magnis
597 535 769 578 periculis,
804 538 844 568 de
881 539 1115 570 certaminibus
1151 546 1183 570 et

190 579 312 612 auxilio
328 579 400 611 Filii
413 580 489 619 Dei,
514 581 568 622 qui
592 582 712 622 inquit:
736 580 840 612 Neiiio
855 583 959 623 rapiet
984 593 1067 614 oves
1090 592 1183 613 meas

190 634 230 655 ex
251 625 402 656 inanibus
427 625 520 655 111015.
568 623 658 656 Oves
682 631 792 656 autem
816 635 910 656 meae
934 637 1052 657 vocem
1076 636 1182 658 meam

189 669 339 705 audient,
384 674 415 699 et
452 668 676 699 accendamur
709 669 751 698 ad
787 679 899 700 curam
934 676 965 700 et
999 670 1182 701 invocatio-

189 721 265 743 nem
289 718 353 743 etc.
396 711 470 742 Non
496 712 760 753 detorqueantur
782 711 867 743 haec
891 713 976 744 dicta
999 714 1042 744 ad
1066 714 1181 745 Stoica

191 754 407 786 deliramenta
432 766 518 796 quae
542 756 722 796 impediunt
745 756 1008 795 invocationem,
1044 762 1077 787 et
1110 755 1179 788 lan-

189 798 380 840 guefaciunt
402 799 436 830 in
459 799 615 841 regendis
638 799 788 830 moribus
812 798 1027 841 diligentiam.

1277 898 1349 938 De
1383 914 1534 939 causa
1567 907 1796 940 octavum
1829 905 2188 954 argumentum.

371 965 399 1007 S
410 981 431 1006 e
441 982 470 1006 X
479 973 532 1006 tl*
540 981 582 1006 n]
629 982 652 1006 a
662 982 675 1006 l
687 981 716 1020 g
724 981 752 1006 U
761 981 803 1006 m
814 981 836 1006 e
845 981 872 1006 n
881 972 993 1006 tum·
1321 1007 1451 1039 Citatur
1486 1014 1516 1039 et
1548 1008 1615 1039 hoc
1644 1009 1767 1040 dictum
1791 1019 1833 1039 ex
1856 1008 2050 1040 Proverbiis
2074 1007 2228 1040 Salomo-

1232 1052 1285 1082 nis
1310 1052 1417 1092 capite
1443 1051 1493 1082 16.
1531 1051 1649 1082 Omnia
1673 1051 1751 1082 facit
1766 1051 1860 1083 Deus
1883 1058 2020 1093 propter
2044 1062 2083 1083 se
2106 1053 2228 1094 ipsum,

1233 1095 1329 1125 etiam
1354 1095 1486 1135 impium
1512 1095 1554 1126 ad
1579 1096 1663 1126 diem
1687 1094 1820 1126 malum.
1856 1095 1918 1126 Hic
1937 1095 2096 1137 Syntaxis
2110 1095 2228 1127 Gram-

1232 1139 1353 1169 iiiatica
1373 1139 1618 1176 consideretur,
1642 1146 1673 1169 et
1691 1137 1871 1179 particula:
1896 1146 2034 1180 propter
2051 1149 2090 1170 se
2107 1139 2227 1180 ipsum.

275 1075 384 1117 Saepe
404 1076 523 1107 citatur
547 1082 578 1107 et
591 1076 748 1107 Ieremiae
773 1076 910 1106 dictum:
931 1076 1009 1107 Scio
1022 1075 1177 1116 Domine,
1202 853 1209 1196 Ι

1199 1197 1211 1982 1
1233 1181 1452 1223 Nequaquam
1476 1182 1561 1213 enim
1587 1183 1801 1223 cogitandum
1826 1188 1890 1220 est,
1915 1181 2024 1214 Deum
2049 1192 2126 1213 esse
2151 1193 2227 1213 cau-

187 1129 253 1151 iion
274 1126 324 1150 est
348 1120 490 1150 hominis
514 1120 567 1150 via
592 1120 675 1157 01115,
701 1125 764 1150 etc.
811 1118 990 1151 Confessio
1015 1127 1066 1152 est
1090 1121 1179 1152 infir-

186 1163 310 1194 mitatis
332 1169 469 1194 nostrae
493 1164 525 1194 in
550 1163 701 1205 regenda
731 1163 796 1200 via,
826 1163 857 1193 id
893 1169 956 1201 est,
991 1165 1178 1196 vocatione.

187 1206 271 1238 Sunt
307 1212 415 1237 autem
450 1205 572 1237 multae
608 1216 732 1238 causae
764 1207 992 1248 impedientes.
1037 1207 1123 1239 Nam
1147 1215 1179 1240 et

185 1260 280 1281 niens
305 1250 337 1281 in
362 1249 510 1281 consiliis
535 1261 637 1291 saepe
662 1256 766 1281 errat:
800 1251 887 1281 sicut
917 1251 1050 1282 errabat
1075 1251 1179 1283 losias

184 1304 324 1326 movens
349 1292 471 1325 bellum
496 1305 562 1325 iton
586 1295 824 1325 necessarium.
872 1293 1077 1326 Eri-averunt
1090 1295 1180 1327 Peri-

187 1336 258 1369 cles
279 1345 309 1369 et
324 1336 574 1369 Demosthenes
594 1338 777 1369 suadentes
803 1335 888 1368 bella
902 1348 969 1369 non
983 1341 1181 1371 necessaria

1234 1236 1306 1256 sani
1330 1225 1461 1266 peccati
1484 1227 1517 1256 in
1547 1224 1718 1257 voluntate
1748 1225 1847 1266 impia
1882 1232 2019 1267 propter
2042 1236 2080 1258 se
2103 1226 2226 1267 ipsum,

1234 1269 1295 1300 sed
1318 1268 1412 1300 Deus
1436 1270 1527 1310 punit
1552 1270 1685 1311 impium
1708 1276 1846 1310 propter
1868 1279 1907 1300 se
1930 1270 2055 1311 ipsum,
2079 1275 2115 1300 ut
2138 1269 2229 1301 vide·

285 1382 292 1390 .
310 1382 317 1389 .
483 1383 490 1390 .
801 1381 807 1388 .
887 1381 894 1388 .
1233 1355 1308 1387 Dei.
1355 1356 1403 1387 Sit
1423 1356 1522 1397 igitur
1545 1356 1632 1387 haec
1656 1356 1834 1398 Syntaxis:
1870 1355 1966 1387 Deus
1990 1355 2069 1387 facit
2092 1356 2228 1397 impium

186 1386 218 1413 et
241 1387 382 1412 eXitiosa
406 1388 553 1422 patriae,
577 1388 609 1412 et
634 1392 751 1413 omnes
777 1380 937 1412 historiae
960 1380 1079 1423 plenae
1103 1389 1181 1415 sunt
1234 1400 1276 1431 ad
1301 1400 1385 1430 diem
1409 1398 1543 1438 malum,
1567 1399 1599 1430 id
1619 1405 1682 1436 est}
1707 1399 1838 1430 ordinat
1857 1400 1991 1441 impium
2011 1399 2053 1430 ad
2071 1409 2227 1440 poenam,

185 1423 301 1456 talium
330 1434 480 1456 errorum
543 1425 621 1456 Ideo
657 1425 780 1456 dictum
816 1430 885 1456 est:
919 1425 990 1456 Nisi
1015 1425 1180 1459 Dominus
1235 1453 1272 1474 ea
1302 1454 1343 1474 ue
1367 1443 1530 1474 ordinatio
1554 1442 1589 1473 fit
1637 1454 1674 1474 ro
1701 1449 1752 1474 ter
1775 1442 1882 1474 Deum
1927 1449 1958 1474 et
1982 1441 2122 1474 „loriam
2151 1441 2213 1473 Dei

187 1469 382 1500 custodierit
419 1469 601 1507 civitatem,
644 1466 769 1499 frustra
798 1466 937 1510 vigilant
974 1475 1038 1500 etc.
1095 1469 1180 1502 Hinc
1278 1454 1297 1485 q
1613 1454 1634 1484 P
1678 1454 1698 1484 p
1893 1465 1902 1481 ⁹
1981 1467 2002 1485 ⁵
2216 1465 2227 1480 ⁵

185 1522 268 1543 vero
304 1522 369 1543 non
405 1513 569 1554 sequitur,
605 1512 695 1553 quod
728 1522 795 1542 non
830 1513 872 1542 sit
907 1511 1013 1543 libera
1046 1512 1179 1545 electio.

184 1554 277 1594 Iteni,
305 1556 400 1587 Vana
425 1555 518 1587 salus
543 1555 694 1587 hominis.
742 1555 928 1587 Stultorum
959 1555 1105 1588 infinitus
1130 1563 1180 1588 est

183 1609 354 1631 numerus.
385 1599 544 1631 Ovidius:
570 1598 657 1629 Proh
682 1599 800 1641 Superi
824 1599 902 1641 quid
932 1609 999 1630 non
1026 1600 1180 1632 mortalia

184 1649 324 1685 pectora
348 1644 442 1684 cogis
467 1649 529 1674 etc.
566 1642 702 1673 Fieerm
727 1642 755 1673 ()
779 1654 831 1674 me
854 1653 1023 1684 nunquam
1047 1645 1179 1685 sapien-

185 1693 262 1718 tem.
309 1686 398 1718 Nihil
423 1686 546 1718 honiini
570 1685 701 1718 facilius
726 1694 776 1718 051
806 1697 904 1728 quani
929 1685 1007 1718 labi.
1054 1687 1089 1720 ln
1115 1688 1180 1719 He-

184 1731 281 1762 siodo
306 1731 457 1762 homines
482 1730 651 1773 finguntur
663 1729 858 1771 Epinietliei.
895 1729 1047 1761 Plautus:
1073 1731 1178 1767 Quem

183 1776 330 1816 poenitet
366 1785 432 1805 non
467 1775 620 1816 peccavit
640 1780 703 1804 etc.
750 1773 929 1805 Praeterea
962 1774 1045 1806 foris
1076 1774 1179 1807 inulta

185 1824 263 1849 sunt
286 1818 519 1860 impedimenta
544 1817 777 1856 consiliorum,
807 1828 909 1858 saepe
932 1824 1099 1849 mutantur
1123 1829 1177 1850 su-

185 1862 253 1892 bito
279 1862 491 1899 occasiones,
526 1872 589 1893 nee.
624 1871 756 1902 semper
790 1861 994 1903 respondent
1025 1868 1176 1893 eventus.

184 1904 291 1936 Multa
325 1906 490 1937 accedunt
520 1903 762 1936 inextricabilia
798 1906 940 1936 humano
977 1904 1117 1937 consilio
1141 1913 1175 1937 ut

184 1948 294 1980 David
324 1948 418 1988 exul,
453 1948 598 1989 humano
636 1947 775 1980 consilio
808 1960 876 1979 non
899 1955 1011 1990 potest
1036 1950 1175 1980 restitui.

183 1991 337 2035 Denique
371 1992 464 2024 multi
499 1993 714 2034 experiuntur
745 2002 878 2024 errores
903 1998 935 2024 et
955 1990 1019 2023 alia
1042 1993 1179 2034 impedi-

185 2044 306 2068 menta.
352 2037 591 2078 Agnoscamus
625 2037 724 2077 igitur
758 2036 981 2067 infirmitatem
1015 2043 1176 2075 nostram,

185 2086 219 2110 et
241 2090 261 2111 a
284 2079 359 2112 Deo
383 2088 534 2121 petamus
559 2079 723 2111 auxilium.
770 2079 845 2111 Hoc
875 2085 987 2111 monet
1005 2079 1174 2119 Ieremias,

183 2133 248 2154 nee
271 2125 346 2155 inde
370 2125 520 2166 sequitur
542 2123 650 2155 Deum
674 2133 751 2155 esse
781 2134 918 2155 causam
947 2130 1176 2165 peccatorum.

1234 1485 1406 1525 videlicet,
1440 1494 1475 1518 ut
1505 1487 1729 1527 conspiciatur
1752 1487 1873 1517 iustitia
1898 1485 1972 1518 Dei.
2040 1485 2102 1517 Est
2125 1486 2228 1528 igitur

1233 1529 1299 1561 hoc
1324 1531 1446 1561 dictum
1469 1531 1677 1561 asseveratio
1703 1530 1743 1560 de
1766 1530 1992 1570 providentia,
2023 1529 2113 1571 quod
2137 1529 2228 1560 vide-

1233 1572 1310 1605 licet
1334 1573 1466 1605 futurus
1490 1574 1531 1604 sit
1556 1572 1736 1615 aliquando
1756 1573 1830 1604 finis
1850 1573 2058 1604 horribilium
2076 1571 2226 1604 surorum

1233 1618 1265 1648 in
1289 1628 1413 1659 genere
1437 1617 1593 1655 humano,
1618 1618 1694 1659 quia
1718 1615 1814 1649 Deus
1838 1617 1927 1648 iusto
1948 1616 2069 1649 iudicio
2093 1617 2226 1648 ordina·

1232 1661 1277 1692 vit
1301 1661 1420 1703 impios
1445 1661 1487 1692 ad
1510 1671 1663 1703 poenam.

1264 1780 1277 1795 ἢ

1433 1829 1627 1870 Nonum
1659 1835 2020 1884 argumentum.

1317 1938 1434 1970 Matth.
1462 1939 1511 1970 10.
1545 1938 1666 1970 Nonne
1690 1938 1755 1969 duo
1780 1947 1939 1980 passeres
1962 1947 2041 1968 asse
2064 1942 2223 1976 veneunt,

1231 1990 1261 2014 et
1285 1994 1371 2014 unus
1396 1993 1436 2014 ex
1460 1984 1508 2013 eis
1531 1992 1597 2013 11011
1623 1982 1719 2012 cadet
1739 1992 1840 2022 super
1863 1987 1985 2012 terram
2020 1982 2092 2012 51110
2125 1987 2223 2022 patre

1230 2034 1355 2058 vestro.
1403 2026 1517 2057 Vestri
1541 2032 1648 2057 autem
1676 2023 1785 2065 capilli
1811 2025 1928 2066 capitis
1959 2034 2075 2055 omnes
2107 2033 2222 2055 11111110-

1230 2071 1292 2101 rati
1317 2075 1404 2101 sunt.
1436 2069 1530 2101 Hanc
1555 2068 1779 2099 dulcissimam
1803 2068 2060 2109 promissionem
2085 2068 2126 2099 de
2144 2077 2222 2109 pro—

1229 2114 1373 2145 tectione
1405 2113 1514 2143 divitia
1547 2113 1744 2153 detorquent
1769 2112 1902 2153 quidam
1926 2112 1968 2142 ad
1993 2110 2140 2143 Stoicam
2164 2120 2221 2142 ne-

1229 2157 1439 2195 cessisateiii,
1464 2157 1519 2198 qui
1543 2157 1592 2187 sic
1616 2161 1901 2198 argumentantur.

1318 2226 1401 2257 Citiii
1434 2235 1610 2266 passerum
1645 2231 1754 2257 motus
1788 2224 1868 2256 fiant
1900 2235 1919 2255 a
1948 2223 2035 2262 Deo,
2069 2223 2221 2265 sequitur

1230 2271 1374 2301 oninium
1417 2280 1526 2301 reruni
1579 2276 1689 2300 iiiotus
1734 2279 1755 2300 a
1794 2266 1871 2300 Deo
1917 2268 1988 2299 tien·
2033 2268 2144 2299 bonos
2187 2273 2221 2298 et

337 2292 619 2348 Septimum
659 2299 1021 2347 argumentum.
1229 2313 1349 2345 malos.

271 2392 429 2425 Salomon
448 2395 568 2436 inquit:
593 2394 699 2425 Homo
712 2400 889 2436 praeparat
902 2394 1054 2424 animam.
1079 2392 1175 2424 Deus
1317 2391 1383 2423 Sed
1403 2389 1541 2432 simplex
1563 2397 1595 2421 et
1619 2390 1794 2421 verissima
1810 2389 1986 2430 responsio
2007 2395 2070 2419 est:
2096 2388 2219 2437 dictutn

186 2437 349 2478 gubernat
372 2437 529 2479 linguam,
563 2439 595 2469 iii
632 2439 697 2469 hoc
726 2439 814 2468 dicto
843 2436 924 2468 utile
955 2443 1007 2468 051
1041 2447 1176 2468 monere
1229 2435 1350 2467 Christi
1375 2441 1425 2465 est
1451 2435 1603 2465 docti-iiia
1628 2440 1659 2464 et
1691 2434 1898 2464 asseveratio
1935 2433 1976 2463 de
2009 2432 2219 2474 providentia

186 2481 371 2519 discentes,
395 2483 648 2513 discernendam
674 2492 751 2512 esse
776 2481 990 2518 electionem,
1014 2491 1099 2522 quae
1124 2487 1175 2511 est
1229 2486 1260 2511 et
1285 2478 1543 2510 conservatione
1580 2484 1765 2514 creaturae,
1802 2484 1832 2507 et
1869 2476 1910 2507 de
1944 2476 2150 2516 protectione
2185 2480 2219 2505 et

185 2524 218 2554 in
241 2522 410 2556 voluntate
434 2527 475 2557 ab
500 2527 674 2557 eventibus
698 2526 752 2567 qui
777 2532 851 2556 sunt
877 2531 970 2555 extra
993 2535 1067 2555 iios.
1093 2524 1174 2555 Cum
1229 2522 1485 2555 conservatione
1521 2520 1706 2552 Ecclesiae.
1764 2520 1982 2550 Verissimum
2023 2526 2073 2550 est
2108 2517 2217 2549 Deum

186 2567 292 2598 losias
340 2567 461 2599 belluni
508 2569 622 2612 eligit,
666 2579 704 2599 ea
746 2567 866 2599 electio
907 2574 958 2599 est
993 2567 1173 2599 voluntatis
1198 2556 1203 2608 l
1228 2568 1336 2598 onmia
1360 2566 1568 2606 praevidere,
1591 2565 1757 2605 inspicere
1781 2570 1811 2594 et
1835 2564 1995 2599 iudicare,
2023 2569 2056 2592 ut
2082 2559 2216 2593 Psalmo

185 2620 282 2652 opuS‚
317 2618 349 2642 et
384 2611 419 2643 fit
442 2611 546 2644 libere
570 2621 602 2645 et
626 2613 871 2655 contingenter,
907 2612 967 2643 sed
1002 2612 1044 2642 ad
1075 2622 1174 2643 even·
1199 2612 1204 2636 Ι
1227 2611 1280 2642 3-2.
1305 2611 1423 2642 dicitur
1447 2610 1488 2641 de
1510 2609 1734 2650 providentia:
1759 2607 1812 2639 De
1832 2605 1927 2638 coelo
1945 2606 2102 2647 respexit,
2125 2605 2218 2636 videt

1232 1311 1309 1343 licet
1346 1313 1597 1353 conspiciantur
1632 1313 1822 1344 testimonia
1857 1313 1972 1344 iudicii
2017 1320 2049 1344 et
2084 1313 2228 1344 iustitiae
2276 1319 2286 1323 “
