2383 2990
124 145 188 175 515
733 144 845 176 PHIL.
868 144 969 175 MEL.
994 144 1182 177 SCRIPTA
1204 144 1484 178 DOGMATIGA.
2084 147 2149 179 516

1163 247 1216 272 tur
1238 239 1340 271 Filius
1364 240 1514 272 Verbum
1533 241 1620 272 vitae
1628 264 1638 280 ‚
1673 241 1753 283 quia'
1772 242 1895 273 missus
1924 248 1991 281 est,
2025 248 2061 273 ut
2083 252 2147 274 nos

1163 285 1318 316 vivificet.
2090 306 2102 319 a

126 245 225 270 tatem
245 245 277 270 et
301 250 480 281 personam
504 240 656 277 missam,
688 240 763 271 inde
786 250 853 271 non
876 240 1041 281 sequitur,
1076 242 1109 272 in

125 293 269 322 persona
295 284 395 314 missa
420 294 484 314 non
509 293 585 314 esse
609 283 692 314 duas
716 290 866 314 naturas.
913 283 986 315 Hac
1010 284 1109 325 igitur

127 327 349 356 Grammatica
375 326 514 367 Syntaxi
545 332 635 356 utor:
682 326 773 357 Haec
796 332 846 358 est
871 327 937 357 vita
961 333 1108 365 aeterna,

123 375 156 399 ut
181 375 389 411 cognoscant
415 375 446 399 te
469 368 577 400 solum
600 379 713 400 verum
728 369 834 401 Deum
859 380 946 407 esse,
965 377 997 401 te
1020 369 1108 402 scili—

125 418 176 442 cet
202 413 398 449 mittentem,
434 419 464 443 et
494 411 582 443 hunc
612 412 735 451 lesum,
770 424 865 454 quem
889 414 1006 444 misisti
1031 424 1108 445 esse

123 454 292 493 Messian„
317 454 548 493 Mediatorem,
572 455 817 494 Redenitorcm,
842 463 873 488 et
887 456 1106 495 salvatorem,

123 497 333 540 colligentem
356 497 552 530 Ecclesiam.

1192 450 1470 500 SEQUITUR
1516 449 1880 491 VOCABULUM
1911 451 2114 493 IMAGO.

1249 583 1458 616 Vocabulum
1482 584 1628 616 IMAGO
1652 591 1741 616 extat
1754 586 1785 616 in
1797 584 1949 626 Epistola
1962 586 2003 617 ad
2022 585 2146 617 Ebrae-

1162 638 1211 661 os,
1236 629 1290 659 ubi
1316 629 1452 659 dicitur:
1487 627 1608 666 Filius,
1633 639 1693 670 per
1716 639 1812 670 quem
1836 628 1951 659 secula
1975 628 2070 667 fecit,
2094 634 2147 660 est

1161 670 1320 712 splendor
1343 671 1429 702 lucis
1453 679 1486 703 et
1509 672 1619 713 imago.
1644 673 1851 703 substantiae
1875 672 1999 703 aeterni
2025 672 2144 703 Patris.

1161 714 1222 745 Hic
1247 713 1342 746 locus
1367 721 1397 745 et
1424 715 1464 746 ‹le
1487 715 1598 745 divina
1618 721 1735 746 natura
1764 716 1796 746 in
1820 714 1955 746 Christo
1980 721 2032 746 est
2054 717 2146 747 testi-

1161 758 1323 795 monium,
1358 759 1434 799 quia
1457 768 1618 799 expresse
1642 759 1772 797 dicitur,
1797 759 1953 789 mundum
1975 769 2035 800 per
2057 758 2147 790 hunc

206 799 305 840 Apud
318 800 563 831 Nazianzenum
586 801 618 831 in
631 799 696 831 fine
708 802 875 832 secundae
894 801 1054 831 orationis
1067 801 1107 831 de
1132 792 1136 848 Ι
1161 799 1277 831 Filium
1302 801 1468 832 conditum
1492 811 1580 839 esse,
1606 807 1637 832 et
1659 812 1719 843 per
1742 812 1814 833 eum
1840 802 2045 833 conservari.
2069 802 2146 834 Non

120 842 186 873 filio
211 842 273 873 Dei
298 849 388 874 extat
408 844 520 874 brevis
545 842 725 874 declaratio
750 842 1020 885 appellationum.
1056 843 1107 874 Fi·
1161 849 1212 874 est
1237 850 1344 875 autem
1369 845 1523 876 conditus
1547 845 1688 875 mundus
1712 855 1772 886 per
1795 845 1971 876 humanam
1983 851 2145 884 naturam,

120 885 183 916 lius
219 887 407 927 unigenitus
443 887 576 925 dicitur,
611 893 644 917 ut
670 888 902 917 discernantur
926 897 943 917 a
969 886 1106 917 Christo
1160 885 1219 917 fuit.
1253 888 1353 929 igitur
1375 893 1494 919 natura
1516 888 1679 919 conditrix
1703 894 1735 919 et
1759 889 1991 919 conservatrix
2022 889 2144 927 mundi,

120 929 176 960 filii
202 930 401 969 adoptionis.
437 929 563 960 Unicus
588 936 695 961 autem
721 936 770 960 est
784 928 884 960 Filius
905 930 1106 971 unigenitus,
1160 941 1244 971 quae
1266 936 1386 971 postea
1409 937 1461 962 est
1483 931 1515 961 in
1530 930 1664 962 Christo
1687 937 1765 962 nato
1786 942 1827 962 ex
1850 932 1990 973 virgine,
2015 937 2046 962 et
2058 932 2146 963 hanc

120 974 173 1014 qui
200 979 247 1003 est
275 973 316 1003 de
340 974 484 1003 essentia
496 972 616 1011 Pan-is,
639 972 732 1003 Deus
746 973 786 1003 <le
805 972 890 1010 Deo,
914 973 1039 1004 Lumen
1065 974 1105 1004 de
1159 974 1307 1004 nominat
1331 973 1544 1014 splendorem
1569 972 1708 1015 gloriae,
1732 975 1764 1005 id
1784 981 1845 1014 est,
1869 974 1954 1006 lucis
1969 981 2145 1016 paternae,

120 1016 268 1047 Lumine.
315 1016 381 1047 Sed
407 1017 559 1047 homines
584 1017 689 1047 renati
713 1017 923 1047 nominantur
947 1015 1001 1046 filii
1025 1017 1105 1047 ado-
1158 1017 1243 1047 sicut
1269 1015 1464 1058 Symbolum
1497 1018 1615 1059 inquit:
1661 1017 1789 1049 Lumen
1823 1019 1864 1048 de
1898 1018 2047 1049 Lumine.
2093 1018 2145 1049 Ac

119 1060 251 1100 Iniuriis,
277 1060 353 1100 quia
377 1065 514 1100 propter
532 1060 734 1100 unigenitum
759 1058 952 1101 diliguntur,
978 1060 1033 1101 qui
1057 1059 1104 1091 fa·
1157 1060 1399 1101 significantius
1419 1060 1485 1091 hoc
1508 1060 1639 1091 Graece
1663 1061 1781 1092 dicitur
1804 1060 2001 1101 ἀπαύγασμα,
2024 1062 2057 1092 id
2081 1067 2144 1100 est,

120 1111 194 1133 ctus
218 1108 267 1132 est
292 1101 396 1133 frater
419 1108 532 1133 noster
555 1109 703 1133 assumta
726 1103 868 1134 humana
898 1110 1033 1140 natura,
1068 1110 1104 1135 ut
1157 1101 1269 1145 fulgor
1291 1114 1310 1134 a
1334 1103 1438 1141 Luce,
1462 1109 1494 1134 et
1517 1110 1568 1134 est
1591 1104 1700 1146 imago
1724 1105 1948 1142 substantiae,
1983 1105 2075 1146 quia,
2110 1110 2146 1135 ut

119 1156 180 1176 nos
216 1145 362 1176 vicissim
393 1144 600 1176 efficeremur
633 1145 756 1177 fratres
791 1147 912 1187 ipsius,
948 1145 1104 1178 videlicet
1157 1156 1251 1177 mens
1286 1147 1318 1177 in
1352 1146 1485 1177 homine
1515 1145 1636 1178 format
1658 1148 1817 1188 imagines
1842 1148 2059 1189 cogitatione,
2095 1152 2145 1179 sic

119 1190 297 1230 participes
333 1189 463 1220 divinae
498 1195 648 1220 naturae.
695 1188 736 1219 Et
761 1195 868 1221 tamen
893 1188 956 1220 alia
979 1195 1029 1220 est
1053 1200 1103 1220 es·
1157 1189 1257 1220 Pater
1281 1200 1358 1220 sese
1381 1191 1525 1228 intuenS,
1551 1201 1624 1222 cum
1637 1200 1714 1221 sese
1738 1190 1885 1232 perfecte
1899 1189 2073 1233 intelligat,
2097 1191 2144 1232 gi-

119 1233 224 1263 sentia
250 1237 361 1263 creata
384 1231 545 1269 hominis,
570 1239 602 1263 et
625 1231 690 1263 alia
715 1238 763 1264 cst
787 1233 966 1264 divinitatis
991 1243 1103 1264 essen-
1157 1234 1228 1275 gnit
1250 1233 1427 1275 imaginem
1451 1244 1564 1271 suam,
1597 1243 1683 1274 quae
1717 1234 1847 1276 quidem
1871 1239 1922 1265 est
1944 1234 2053 1276 imago
2077 1244 2144 1265 non

118 1277 175 1312 tia,
199 1285 284 1316 quae
308 1274 538 1316 separabiliter
561 1282 613 1307 est
635 1276 668 1306 in
691 1277 827 1314 renatis,
851 1277 906 1318 qui
929 1282 1007 1307 sunt
1026 1282 1103 1308 tem-
1155 1286 1385 1315 evanescens,
1419 1277 1479 1308 sed
1514 1277 1725 1315 subsistenS‚
1772 1287 1861 1319 quae
1896 1283 1948 1308 est
1983 1276 2145 1316 ὁμοούσιος

118 1318 174 1359 pla
198 1319 271 1350 Dei.
1129 1304 1133 1380 ἱ
1156 1319 1258 1350 Patri.

141 664 215 704 DE
248 664 777 707 APPELLATIONIBUS
810 667 937 707 FILII
969 666 1075 706 DEI.

205 1404 338 1435 Dicitur
361 1410 391 1435 et
415 1405 564 1435 ΛΟΓΟΣ
584 1406 709 1436 aeterni
732 1404 852 1436 Patris.
898 1405 971 1437 Hoc
995 1404 1105 1437 decla·
1243 1403 1418 1436 Declarari
1441 1410 1550 1436 autem
1573 1406 1683 1447 imago
1707 1411 1739 1436 et
1751 1415 1812 1447 per
1834 1404 1891 1436 illa
1909 1411 2032 1447 potest,
2055 1406 2144 1448 quod

117 1454 167 1479 rat
191 1454 352 1486 vetustaS,
376 1448 436 1486 sic,
460 1454 495 1479 ut
518 1455 641 1480 tantum
665 1455 821 1489 respectu
830 1448 939 1479 Patris
952 1448 1045 1480 multi
1057 1449 1104 1479 in·
1158 1447 1261 1479 Filius
1285 1449 1328 1479 sit
1351 1447 1464 1491 fulgor
1487 1449 1668 1480 ostendens
1681 1448 1825 1487 Patrem,
1852 1449 1883 1480 id
1908 1454 1975 1486 est,
1998 1459 2145 1490 persona

118 1491 266 1533 telligant
282 1502 356 1522 euin
370 1491 432 1522 dici
445 1491 541 1531 λόγον,
565 1490 719 1522 w'delicet
732 1493 788 1530 ita,
812 1493 898 1523 sicut
922 1492 1105 1523 inhomini-
1129 1491 1134 1538 l
1157 1490 1313 1533 loquenS,
1337 1502 1397 1523 seu
1421 1493 1558 1523 verbum
1573 1492 1765 1530 ostendens,
1789 1503 1874 1533 quae
1898 1492 1941 1523 sit
1959 1491 2066 1524 Patris
2090 1502 2144 1523 sa-

117 1537 180 1567 bus
207 1536 347 1565 verbum
378 1536 576 1576 cogitatione
600 1535 777 1573 formatur,
809 1536 898 1576 quod
922 1541 973 1566 est
996 1536 1104 1577 imago
1157 1535 1290 1576 pientia,
1313 1535 1449 1573 iustitia,
1472 1535 1623 1573 libertas,
1647 1537 1696 1566 ira
1719 1535 1884 1566 adversus
1897 1542 2089 1576 peccatum,
2112 1541 2145 1566 et

117 1580 164 1609 rei
190 1578 376 1619 cogitatae,
410 1584 446 1609 ut
482 1588 554 1609 cum
587 1577 685 1609 homo
711 1579 834 1619 cogitat
856 1580 1014 1617 amicum,
1049 1577 1105 1609 illa
1158 1579 1387 1609 misericordia
1422 1589 1502 1620 erga
1536 1579 1711 1610 credentes
1745 1579 1970 1620 promissioni,
2005 1579 2144 1610 ethaeo

119 1622 321 1663 cogitatione
357 1632 433 1652 mox
456 1619 576 1652 format
599 1622 776 1663 imaginem
800 1622 887 1653 eius:
934 1622 991 1653 Sic
1014 1623 1105 1653 aiunt
1157 1631 1303 1663 persona
1337 1621 1498 1663 loquens,
1534 1632 1594 1654 seu
1613 1621 1678 1653 hoc
1702 1623 1857 1660 verbum,
1891 1623 1924 1652 in
1947 1632 2013 1663 quo
2037 1620 2143 1663 fulget

118 1666 263 1702 Patrem,
289 1665 343 1705 qui
368 1675 445 1696 sese
464 1664 611 1706 perfecte
636 1663 805 1707 intelligit,
835 1666 973 1707 gignere
992 1666 1104 1706 imagi-
1158 1665 1319 1705 sapientia
1349 1671 1380 1696 et
1403 1665 1524 1696 iustitia
1547 1665 1663 1696 similis
1688 1665 1796 1703 Patri,
1830 1663 1984 1706 splendet
2017 1665 2049 1695 in
2073 1670 2144 1696 tota

118 1720 192 1740 nem
218 1719 310 1739 suam
335 1718 395 1739 seu
419 1707 528 1749 eloqui
552 1709 700 1746 verbum,
720 1709 809 1749 quod
832 1716 883 1739 est
903 1709 1009 1750 ipsius
1024 1709 1105 1739 inte·
1158 1714 1276 1739 natura
1299 1714 1457 1739 assumta.
1504 1708 1552 1739 lta
1575 1707 1677 1739 Filius
1702 1708 1795 1739 Deus
1819 1714 1851 1739 et
1873 1707 1972 1739 homo
1997 1708 2143 1739 nomina·

120 1763 178 1794 gra
215 1759 246 1782 et
272 1750 502 1783 substantialis
531 1752 652 1793 imago.
698 1751 861 1783 Differunt
885 1753 970 1783 enim
992 1752 1105 1793 imagi·
1158 1757 1210 1782 tur
1233 1752 1342 1793 imago
1367 1752 1492 1782 aeterni
1517 1751 1626 1783 Patris
1649 1752 1691 1783 ad
1715 1750 1941 1783 Colossenses
1966 1758 1998 1782 et
2021 1750 2143 1792 Philip-

118 1805 178 1826 nes
202 1796 233 1825 in
255 1796 420 1826 creaturis
443 1796 485 1826 ab
511 1795 573 1827 hac
597 1795 739 1837 imagine
763 1795 793 1825 in
819 1796 1001 1833 divinitate,
1028 1796 1104 1837 quia
1157 1805 1293 1835 penses,
1323 1796 1378 1825 ubi
1413 1795 1547 1826 dicitur:
1583 1795 1646 1831 Qui
1670 1806 1744 1827 cum
1768 1801 1859 1826 esset
1881 1796 1914 1825 in
1938 1792 2045 1825 forma
2067 1794 2143 1833 Dei,

117 1839 276 1880 imagines
312 1840 343 1869 in
381 1839 543 1870 creaturis
578 1845 655 1869 sunt
686 1839 821 1870 umbrae
846 1845 1102 1870 evanescentes:
1157 1836 1297 1869 formam
1321 1839 1410 1870 servi
1433 1839 1576 1879 accepit,
1599 1839 1632 1869 id
1655 1844 1718 1876 est,
1739 1849 1812 1870 cum
1826 1844 1917 1869 esset
1934 1844 2065 1879 potem,
2089 1848 2143 1869 sa-

117 1882 184 1913 Sed
211 1881 313 1913 Filius
338 1882 464 1913 aeterni
488 1881 597 1913 Patris
622 1888 673 1912 est
697 1882 807 1923 imago
832 1882 1034 1920 subsistens,
1057 1882 1104 1913 vi·
1157 1882 1264 1922 piens,
1299 1882 1417 1920 iustus,
1452 1880 1561 1920 fortis,
1596 1882 1679 1913 sicut
1706 1881 1816 1920 Pater,
1849 1887 1957 1913 tamen
1977 1892 2043 1912 non
2067 1890 2142 1912 exe·

116 1937 157 1956 va
182 1933 213 1956 et
236 1928 377 1967 integra,
401 1931 433 1957 et
454 1935 594 1956 manens
618 1925 775 1964 ὃμοοιῐσιος
798 1924 900 1963 Patri,
923 1925 965 1956 de
989 1935 1104 1957 essen·
1158 1926 1223 1956 ruit
1242 1935 1336 1956 suam
1359 1926 1540 1966 potentiam
1560 1931 1620 1956 etc.
1666 1924 1709 1956 Et
1730 1925 1762 1955 5.)-
1776 1924 1926 1956 Corinth.
1950 1925 1981 1956 3.
2006 1925 2142 1956 dicitur:

116 1969 160 1999 tia
184 1968 304 1999 Patris.
1157 1967 1230 1999 Nos
1266 1974 1392 1999 retecta
1425 1968 1510 1999 facie
1541 1967 1681 2010 gloriam
1715 1967 1779 1999 Dei
1809 1969 1988 2005 intuentes,
2023 1968 2055 1998 id
2078 1973 2142 2006 est,

1161 2011 1307 2043 Verbum
1342 2010 1460 2043 lucens
1495 2012 1527 2043 in
1560 2012 1669 2049 nobis,
1703 2012 1734 2042 in
1765 2021 1830 2052 quo
1864 2011 1895 2042 in
1920 2011 2142 2042 conversione

1157 2056 1322 2086 cernimus
1346 2053 1454 2085 Deum
1477 2061 1508 2085 et
1527 2054 1749 2096 praesentiam
1762 2055 1845 2092 eius,
1870 2055 2036 2086 cernimus
2059 2054 2142 2085 iram

1156 2098 1319 2129 adversus
1342 2104 1528 2138 peccatum,
1549 2108 1647 2139 quam
1669 2098 1753 2129 ratio
1776 2108 1844 2128 non
1856 2098 1906 2128 sic
1923 2098 2046 2129 cernit:
2071 2107 2142 2128 cer—

1156 2141 1265 2172 nimus
1301 2147 1332 2172 et
1367 2141 1629 2172 misericordiam
1662 2140 1726 2172 Dei
1749 2141 1938 2182 praesentis
1961 2139 2142 2172 revelatam

1157 2185 1190 2214 in
1224 2183 1422 2226 Evangelio,
1457 2194 1498 2215 ac
1523 2190 1700 2216 cernentes
1724 2185 1861 2215 verbum
1884 2183 2003 2215 lucens
2027 2184 2060 2215 in
2082 2193 2141 2215 no-

1158 2228 1221 2265 bis,
1245 2226 1519 2258 transformamur
1542 2229 1583 2258 ad
1607 2228 1782 2269 imaginem
1806 2226 1906 2265 illam,
1929 2228 1963 2258 id
1987 2234 2048 2265 est,
2071 2225 2141 2258 effi-

1159 2271 1265 2302 cimur
1294 2270 1419 2302 similes
1454 2272 1556 2302 verbo
1580 2270 1703 2302 lucenti
1726 2271 1758 2302 in
1782 2271 1898 2309 nobis,
1934 2281 1953 2301 a
1977 2269 2085 2312 gloria
2107 2270 2141 2300 in

1157 2313 1316 2355 gloriam.
1350 2315 1383 2345 id
1411 2319 1478 2352 est,
1517 2313 1594 2346 luce
1622 2313 1694 2345 Filii
1722 2314 1765 2345 ad
1790 2314 1992 2356 agnitionem
2015 2313 2141 2344 aeterni

1157 2357 1286 2395 Patris,
1320 2364 1352 2389 et
1375 2357 1459 2388 haec
1483 2357 1564 2389 fiunt
1587 2357 1711 2399 Spiritu
1733 2364 1851 2388 sancto
1875 2355 1973 2388 simul
1995 2362 2142 2388 mutante

1157 2401 1271 2439 corda,
1295 2407 1327 2432 et
1350 2411 1457 2432 novas
1482 2400 1633 2432 flammas
1657 2401 1689 2432 in
1714 2402 1871 2432 cordibus
1895 2401 2113 2432 accendente.

204 2054 296 2085 Ilaec
331 2053 514 2086 declaratio
559 2060 652 2085 recte
686 2055 826 2086 sumitur
860 2064 900 2086 ex
937 2053 1103 2085 vocabulo

118 2098 282 2139 imaginis.
328 2097 397 2128 Sed
435 2098 579 2139 adiungo
613 2098 676 2129 dici
699 2098 783 2138 λόγον
806 2104 964 2138 respectu
987 2099 1104 2136 nostri,

118 2142 195 2183 quia
230 2148 279 2171 est
305 2151 462 2182 persona,
493 2151 591 2183 quam
615 2148 771 2172 aeternus
795 2140 895 2172 Pater
918 2141 1103 2172 immediate

117 2185 211 2215 mittit
247 2185 288 2215 ad
313 2183 517 2222 Ecclesiam,
552 2195 636 2225 quae
670 2183 798 2224 profert
820 2183 1039 2226 Evangelium
1063 2194 1104 2215 ex

118 2229 192 2258 sinu
217 2228 343 2258 aeterni
367 2227 487 2265 Patris,
513 2233 545 2258 et
565 2237 627 2257 nos
650 2227 845 2269 alloquitur,
869 2233 984 2259 servat
1013 2228 1104 2258 mini-

117 2272 251 2302 sterium
276 2269 462 2313 Evangelii,
488 2269 615 2311 colligit
638 2270 838 2309 Ecclesiam,
863 2277 896 2302 et
918 2271 1104 2302 immediate

118 2320 170 2345 est
194 2315 224 2345 in
245 2325 284 2345 ea
308 2313 427 2345 efficax
451 2324 536 2345 voce
559 2313 731 2355 Evangelii
756 2315 938 2345 ostendens
958 2313 1102 2345 Patrem.

117 2357 195 2387 ldeo
227 2364 259 2388 ct
293 2358 377 2389 haec
413 2358 528 2388 eadem
561 2368 718 2399 persona,
753 2358 830 2399 quia
860 2358 961 2388 missa
986 2363 1037 2388 est
1061 2358 1103 2388 ad

117 2399 314 2438 Ecclesiam,
349 2402 486 2432 assumit
521 2400 698 2432 humanam
731 2407 893 2432 naturam.
938 2400 993 2432 Ad
1015 2400 1103 2431 hanc

118 2444 420 2484 interpretationem
444 2447 515 2486 περὶ
538 2445 589 2474 τοῦ
613 2445 699 2483 λόγου
724 2444 877 2486 congruit
890 2444 1028 2475 dictum:
1051 2443 1102 2474 Fi-

118 2484 183 2516 lius
213 2488 265 2527 qui
302 2493 352 2518 est
386 2488 418 2518 in
453 2488 526 2518 sinu
549 2486 659 2518 Patris
693 2488 766 2528 ipse
801 2487 968 2518 enarravit
994 2487 1100 2518 nobis.
1243 2487 1417 2519 Addamus
1453 2492 1485 2519 et
1518 2487 1641 2518 dictum
1675 2485 1769 2518 Pauli
1800 2487 1829 2517 1.
1853 2485 2002 2517 Corinth.
2029 2485 2058 2516 1.
2103 2484 2140 2516 ln

118 2528 216 2566 Item,
242 2529 313 2570 Ego
333 2541 405 2562 sum
430 2531 484 2572 qui
507 2531 549 2561 ab
573 2531 663 2562 initio
688 2531 859 2562 vobiscum
883 2529 1014 2572 loquor.
1060 2529 1102 2561 Et
1156 2528 1303 2569 Christo,
1338 2531 1393 2572 qui
1414 2529 1525 2562 *factus
1550 2536 1600 2562 est
1620 2531 1715 2561 nobis
1739 2530 1903 2571 sapientia
1926 2540 1947 2560 a
1969 2528 2056 2566 Deo,
2090 2527 2139 2559 Iu-

121 2573 149 2603 l.
165 2572 276 2603 [ohan.
294 2574 319 2604 l.
334 2574 468 2605 dicitur:
493 2573 591 2609 Quod
614 2575 765 2612 vidimus,
790 2574 880 2615 quod
902 2583 1019 2604 manus
1042 2584 1101 2604 no·
1152 2573 1241 2604 stitia
1264 2579 1296 2605 et
1318 2573 1544 2605 sanctificatio
1568 2580 1600 2605 et
1622 2573 1806 2605 Redemtio.
1851 2570 2000 2613 intelligo
2023 2581 2139 2612 perso-

118 2622 209 2647 strae
233 2622 523 2648 contrectaverunt
547 2618 587 2649 de
610 2619 714 2650 verbo
738 2618 836 2649 vitae.
885 2618 931 2650 Ibi
954 2617 1101 2648 nomina·
1152 2626 1228 2648 nam
1267 2615 1390 2648 Christi
1413 2616 1523 2649 Deum
1544 2623 1578 2649 et
1600 2615 1782 2655 hominem,
1818 2622 1850 2648 et
1869 2622 1977 2647 tamen
2001 2614 2138 2647 effectus
