2383 2990
150 137 195 170 53
826 133 865 164 11.

154 235 270 286 Quae
313 233 391 274 suit
425 233 551 287 impia
591 232 774 272 doctrina
815 231 1142 271 Novatianorum

457 294 509 333 de
543 291 827 332 Poenitentia‘?

173 433 177 436 p
239 395 275 426 ln
297 395 381 425 urbe
409 392 615 425 Alexandria
638 391 793 424 meletius
817 390 894 428 fuit,
918 391 973 432 qui
996 391 1142 432 negavit,

151 445 230 480 post
256 438 465 478 Baptismum
486 436 593 478 lapsis
618 437 650 467 in
673 433 850 466 manifesta
872 433 1005 464 scelera
1024 434 1145 464 remitti

151 487 302 523 peccata.
337 480 487 511 Eundem
511 490 657 511 errorem
680 478 833 509 Novatus
858 477 983 508 Romae
1008 477 1143 518 sparsit.

152 525 195 556 Et
221 535 305 555 vcum
340 530 480 565 uterque
515 532 656 564 magnos
686 527 803 552 coetus
833 521 1145 561 superstitiosorum

151 568 323 599 hominum
356 566 509 602 haberet,
549 564 816 606 applaudentium
854 562 930 594 huic
966 562 1144 603 phanatico

153 611 318 652 dogmati,
346 620 467 651 magna
497 607 690 639 dilaceratio
715 605 943 638 Ecclesiarum
968 605 1057 636 facta
1082 611 1145 643 est,

154 738 318 771 refutatio.

241 816 362 847 Petrus
396 821 473 856 post
507 815 637 845 tristem
672 812 803 854 lapsum
840 818 997 852 receptus
1038 818 1087 841 est
1129 822 1148 841 a

154 859 302 891 Christo.
330 859 432 889 'ltemz
457 858 610 888 Incestus
635 857 722 897 apud
748 855 939 886 Corinthios
964 860 1041 895 post
1070 864 1148 895 poe·

155 903 326 934 nitentiam
360 908 516 942 receptus
552 906 603 931 est
638 910 656 930 a
691 897 806 930 Paulo.
864 898 905 928 Et
945 896 1148 928 adolescens

155 946 317 977 educatus
330 955 349 976 a
362 944 520 975 Iohanne.
551 943 592 974 Et
607 942 800 973 Galatarum
814 940 990 972 Ecclesiae
1016 942 1045 971 in
1060 940 1150 981 Apo-

155 987 283 1030 calypsi
324 996 526 1019 revocamur
559 986 601 1017 ad
636 986 883 1027 poenitentiam.
948 984 987 1014 Et
1029 983 1149 1014 Petrus

154 1032 343 1072 Episcopus
374 1030 622 1062 Alexandrinus
654 1028 809 1059 refutavit
841 1027 1009 1058 Meletium
1040 1037 1149 1057 exem-

153 1074 218 1116 plis
233 1075 354 1115 prioris
366 1073 555 1105 Ecclesiae.
592 1072 823 1103 Certissimum
842 1078 890 1102 est
906 1072 1015 1112 igitur,
1034 1069 1150 1110 lapsos

153 1119 274 1150 iterum
305 1118 456 1148 converti
484 1126 588 1158 posse
617 1116 659 1146 ad
686 1116 810 1152 Deum,
843 1121 875 1145 et
907 1124 981 1144 rum
1012 1114 1149 1144 redeunt

154 1162 197 1193 ad
217 1162 472 1202 poenitentiam,
502 1159 566 1190 fide
596 1160 751 1199 accipere
775 1158 1010 1188 remissionem
1032 1167 1151 1197 pecca·
1175 1159 1179 1163 ‘

154 1210 275 1236 torum.
311 1204 403 1234 llaec
429 1201 578 1242 exempla
600 1202 641 1232 ad
662 1200 888 1232 dulcissimam
909 1198 1057 1240 regulam
1073 1210 1151 1229 con-

156 1253 290 1289 gruunt,
313 1246 473 1277 Matthaei
510 1245 559 1276 18.
607 1244 773 1275 Remittite
797 1243 989 1285 septuagies
1015 1243 1150 1283 septies,

156 1290 221 1321 Ubi
245 1291 364 1320 mentio
390 1288 425 1319 fit
443 1288 569 1319 numeri
591 1298 657 1317 non
676 1288 798 1328 exigui,
827 1292 859 1317 ut
874 1287 1019 1327 cogitent
1035 1295 1151 1315 ‹unnes

156 1333 220 1374 pii,
251 1343 316 1363 non
339 1331 432 1362 leves
456 1332 575 1361 sordes
599 1330 739 1361 haerere
768 1330 799 1359 in
832 1331 984 1359 omnibus
1013 1328 1151 1359 homini-

157 1377 233 1412 bus,
259 1382 290 1406 et
314 1374 437 1405 multos
461 1373 576 1414 lapsus
600 1374 754 1404 accidere
780 1373 877 1403 ctiam
900 1372 1149 1412 praestantibus

156 1418 368 1457 hominibus,
399 1418 485 1447 sicut.
507 1416 700 1447 acciderunt
723 1415 844 1453 Adam,
868 1415 1014 1452 Aaroni,
1038 1413 1149 1445 Moisi.

156 1461 290 1499 Davidi,
315 1461 435 1496 losiae,
460 1459 560 1490 Petro
586 1466 618 1490 et:
642 1459 728 1490 aliis.

158 1515 214 1535 res
241 1505 334 1535 dicti:
358 1504 433 1535 Non
454 1502 687 1534 iustificabitur
707 1503 739 1533 in
764 1508 949 1543 conspectu
969 1508 1025 1532 tuo
1044 1502 1150 1531 omnis

156 1549 286 1579 vivens,
333 1547 374 1578 Et
402 1547 456 1588 pie
490 1547 619 1577 dictum·
647 1552 712 1576 est:
747 1545 837 1576 Ante
861 1552 937 1576 tuos
963 1543 1081 1575 oculos
1105 1543 1152 1575 nil

156 1591 219 1621 nisi
243 1590 342 1632 culpa
364 1600 491 1621 sumus.
538 1589 604 1620 Sed
632 1590 778 1620 sciamus
810 1589 1066 1619 conversionem
1095 1598 1151 1618 ne-

158 1635 341 1665 cessariam
365 1644 461 1671 esse,
487 1638 519 1664 et
542 1643 609 1663 non
632 1633 915 1673 perseverandum
940 1643 1017 1663 esse
1040 1632 1070 1662 in
1097 1632 1151 1662 de-

1174 971 1178 1011 Ι
1202 967 1387 999 Ecclesiae.

1174 1015 1179 1047 ἴ
1203 1022 1276 1041 sum
1308 1022 1358 1042 me
1382 1011 1570 1041 iniustitiam
1601 1020 1706 1041 meam
1729 1009 1892 1046 Domino,
1929 1014 1962 1040 et
1990 1016 2026 1039 tu
2055 1007 2194 1038 remittis

775 1458 885 1490 Simus
905 1459 1006 1499 igitur
1028 1468 1151 1488 memo-
1176 1456 1181 1511 j
1205 1476 1267 1500 est·

909 131 1103 165 EXAMEN
1125 132 1504 164 ORDINANDORUM.
2141 135 2186 164 54

1195 228 1454 266 immundiciem,
1489 234 1521 258 et
1548 225 1671 259 delicta
1698 226 1857 264 actualia,
1880 227 1972 257 iuxta
2000 227 2123 258 dictum
2151 227 2184 259 2.

1197 270 1347 302 Corinth.
1378 271 1408 301 7.

1195 315 1432 355 poenitentiam
1466 312 1565 344 efficit
1601 314 1644 344 ad
1677 313 1828 345 salutem.

1198 358 1351 388 contrivit
1372 358 1481 388 onmia
1505 367 1585 387 ossa
1604 367 1688 388 mea.
1723 357 1821 387 Item:
1844 355 1910 387 Ubi
1933 356 2098 387 habitabit
2117 355 2188 386 Do-

1197 400 1328 431 minus?
1374 400 1408 430 ln
1435 400 1558 440 Spiritu
1582 401 1736 438 contrito,
1761 406 1792 430 et
1826 405 1986 430 tremente
2012 409 2186 430 sermones

1197 453 1301 474 meos
1348 443 1456 484 Supra
1486 449 1597 473 autem
1628 443 1748 474 dictum
1779 450 1845 479 est,
1878 442 2034 482 Papistas
2063 443 2189 473 addere

1199 487 1282 517 duos
1307 496 1441 517 errores
1465 486 1682 526 praecipuOS,
1714 485 1888 523 videlicet,
1920 485 2009 527 quod
2034 490 2190 526 oporteat

1199 529 1421 560 sufficientem
1449 538 1528 560 esse
1557 529 1806 566 contritionem,
1843 535 1875 559 et
1904 529 1993 570 quod
2022 533 2191 559 mereatur

1199 582 1440 603 remlSStonem·

156 660 189 685 et
209 653 269 685 suit
293 654 481 684 diuturnum
504 652 662 682 schisma.
697 649 739 680 Et
763 650 909 690 superbe
934 650 1145 679 nominarunt
1171 642 1175 692 Ι
1200 625 1297 647 cesse
1322 621 1383 646 eSt'

154 708 192 728 se
219 696 265 727 illi
290 696 486 738 hypocritae
515 694 681 736 καθαρούς.
729 692 797 724 Sed
827 693 869 722 stt
899 693 930 722 in
963 698 1146 733 conspectu
1171 703 1176 749 1

1464 270 1611 301 Tristitia
1644 281 1730 312 quae
1765 270 1949 301 secundum
1978 268 2087 300 Deum
2122 275 2185 308 est,

1876 312 1972 343 ltem:
2007 313 2098 343 Sicut
2130 312 2186 345 leo

1485 571 1555 603 Hos
1584 572 1793 613 perniciosos
1829 581 1963 603 errores
1998 571 2105 602 taxari
2133 580 2191 602 ne-

1670 746 1718 785 II.

1509 808 1574 846 De
1608 805 1722 847 Cous
1718 807 1884 846 essione.

1290 882 1434 912 Primum
1458 883 1549 912 scias
1568 880 1768 912 vocabulum
1786 878 2017 910 confessionis
2040 888 2109 909 non
2127 888 2194 908 uno

1202 925 1301 955 modo
1330 925 1482 966 usurpari
1513 926 1545 955 in
1576 925 1708 964 scriptis
1740 922 1951 963 propheticis
1988 928 2019 952 et
2048 921 2194 952 historiis

1437 968 1471 998 ln
1502 966 1636 998 Psalmo
1664 967 1716 997 31.
1762 966 1840 997 Dixi
1864 965 2048 997 confitebor
2077 965 2194 995 adver-

1204 1055 1406 1095 impietatem
1426 1055 1555 1094 peccati
1580 1054 1654 1084 mei.

1292 1123 1354 1154 llic
1386 1129 1416 1154 et
1447 1133 1549 1163 saepe
1580 1121 1656 1153 alibi
1688 1120 1859 1153 confessio
1891 1120 2058 1162 significat
2084 1130 2196 1150 veram

1205 1168 1438 1197 contritionem
1466 1177 1544 1207 erga
1569 1166 1694 1203 Deum,
1721 1176 1785 1207 qua
1808 1164 1908 1195 homo
1931 1164 2118 1194 immediate
2141 1173 2197 1193 co-

1206 1220 1275 1240 ram
1299 1209 1373 1240 Deo
1399 1208 1500 1247 dolet.
1526 1220 1563 1239 se
1587 1209 1713 1239 habere
1736 1216 1887 1249 peccata,
1913 1214 1944 1238 et
1962 1207 2025 1237 fide
2043 1207 2124 1248 petit
2148 1216 2197 1237 re-

1206 1254 1397 1283 missionem
1424 1251 1553 1293 culpae,
1579 1259 1608 1283 et
1635 1253 1870 1291 mitigationem
1890 1261 2085 1291 poenarum,
2110 1251 2198 1281 sicut

1206 1296 1238 1326 in
1261 1295 1405 1327 Daniele
1429 1297 1558 1327 dicitur:
1592 1295 1663 1326 Tibi
1688 1294 1831 1325 Domine
1857 1294 1997 1331 iustitia,
2020 1293 2118 1324 nobis
2142 1303 2197 1323 au-

1205 1346 1271 1370 tem
1295 1338 1449 1370 confusio
1473 1339 1579 1369 laciei.
1614 1339 1692 1369 ltem
1712 1337 1864 1369 Micheae
1887 1338 1918 1367 7.
1958 1336 2044 1367 Iram
2063 1335 2197 1367 Domini

1205 1384 1365 1422 portabo,
1398 1383 1475 1423 quia
1504 1383 1643 1422 peccavi
1674 1382 1714 1412 ei.
1761 1381 1854 1411 llaec
1886 1377 2055 1411 confessio
2087 1380 2197 1410 imme-

1205 1426 1291 1457 diate
1321 1426 1365 1456 ad
1394 1425 1500 1456 Deum
1525 1426 1637 1467 reipsa
1660 1425 1816 1456 contritio
1841 1430 1911 1462 est,
1943 1429 1975 1454 et
2004 1422 2199 1454 necessaria

1292 1539 1346 1571 Ad
1369 1538 1457 1569 hanc
1479 1538 1725 1569 accommodari
1756 1543 1868 1579 potest
1898 1536 2024 1573 dictum
2050 1533 2198 1577 Chryso·

1205 1584 1314 1621 stomi,
1336 1584 1425 1625 qnod
1450 1588 1541 1612 recte
1562 1580 1778 1623 intelligatur:
1805 1580 1890 1611 οὐδὲν
1909 1578 2003 1615 οἷίιως
2017 1580 2107 1609 ἵλεων
2121 1581 2203 1609 ποιεῖ

1206 1627 1254 1657 uir
1277 1627 1370 1658 asar.
1402 1625 1503 1666 ὥςπερ
1533 1624 1549 1664 ἦ
1579 1624 1805 1664 ὲξυμολὺγησις,
1837 1623 1918 1654 nihil
1949 1625 1999 1653 sic
2029 1622 2199 1664 placatum

156 1677 241 1708 lictis
275 1684 391 1708 contra
422 1677 677 1713 conscientiam,
714 1676 801 1706 sicut
834 1676 936 1716 inquit
968 1675 1149 1705 Dominus:
1176 1688 1180 1714 1
1205 1669 1283 1702 facit
1309 1670 1429 1708 Deum,
1454 1670 1539 1700 sicut
1563 1667 1744 1700 confessio.

155 1719 227 1751 Nisi
251 1720 487 1760 paen'tentiatn
511 1719 659 1762 egeritis,
685 1728 800 1749 omnes
826 1717 975 1749 similiter
989 1718 1149 1759 peribitis.
1176 1718 1180 1760 ᾗ

157 1762 256 1798 Quod
281 1764 387 1804 ipsum
411 1763 533 1793 dictum
559 1763 656 1793 etiam
681 1763 803 1792 rel'utat
827 1762 1049 1799 Novatianos,
1074 1762 1151 1802 quia

157 1804 311 1838 Christus
334 1805 489 1837 hortatur
512 1804 698 1847 Apostolos
722 1805 764 1836 ad
789 1806 1032 1845 poenitentiam.
1134 1817 1152 1829 ο

221 1980 442 2030 Quomodo
473 1988 691 2020 numerant
722 1980 913 2034 Papistae
946 1986 1081 2034 partes

494 2040 806 2080 Poenitentiae‘?

1293 1730 1447 1761 Secunda
1469 1730 1671 1771 significatio
1696 1734 1763 1766 est,
1788 1726 1967 1759 Confessio
1991 1726 2198 1765 offensionis,

1175 1763 1237 1819 iet
1272 1774 1386 1814 petitio
1416 1772 1697 1803 reconciliationis
1729 1773 1817 1812 apud
1849 1770 2002 1802 homines
2038 1770 2198 1808 offensos,

1176 1823 1179 1849 Ι
1204 1825 1238 1848 ut
1263 1818 1339 1847 dicit
1360 1817 1520 1847 lacobus:
1547 1815 1755 1846 Confitemini
1776 1822 1888 1845 mutuo
1909 1819 2047 1855 peccata
2072 1819 2197 1851 vestra,

1175 1863 1179 1893 l
1204 1862 1235 1891 id
1260 1867 1322 1898 est,
1349 1860 1474 1891 Sanate
1498 1861 1583 1895 inter
1608 1869 1669 1889 tos
1695 1858 1910 1895 offensiones,
1934 1858 2019 1888 sicut
2033 1856 2152 1887 Matth.
2165 1855 2197 1887 5.

1204 1905 1338 1935 dicitur:
1362 1903 1459 1934 Vade
1478 1903 1583 1944 prius,
1608 1909 1638 1933 ct
1658 1900 1884 1933 reconcilieris
1898 1899 1989 1931 fratri
2009 1906 2076 1931 tuo.
2107 1899 2198 1931 Haec

1203 1946 1375 1978 confessio
1401 1947 1488 1988 apud
1513 1945 1660 1977 offensos
1686 1946 1783 1976 etiam
1809 1951 1859 1975 est
1882 1955 1962 1985 pars
1987 1943 2197 1974 contritionis

1204 2001 1264 2022 seu
1282 2000 1391 2021 novae
1411 1989 1632 2025 obedientiae,
1656 1989 1689 2019 in
1709 1987 1831 2019 talibus
1852 1987 2008 2029 negotiis,
2032 1996 2117 2028 quae
2133 1996 2198 2017 non

1174 2048 1179 2074 g
1204 2040 1280 2065 sunt
1305 2032 1449 2064 occulta.

1202 2077 1345 2118 pheticis
1374 2083 1406 2107 et
1436 2074 1641 2116 Apostolicis
1671 2081 1762 2105 recte
1792 2073 2035 2105 discernendae
2070 2078 2149 2103 sunt
2177 2082 2198 2103 a

1203 2121 1340 2152 decreto
1360 2119 1547 2156 Pontificio,
1572 2119 1661 2160 quod
1685 2118 1848 2158 praecipit
1872 2115 2140 2154 confessionem,
2163 2116 2197 2146 id

1496 2032 1567 2063 Hae
1598 2031 1862 2073 significationes
1894 2031 1925 2061 in
1957 2030 2092 2070 scriptis
2116 2029 2197 2061 Pro-

244 2149 435 2181 Recensem
469 2155 502 2180 et
534 2159 598 2190 ¹PS¹
633 2155 701 2180 tres
736 2155 869 2190 partes’
899 2148 1150 2187 C⁰mr¹ti⁰¹¹em2
1174 2167 1178 2189 ¹
1204 2170 1274 2201 est,
1310 2163 1593 2194 enumerationem
1628 2160 1825 2192 delictorum
1857 2161 1955 2191 etiam
1985 2169 2194 2197 arcanorum,

161 2191 416 2224 confessionem
436 2198 469 2223 et
493 2190 774 2224 Satisfactionem.

636 2342 666 2382 I.

471 2411 535 2458 De
569 2418 832 2460 Gonu-itione.

246 2519 409 2551 Gontritio
422 2520 616 2550 necessario
629 2526 836 2555 recensetur,
860 2526 895 2551 ut
909 2529 1013 2560 supra
1026 2519 1150 2550 dictum

159 2569 222 2601 est,
245 2564 322 2604 quia
345 2572 489 2594 necesse
507 2569 569 2600 est,
589 2573 655 2593 non
673 2573 893 2604 perseverare
912 2564 945 2594 in
963 2560 1148 2594 sceleribus

1203 2206 1391 2238 faciendam
1422 2205 1728 2236 administrantibus
1764 2204 1992 2235 Sacramenta.

2049 2202 2102 2233 De
2130 2201 2196 2233 hac

1204 2250 1453 2281 enumeratione
1477 2249 1663 2290 quaeritur,
1695 2258 1761 2289 qua
1780 2247 1959 2279 occasione
1983 2251 2120 2287 recepta
2142 2246 2194 2283 sit,

1204 2300 1235 2325 et
1254 2292 1413 2334 paulatim
1436 2291 1615 2329 cumulata,
1639 2297 1671 2322 et
1695 2302 1737 2322 an
1761 2291 1805 2321 sit
1827 2288 2044 2321 necessaria?

1202 2426 1324 2467 Unde
1358 2433 1419 2465 est
1451 2423 1669 2474 confessio,
1703 2437 1808 2476 quae
1841 2429 1904 2462 est
1936 2421 2191 2461 enumeratio

1299 2486 1412 2538 apud
1443 2485 1772 2525 administrantes
1805 2481 2093 2523 Sacramenta?

1288 2560 1506 2601 Respondeo.
1550 2558 1612 2590 Hic
1633 2558 1718 2589 ritus
1753 2563 1847 2588 ortus
1867 2562 1919 2588 est
1940 2566 1961 2587 a
1985 2553 2191 2597 spectaculis

159 2612 277 2638 contra
300 2606 558 2644 conscientiam,
594 2605 654 2637 sed
684 2605 799 2639 dolere
827 2612 965 2648 propter
999 2611 1149 2637 nostram
1201 2603 1357 2646 publicae
1381 2602 1622 2645 poenitentiae,
1646 2611 1744 2643 quam
1767 2601 1818 2631 sic
1839 2600 2061 2632 nominarunt.
2105 2599 2190 2631 Nam

1945 2659 1983 2684 4⁸
