2383 2990
149 136 193 168 97
848 132 887 165 Π.
911 131 1101 164 EXAMEN
1125 130 1361 163 ORDINAND
1366 130 1504 162 ORUM.
2141 129 2187 162 98

148 240 235 262 sona
268 239 406 272 germen
445 228 587 261 Davidis
623 235 656 260 et
690 229 786 261 Deus
836 230 886 260 sic
920 228 1141 268 invocabitur,

149 275 240 316 quod
263 274 307 304 sit
329 272 442 312 Deus,
466 279 498 304 et
521 272 677 304 iustificet
700 274 915 310 invocantes,
946 273 1000 304 det
1024 272 1139 303 remis-

149 318 277 349 sionem
300 322 514 358 peccatorum
538 323 571 348 et
593 316 750 348 vivificet.

236 385 337 421 (ἰωὰ
359 391 467 416 autem
493 385 662 417 obiicitur:
692 384 797 416 Nemo
828 389 878 415 est
902 384 1065 416 mediator
1088 386 1139 416 sui

147 429 266 469 ipsius.
298 429 393 460 Item:
414 429 519 459 Nemo
543 434 594 460 est
617 429 818 469 deprecator
840 428 927 468 apud
952 438 989 458 se
1012 428 1138 470 ipsum:

147 471 342 513 Responsio
374 473 553 514 perspicua
583 478 644 503 est.
691 471 783 502 Haec
813 481 892 502 vera
917 477 993 501 sunt
1023 473 1139 503 eodem

147 522 316 557 respectu,
340 522 371 546 et
391 517 446 547 ubi
466 516 563 547 unica
580 524 726 556 persona
745 519 807 545 est.
838 514 903 546 Sed
920 514 975 545 hic
994 516 1139 546 discerni

148 564 279 600 oportet
309 560 394 590 inter
425 559 605 590 mittentem
629 557 843 589 Divinitatem
867 564 899 588 et
919 558 1035 589 filium
1062 559 1139 589 mis-

148 612 232 633 sum.
257 602 360 633 Filius
380 603 413 634 in
437 608 593 644 quantum
616 601 739 632 missus
764 608 827 639 est,
848 606 899 632 est
917 601 1082 633 Mediator
1106 608 1137 633 et

149 646 326 677 Sacerdos

233 688 364 720 Recitat
395 687 541 730 Cyrillus
571 698 714 729 prorsus
743 686 882 719 similem
917 688 1138 719 obiectionem

147 732 304 764 Nestorii.
350 733 382 764 Si
412 731 566 763 Christus
596 731 781 763 secundum
811 737 962 762 naturam
994 732 1138 763 divinam

149 781 241 807 esset
265 776 444 814 Sacerdos,
468 775 531 806 sibi
554 775 617 816 ipsi
642 774 784 805 offerret.

233 843 449 885 Respondeo,
472 841 619 874 officium
643 850 694 874 est
718 854 894 884 personae.
920 844 1012 875 Haec
1033 845 1137 875 missa

146 897 294 928 persona
317 894 368 918 est
391 887 563 919 mediatrix
595 887 683 927 apud
707 887 892 918 mittentem
922 888 1135 919 divinitatem.

145 930 189 962 Et
211 936 320 961 tamen
344 941 459 962 verum
483 936 551 969 est,
577 930 693 961 filium
717 941 796 961 8558
816 930 975 970 &uomicam
999 937 1137 962 aeterno

147 974 254 1012 Patri,
289 979 319 1005 et
344 972 516 1015 aequalem
545 974 703 1015 potentia.
750 974 814 1005 Sed
839 980 949 1005 manet
977 984 1137 1016 persona-

145 1028 219 1049 rum
243 1017 422 1048 distinctio.
453 1016 557 1048 Filius
580 1018 760 1058 assumpsit
778 1016 954 1048 humanam
974 1024 1136 1055 naturam,

145 1070 214 1092 non
238 1059 350 1099 Pater,
372 1059 477 1091 Filius
500 1058 649 1100 perfecte
668 1061 759 1092 novit
785 1068 814 1091 et
837 1061 979 1091 honorat
993 1061 1137 1098 Patrem,

145 1109 179 1135 et
212 1101 378 1135 liberrima
410 1102 583 1135 voluntate
617 1102 684 1136 vult
716 1104 955 1141 obedientiam,
993 1110 1023 1134 et
1060 1114 1137 1135 con-

146 1153 267 1189 gruunt
286 1145 475 1178 voluntates
496 1148 606 1178 divina
631 1154 661 1178 et
676 1147 819 1177 humana
839 1148 871 1178 in
890 1148 1136 1188 deprecatione,

146 1190 239 1222 Sicut
263 1191 295 1221 in
320 1190 466 1221 Iohanne
486 1190 604 1222 dicitur
623 1191 654 1221 in
672 1190 865 1231 precatione
882 1197 959 1222 ante
978 1201 1135 1232 agonem:

146 1233 197 1265 Sit
220 1233 251 1264 in
277 1233 325 1264 eis
350 1240 405 1264 tua
430 1232 576 1272 dilectio,
601 1244 665 1275 qua
690 1244 742 1264 me
766 1232 886 1275 diligis.

234 1292 376 1332 Quinto,
405 1293 585 1331 Mediator,
610 1293 693 1332 Rex,
718 1293 891 1327 Salvator,
921 1305 988 1325 non
1012 1301 1137 1325 tantum

145 1335 373 1377 intelliguntur
396 1337 436 1367 de
460 1343 578 1367 natura
602 1338 748 1377 patiente
772 1343 802 1368 et
826 1338 996 1375 moriente,
1021 1337 1080 1368 scd
1097 1338 1137 1367 de

146 1389 292 1421 persona
321 1379 469 1411 victrice.
516 1379 611 1410 Sicut
639 1390 818 1420 personam
850 1381 1021 1411 victricem
1050 1391 1137 1411 com-

143 1423 318 1464 prehendit,
341 1423 535 1462 promissio:
561 1422 683 1454 Semen
703 1422 847 1454 mulieris
868 1430 1017 1454 conteret
1037 1430 1137 1464 caput

145 1466 323 1506 serpentis.
370 1464 519 1496 Conterit
544 1465 628 1497 haec
652 1476 799 1508 persona
821 1476 888 1497 non
913 1473 1039 1498 tantum
1070 1477 1137 1498 me-

144 1509 207 1540 rito
231 1509 263 1540 in
286 1509 461 1550 passione,
490 1510 551 1540 sed
575 1510 674 1541 etiam
697 1511 774 1551 quia
803 1510 905 1541 vineit
931 1516 1070 1541 mortem
1105 1511 1137 1541 in

145 1561 208 1584 suo
232 1562 387 1594 corpore,
413 1558 445 1583 et
467 1553 500 1583 in
524 1554 634 1591 nobis,
656 1559 688 1584 et
710 1554 853 1585 restituit
874 1555 971 1584 vitam
996 1560 1028 1586 et
1049 1554 1138 1585 iusti·

145 1597 224 1627 tiam
247 1602 429 1627 aeternam.

233 1656 275 1687 Et
298 1655 417 1687 Matth.
446 1657 472 1687 l.
524 1655 637 1688 Pariet¹
661 1656 777 1696 filium,
797 1664 829 1688 et
851 1658 991 1689 vocabis·
1016 1669 1137 1690 nomen

146 1700 217 1731 eius
240 1701 359 1732 Iesum.
405 1699 482 1741 lpse
509 1700 594 1730 enim
629 1699 772 1732 salvabit
802 1701 962 1742 populum
993 1712 1089 1733 suum
1118 1712 1138 1732 a

144 1743 293 1785 peccatis
312 1743 395 1781 suis,
431 1741 573 1774 salvabit
607 1754 675 1774 non
706 1749 831 1776 tantum
855 1746 971 1777 merito
1005 1746 1038 1776 in
1061 1756 1138 1786 pas·

145 1787 252 1824 sione,
277 1786 337 1817 sed
361 1786 458 1817 etiam
481 1784 643 1818 efficacia.

232 1845 285 1877 De
320 1845 414 1888 Rege
453 1846 757 1878 manifestissimum
795 1854 865 1887 est,
902 1850 1138 1891 comprehendi

146 1896 320 1931 utramque
340 1897 513 1929 naturam,
549 1897 583 1921 ut
619 1889 754 1922 Psalmo
783 1891 813 1923 ἱ).
862 1892 933 1933 Ego
969 1894 1136 1924 constituo

144 1933 270 1975 Regem
296 1944 403 1965 meum
426 1944 526 1975 super
551 1934 652 1973 Zion,
675 1934 749 1977 Ego
772 1934 871 1966 hodie
894 1937 993 1977 genui
1007 1943 1048 1968 te.
1095 1936 1137 1969 Et

144 1983 226 2009 nota
249 1983 327 2008 sunt
349 1978 553 2016 testimonia,
586 1989 626 2010 ac
651 1977 751 2020 Regis
775 1980 961 2021 proprietas
993 1986 1044 2011 est
1067 1981 1136 2011 vin-

147 2030 234 2052 cere.

233 2080 331 2116 Quod
355 2087 462 2112 autem
487 2082 658 2120 obiicitur,
684 2082 795 2124 Opera
815 2082 984 2115 Trinitatis
1014 2084 1055 2115 ad
1081 2095 1135 2115 ex-

147 2130 198 2154 tra
223 2129 300 2154 sunt
329 2125 481 2156 indivisa.
528 2125 678 2157 Victoria
715 2127 815 2168 igitur
846 2133 877 2159 ct
913 2126 1053 2159 salvatio
1085 2134 1136 2159 est

146 2166 268 2204 Patris,
290 2167 381 2206 Filii,
413 2174 445 2199 et
470 2168 614 2210 Spiritus
639 2171 764 2208 sancti,
794 2180 835 2201 ac
864 2176 990 2202 tantum
1020 2172 1136 2212 passio

146 2215 199 2241 est
223 2209 347 2241 Christi
370 2213 515 2253 propria.
561 2211 764 2253 Respondeo
783 2213 979 2255 simpliciter
1007 2215 1048 2245 ad
1073 2215 1135 2246 Re-

146 2251 275 2295 gulam:
299 2254 410 2294 Opera
422 2254 590 2287 Trinitatis
614 2256 655 2287 ad
679 2262 775 2288 extra
793 2264 870 2289 sunt
890 2258 1042 2296 indivisa,
1066 2269 1136 2290 ser-

145 2302 223 2328 vata
248 2297 407 2338 cuiusque
430 2308 596 2338 personae
618 2301 825 2341 proprietate
840 2324 849 2339 ,
874 2300 976 2332 Filius
1008 2312 1135 2333 assum-

144 2339 210 2380 psit
234 2339 409 2371 humanam
428 2347 592 2380 naturam,
616 2353 684 2373 non
707 2341 771 2374 alia
793 2355 951 2385 persona,
976 2344 1078 2377 Filius
1103 2353 1135 2377 et

145 2382 291 2425 Spiritus
310 2390 448 2415 sanctus
474 2386 656 2417 mittuntur.
702 2387 783 2429 Agit
813 2387 916 2419 Filius
944 2399 1011 2419 non
1042 2400 1062 2420 a
1085 2400 1134 2427 se,

145 2427 207 2458 sed
231 2437 290 2467 per
313 2436 360 2465 se,
385 2433 417 2458 ut
436 2428 540 2469 inquit
552 2428 768 2471 Augustinus.
801 2431 917 2462 Salvat
936 2438 969 2462 et
987 2432 1134 2464 vivificat

144 2470 258 2508 Pater,
276 2471 337 2501 sed
360 2469 426 2502 hoc
450 2472 565 2503 ordine
582 2483 644 2513 per
665 2473 794 2513 Filium,
816 2481 851 2506 ut
867 2473 990 2506 Paulus
1013 2476 1133 2518 inquit:

143 2512 220 2544 Deo
244 2514 362 2555 gratia,
384 2515 473 2546 danti
496 2516 592 2546 nobis
616 2517 789 2549 victoriam
812 2529 873 2559 per
886 2518 1064 2550 Dominum
1085 2520 1129 2552 le-

143 2566 217 2588 sum
242 2557 419 2589 Christum.
464 2558 505 2589 Et
529 2558 631 2590 Filius
654 2561 771 2602 inquit:
795 2561 896 2593 Pater
918 2573 983 2594 non
1008 2564 1131 2595 iudicat

145 2610 344 2642 quenquam,
386 2602 446 2633 sed
482 2613 580 2634 omne
605 2604 758 2636 iudicium
789 2606 877 2637 dedit
907 2606 1008 2645 Filio,
1033 2606 1131 2643 Quod

302 2670 448 2691 MELANUL
464 2673 546 2693 OPER.
564 2673 627 2692 VOL.
643 2673 728 2695 Xxux,

1192 225 1404 257 manifestum
1428 232 1480 257 est
1499 225 1549 256 sic
1573 225 1803 266 accipiendum
1827 234 1919 262 esse,
1944 223 2078 255 Patrem
2103 224 2184 256 iudi-

1194 279 1272 300 care
1295 279 1362 300 non
1386 267 1515 307 solum,
1541 269 1602 298 sed
1625 279 1684 309 per
1708 267 1826 299 Filium
1850 268 2017 306 iudicare,
2040 274 2071 298 et
2094 273 2185 308 pate-

1193 310 1306 343 facere
1334 312 1500 342 iudicium.
1555 311 1620 342 Per
1654 310 1771 342 Filium
1805 311 1919 352 patefit
1953 309 2185 349 Evanwelium,

1193 361 1350 386 servatur
1363 354 1592 391 Ministerinm,
1608 355 1705 385 datur
1718 354 1863 395 Spiritus
1876 360 2027 392 sanctus,
2050 335 2185 395 e’Ephcs

1193 398 1223 428 4.
1281 397 1333 428 Ac
1379 398 1496 428 dicitur
1537 396 1690 428 Ecclesia
1732 408 1870 439 regnum
1923 396 2064 435 Christi,
2109 398 2186 439 quia

1194 442 1297 472 verbo
1322 439 1488 482 colligitur
1517 441 1592 471 inde
1615 451 1723 481 usquc
1757 442 1799 472 ab
1830 440 1939 472 Adam
1972 451 2032 482 per
2055 439 2184 472 Filium.

1193 485 1317 515 Postea
1347 485 1449 525 inquit
1482 482 1620 514 Paulus:
1656 483 1776 514 Tradet
1814 494 1954 526 regnum
1977 483 2051 515 Deo
2082 483 2186 522 Patri,

1193 528 1225 558 id
1250 534 1312 565 est,
1333 537 1420 558 nunc
1443 537 1503 568 per
1529 528 1666 557 veritum
1692 528 1857 558 cernimus
1883 527 2034 564 Patrem,
2065 533 2186 568 postea

1193 571 1348 601 divinitas
1363 581 1475 602 coram
1495 570 1732 610 conspicietur,
1758 576 1791 602 et
1804 570 1958 612 regnabit
1981 570 2014 601 in
2038 570 2185 602 ministe-

1191 614 1241 645 rio
1265 612 1452 655 Evangelii,
1476 613 1535 644 sed
1561 613 1758 645 immediate.

1279 682 1440 713 Vetustas
1465 692 1588 713 causas
1608 683 1783 723 quaesivit,
1809 692 1911 723 quare
1936 681 2093 713 Salvator
2117 692 2185 714 non

1191 731 1317 757 tantum
1332 726 1373 756 sit
1386 726 1499 763 homo,
1518 732 1549 756 et
1565 736 1687 756 causae
1700 732 1930 763 recensentur,
1948 725 2025 766 quia
2037 724 2112 756 sola
2126 726 2185 757 hu·

1191 780 1291 800 mana
1315 775 1431 799 natura
1456 779 1517 799 nec
1542 769 1674 807 videre,
1705 780 1767 799 nec
1798 769 1965 799 sustinere
1988 769 2185 809 magnitudi-

1192 822 1265 843 nem
1283 812 1351 842 irae
1364 811 1427 843 Dei
1442 812 1595 852 potuerit,
1622 822 1684 843 nec
1706 813 1841 842 sincere
1859 818 2009 849 mortem,
2029 822 2091 842 nec
2111 812 2184 843 red-

1192 856 1271 886 dere
1284 856 1382 886 vitam
1408 861 1437 886 et
1461 855 1617 885 iustitiam
1630 862 1810 886 aeternam.
1846 854 1938 892 Item,
1965 855 2183 896 congruebat,

1192 905 1224 929 ut
1248 898 1389 939 pretium
1415 899 1519 929 maius
1544 904 1633 929 esset
1665 904 1815 939 peccato.
1861 898 1932 928 Nec
1962 898 2105 929 humana
2127 908 2184 930 na-

1191 948 1264 972 tura
1295 943 1370 973 sola
1401 942 1527 972 videret
1559 940 1761 972 voluntatem
1786 941 1849 972 Dei
1879 942 1911 972 in
1944 941 2185 973 intercessione

1190 996 1251 1026 pro
1281 983 1366 1015 aliis.
1414 985 1484 1016 liae
1513 995 1638 1016 causae
1667 983 1747 1015 nihii
1779 991 1857 1015 sunt.
1884 986 1972 1026 apud
2002 983 2096 1021 illos,
2130 986 2185 1026 qui

1192 1028 1323 1066 dicunt,
1359 1034 1485 1059 tantum
1520 1035 1672 1058 naturam
1708 1029 1886 1069 patientem
1922 1034 1953 1059 et
1987 1028 2184 1060 morientem

1191 1082 1268 1102 esse
1293 1072 1529 1109 mediatricem,
1555 1078 1585 1101 et
1604 1070 1824 1102 salvationem
1845 1072 1961 1103 eodem
1981 1071 2080 1103 modo
2106 1081 2185 1103 esse

1191 1114 1319 1153 Patris,
1354 1114 1425 1145 filii
1450 1122 1479 1145 et
1506 1114 1649 1155 Spiritus
1673 1116 1798 1152 sancti,
1824 1125 1897 1146 cum
1921 1115 2098 1156 promissio
2129 1125 2184 1146 ex-

1190 1168 1310 1199 presse
1333 1158 1434 1189 dicat:
1471 1158 1592 1189 Semen
1624 1156 1770 1189 mulieris
1803 1164 1954 1189 conteret
1988 1164 2087 1199 caput
2113 1169 2184 1191 ser·

1192 1208 1309 1241 pontis.

1280 1260 1546 1303 Chrysostomus
1565 1260 1709 1302 loquens
1730 1261 1770 1292 de
1784 1260 1982 1300 mediatore,
2004 1262 2091 1294 hanc
2108 1273 2184 1294 cau-

1192 1315 1262 1335 sam
1300 1305 1411 1344 ponit,
1444 1315 1546 1345 quaro
1575 1303 1794 1335 Mediatorem
1824 1311 1974 1345 oporteat
2005 1306 2185 1337 communi-

1192 1358 1269 1380 care
1293 1348 1475 1385 fflnbobus,
1504 1358 1644 1389 quorum
1668 1354 1719 1378 est
1744 1348 1927 1385 Mediator,
1957 1349 2034 1389 quia
2058 1348 2184 1380 Media·

1192 1398 1296 1421 torem
1331 1396 1485 1431 oporteat
1520 1401 1593 1421 cum
1629 1389 1704 1420 Deo
1739 1389 1896 1432 colloqui.
1954 1391 2068 1423 Verba
2111 1393 2184 1424 eius

1190 1432 1277 1464 haec
1305 1440 1398 1464 sunt:
1433 1433 1504 1464 Nec
1534 1433 1635 1464 homo
1667 1439 1792 1464 tantum
1821 1444 1899 1465 esse
1927 1433 2093 1466 Mediator
2126 1446 2184 1476 po·

1190 1477 1321 1513 misser,
1345 1477 1420 1518 quia
1445 1487 1520 1507 cum
1544 1476 1618 1507 Deo
1639 1477 1856 1509 Mediatorem
1881 1476 2025 1519 colloqui
2051 1485 2184 1519 oporte-

1192 1520 1264 1551 bat:
1295 1518 1463 1561 ἄνθρωπος
1487 1520 1540 1550 οὐκ
1564 1518 1600 1550 ἶίν
1623 1523 1733 1558 ἐγένετο
1751 1525 1887 1559 μεσίτης,
1912 1521 1974 1552 ἔδει
1991 1521 2048 1562 γάρ
2067 1524 2118 1553 καὶ
2140 1523 2186 1565 τῷ

1192 1564 1259 1606 θεῷ
1284 1562 1490 1602 διαλέγεσθαι.

1278 1632 1436 1663 lrenaeus
1466 1631 1612 1674 loquitur
1644 1632 1709 1663 hoc
1732 1632 1850 1670 modo,
1884 1631 1942 1663 lib.
1966 1632 1998 1664 3.
2044 1634 2185 1675 Oporte-

1191 1676 1246 1705 bat
1283 1674 1503 1706 Mediatorem
1540 1675 1602 1706 Dei
1639 1682 1668 1706 et
1704 1674 1873 1707 hominum
1910 1687 1971 1718 per
2013 1687 2107 1708 suam
2142 1679 2185 1710 ad

1191 1725 1354 1759 utrosque
1379 1720 1612 1760 cognationem
1643 1719 1676 1749 in
1706 1720 1880 1750 amicitiam
1912 1726 1943 1750 et
1968 1721 2184 1753 concordiam

1191 1768 1355 1803 utrosque
1391 1763 1570 1801 reducere,
1606 1768 1637 1793 et
1662 1761 1792 1801 facere,
1826 1770 1861 1793 ut
1890 1763 1985 1795 Deus
2019 1764 2185 1805 reciperet

1191 1804 1375 1842 hominem,
1411 1812 1441 1836 et
1472 1805 1572 1836 homo
1601 1806 1830 1838 restitueretur
1860 1805 1947 1838 Deo,
1994 1806 2069 1842 Qua
2098 1808 2184 1839 enim

1192 1849 1320 1879 ratione
1345 1847 1399 1879 filii
1426 1849 1615 1890 adoptionis
1640 1860 1717 1880 esse
1740 1860 1937 1890 possemus,
1961 1850 2025 1881 nisi
2049 1861 2109 1892 per
2131 1851 2183 1882 Fi-

1190 1890 1282 1929 lium,
1307 1898 1340 1922 et
1363 1892 1425 1923 nisi
1444 1892 1594 1923 Verbum
1619 1902 1698 1923 caro
1723 1892 1847 1924 factum
1871 1900 1972 1931 esset,
1992 1900 2023 1925 et
2047 1900 2184 1926 nostrae

1190 1942 1330 1966 naturae
1358 1936 1521 1967 sociatum
1550 1938 1662 1967 8558ῐῖ
1709 1936 1799 1967 Dicit
1830 1937 1863 1968 in
1886 1937 2072 1968 Mediatore
2099 1938 2183 1969 duas

1191 1989 1268 2009 8558
1299 1985 1455 2017 naturas,
1488 1980 1563 2020 quia
1598 1990 1661 2009 nos
1696 1990 1762 2011 non
1797 1990 1977 2021 possemus
2013 1991 2091 2012 8558
2126 1980 2183 2012 filii

1189 2022 1391 2063 adoptionis,
1414 2023 1476 2053 nisi
1501 2023 1540 2060 is,
1566 2023 1621 2064 qui
1640 2029 1756 2054 natura
1779 2022 1879 2055 Filius
1896 2030 1957 2062 est,
1980 2026 2181 2066 assumpsis-

1190 2071 1242 2107 set
1264 2071 1402 2096 nostrae
1425 2072 1565 2097 naturae
1589 2076 1745 2097 massam.

1276 2133 1317 2165 Et
1342 2133 1486 2177 vigilius
1518 2135 1567 2165 sic
1590 2135 1651 2165 ait:
1676 2134 1769 2166 Talis
1800 2135 1910 2167 hostia
1938 2137 2181 2178 requirebatur,

1190 2188 1274 2219 quae
1299 2178 1343 2209 ita
1370 2178 1475 2208 media
1502 2184 1594 2209 essct
1617 2179 1702 2209 inter
1714 2178 1822 2210 Deum
1847 2186 1879 2222 et
1901 2179 2066 2218 homine&
2090 2187 2125 2212 ut
2150 2186 2182 2212 et

1190 2221 1286 2252 morti
1310 2222 1545 2253 succumberet
1568 2232 1628 2263 per
1646 2221 1729 2253 illud
1749 2223 1837 2264 quod
1862 2222 2004 2254 hominis
2026 2222 2181 2262 habebat,

1189 2270 1219 2295 et
1244 2272 1384 2296 mortem
1408 2265 1575 2303 vinceret,
1612 2276 1651 2296 eo
1676 2267 1764 2307 quod
1790 2266 1992 2298 divinitatem
2015 2267 2047 2298 in
2071 2277 2109 2298 se
2133 2273 2180 2298 te-

1188 2308 1299 2338 nebat.
1346 2308 1443 2339 Item:
1473 2308 1544 2339 Nisi
1574 2308 1651 2340 talis
1677 2309 1842 2340 Mediator
1870 2311 2038 2348 existeret,
2061 2311 2115 2352 qui
2140 2311 2181 2342 de

1189 2350 1392 2383 coelestibus
1406 2352 1556 2389 veniens,
1581 2353 1773 2384 couniretur
1786 2354 1939 2384 terrenis.
1972 2352 2066 2384 Unde
2081 2354 2180 2385 etiam

1188 2395 1315 2425 medius
1340 2396 1412 2431 erit,
1438 2396 1466 2426 si
1490 2402 1665 2437 utrumque
1683 2406 1749 2426 non
1773 2395 1937 2434 habuerit,
1957 2397 2033 2438 quia
2050 2397 2113 2427 nisi
2133 2403 2179 2428 ta-

1187 2436 1253 2469 lem
1278 2438 1409 2469 dederis
1434 2438 1639 2470 interDeum
1660 2446 1691 2470 et
1711 2438 1874 2477 homines,
1899 2441 1953 2481 qui
1977 2441 2022 2472 ita
2045 2441 2087 2472 sit
2112 2450 2178 2471 me-

1187 2481 1273 2518 dius,
1296 2488 1330 2512 ut
1355 2492 1394 2512 ex
1419 2488 1561 2523 utroque
1579 2489 1753 2524 utrumque
1771 2484 1825 2521 sit,
1845 2483 1878 2513 id
1898 2490 1961 2521 est,
1985 2489 2021 2514 ut
2039 2489 2070 2514 et
2082 2482 2178 2515 Deus

1186 2525 1228 2555 sit
1251 2531 1388 2566 propter
1411 2526 1601 2566 divinitatiS,
1626 2532 1656 2556 et
1679 2526 1764 2557 idem
1788 2525 1887 2557 homo
1909 2527 1951 2557 sit
1970 2533 2107 2568 propter
2119 2527 2177 2558 hu-

1185 2569 1350 2599 manitatis
1374 2576 1545 2607 naturam,
1575 2569 1718 2600 humana
1749 2570 1868 2601 divinis
1900 2570 2178 2612 quemadmodum

1182 2609 1451 2650 reconcilientur,
1473 2622 1540 2643 non
1564 2613 1725 2643 ostendis,

1969 2675 1982 2699 7
