2383 2990
125 136 188 168 511

126 231 199 269 dos,
222 230 307 269 Rex,
331 229 498 269 Salvator,
523 231 608 266 Quia
630 230 797 262 fatendum
816 237 884 269 est,
920 232 1009 273 quod
1027 232 1112 272 λόγος
1134 233 1139 256 ²

126 275 263 312 venerit,
287 285 353 305 non
379 280 504 305 tantum
527 281 563 305 ut
586 274 671 305 hanc
695 284 789 305 suam
819 284 982 313 massam,
1013 286 1110 316 quam

125 324 342 355 assumserat,
371 323 585 355 sustentaret,
619 318 680 348 sed
703 323 839 358 propter
861 328 936 356 nos)
968 324 1002 349 ut
1026 319 1110 350 haec

125 371 269 402 persona
294 368 384 391 esset
408 359 580 398 salvatrix,
615 371 700 402 quae
729 360 830 392 habet
860 360 964 392 multa
987 360 1111 400 officia,

125 414 263 446 quorum
289 410 421 434 exercet
446 404 607 444 quaedam
638 404 825 435 immediate
849 415 909 445 per
933 405 1110 436 humanam

123 454 286 484 naturam,
310 452 343 477 ut
367 447 569 488 passionem,
593 452 744 486 mortem,
769 449 930 490 quaedam
953 458 1014 490 per
1031 448 1111 479 divi·

124 500 199 521 nam
224 497 387 528 naturam,
409 495 445 520 ut
468 489 733 522 vivificationem.

211 565 367 598 Christus
391 573 443 599 est
466 568 628 599 sacerdos
652 569 866 600 benedicens.
906 569 1110 600 Benedicere

124 616 231 642 autem
255 620 323 641 non
348 616 399 641 est
422 610 528 642 solius
552 610 715 642 humanae
738 617 889 650 naturae,
910 613 969 643 sed
992 623 1110 654 perso-

124 664 198 692 nae,
224 654 298 695 quia
324 660 375 685 est
400 660 431 684 et
456 664 554 685 orare
577 665 637 695 pro
662 656 771 693 nobis,
795 661 827 686 et
845 655 964 687 offerre
978 666 1038 697 pro
1052 666 1110 687 no·

124 697 175 728 bis
200 706 295 727 suam
308 697 541 736 obedientiam,
564 704 596 728 et
615 699 780 729 remittere
796 705 947 739 peccata,
971 705 1002 730 et
1022 710 1111 730 eom-

123 740 291 771 municare
311 750 387 771 sese
411 742 520 779 nobis,
544 741 660 772 iuvare
680 747 711 772 et
734 741 914 773 vivificare.
961 741 1013 773 Ac
1037 748 1110 773 orat

123 782 225 815 Filius
249 793 309 824 pro
330 784 460 815 Sanctis
484 795 503 815 a
526 785 687 825 principio
711 785 835 823 mundi,
858 791 893 816 ut
917 785 949 816 in
974 783 1108 815 Psalmo

123 827 260 858 dicitur:
287 825 425 858 Postula
448 838 468 858 a
491 838 543 859 me
567 835 597 859 et
623 829 710 859 dabo
735 829 793 859 tibi
817 834 934 870 gentes
958 828 1109 859 haeredi-

123 876 236 901 tatem.
282 868 408 901 Missus
432 877 482 901 est
505 872 548 902 ad
574 870 773 908 Ecclesiam,
798 870 976 912 proferens
1000 870 1109 902 Evan-

123 912 245 955 gelium
279 919 310 944 et
343 914 529 945 immediate
565 913 728 956 colligens
763 913 963 945 Ecclesiam.
1032 914 1109 945 ldeo

125 957 235 995 etiam,
270 955 372 988 Filius
401 958 535 998 proprie
560 958 701 988 assumit
734 956 912 988 humanam
946 963 1109 996 naturam,

124 1000 201 1042 quia
223 1001 294 1041 ipse
317 1001 502 1031 immediate
525 1002 647 1031 missus
671 1006 722 1031 est
745 1001 788 1031 ad
810 999 1008 1032 Ecclesiam.

210 1077 252 1108 Et
286 1088 474 1119 quanquam
508 1077 696 1109 Vivificatio
720 1083 772 1109 est
796 1088 880 1119 opus
905 1079 1006 1109 totius
1031 1078 1111 1109 divi-

123 1121 246 1158 nitatis,
266 1127 374 1151 tamen
398 1120 433 1151 fit
456 1121 522 1151 hoc
545 1121 672 1159 ordine,
697 1122 798 1152 Patre
818 1122 967 1152 mittente
980 1120 1110 1159 Filium,

124 1170 155 1195 et
189 1163 271 1194 Filio
307 1165 437 1195 dicente
473 1163 756 1202 consolationem,
789 1171 821 1195 et
844 1165 966 1206 Spiritu
990 1170 1110 1196 sancto

124 1208 329 1238 accendente
363 1218 471 1238 novos
505 1214 625 1239 motus.
694 1207 792 1243 Quod
827 1218 907 1239 vero
943 1208 1109 1246 obiicitur,

123 1251 273 1282 actiones
297 1251 338 1281 ad
374 1257 467 1281 extra
492 1261 685 1282 comumnes
709 1261 786 1282 esse
809 1252 917 1283 tribus
940 1252 1111 1293 personis:

123 1293 227 1325 Recte
246 1294 485 1335 respondetur:
511 1296 649 1325 Servata
674 1295 834 1336 cuiusque
846 1305 1013 1337 personae
1035 1306 1111 1335 pro-

122 1337 274 1379 prietate,
297 1337 351 1368 vel
383 1344 517 1368 servato
543 1338 658 1369 ordine
682 1348 911 1379 personarum.
958 1338 1111 1369 Undevet

123 1378 240 1422 regula
264 1381 443 1422 Augustini
467 1381 586 1412 tradita
601 1378 677 1412 est:
700 1381 779 1423 Agit
799 1381 902 1414 Filius
926 1392 993 1413 non
1016 1392 1037 1413 a
1060 1392 1110 1420 se,

124 1424 184 1455 sed
207 1434 267 1465 per
289 1434 337 1456 se.

248 1591 523 1632 ALTERUM
555 1590 973 1633 ARGUMENTUM.

185 1721 308 1761 Pater
339 1721 467 1761 maior
498 1736 564 1761 me
598 1729 677 1762 est:

185 1781 293 1836 Ergo
325 1781 447 1822 Filius
479 1797 561 1822 non
594 1790 656 1822 est
686 1788 831 1823 natura
863 1782 987 1823 Deus.

211 1882 340 1914 Usitata
371 1883 547 1924 responsio
579 1888 646 1913 est:
688 1882 820 1914 Patrem
852 1884 1009 1914 maiorem
1035 1892 1112 1914 esse

126 1925 261 1958 Christo
286 1926 469 1958 secundum
493 1932 642 1957 naturam
666 1924 855 1964 humanam,
878 1926 952 1968 Ego
977 1927 1111 1957 concin-

125 1970 251 2001 niorem
274 1970 526 2011 responsionem
548 1979 625 2000 esse
648 1970 777 2001 iudico:
806 1968 1008 2001 Discernere
1032 1970 1111 2001 divi-

126 2013 261 2044 nitatem
285 2015 462 2044 mittentem
493 2023 513 2043 a
536 2022 681 2054 persona
705 2013 805 2044 missa
831 2014 872 2044 ad
896 2013 1110 2044 ministerium

127 2061 159 2087 et
194 2057 235 2087 ad
268 2055 538 2087 humiliationem.
583 2055 684 2087 Pater
717 2057 822 2087 maior
855 2067 907 2087 me
943 2062 1011 2093 est,
1045 2067 1111 2087 non

126 2101 214 2141 quod
237 2101 279 2130 ad
303 2101 482 2131 essentiam
501 2100 629 2138 attinet,
648 2100 707 2131 scd
727 2100 816 2141 quod
835 2100 876 2131 ad
890 2099 955 2131 hoc
967 2098 1112 2131 officium

127 2143 256 2175 attinet.
279 2144 311 2174 in
336 2154 401 2185 quo
426 2153 489 2183 ego
514 2154 586 2174 sum
612 2154 758 2184 persona
777 2143 890 2181 missa,
913 2153 1056 2184 passura
1070 2143 1113 2174 si-

127 2196 169 2217 ne
193 2187 309 2228 gioria,
343 2186 404 2217 sed
428 2185 527 2216 Pater
560 2187 693 2218 mittens
729 2185 927 2229 glorificabit
959 2196 1022 2217 me.
1067 2188 1113 2217 Ita

126 2229 226 2260 Pater
249 2230 353 2261 maior
376 2236 438 2267 est,
461 2229 592 2260 mittens
616 2229 745 2261 scilicet
766 2237 795 2261 et
822 2229 1025 2272 glorificans.
1049 2229 1113 2260 Lo-

127 2274 238 2315 quitur
261 2274 346 2304 enim
380 2273 424 2304 ibi
446 2271 611 2304 Dominus
634 2280 701 2304 no‘n
721 2274 762 2306 de
786 2274 952 2313 essentia,
985 2273 1048 2304 sed
1072 2273 1113 2304 de

127 2317 307 2348 ministerio
332 2326 403 2348 suo,

298 2483 476 2524 ALIUD
523 2483 940 2525 ARGUMENTUM.

189 2605 405 2647 Honorans
438 2612 500 2647 est:
533 2605 664 2648 minor
694 2605 903 2656 honorato,

761 135 875 167 Pffll..
898 135 1003 168 MEL.
1018 136 1206 169 SCRIPTA
1230 136 1511 180 DOGMATICA.

1224 235 1344 275 Filius
1376 236 1550 276 honorat:
1580 236 1756 289 Patrem,

1224 296 1332 350 Ergo
1364 296 1486 336 Filius
1518 297 1650 337 minor
1682 304 1744 337 est
1775 297 1906 338 Patre.

1251 403 1464 446 Respondeo.
1521 404 1721 447 Simpliciter
1760 416 1848 447 nego
1882 407 2038 438 maiorem
2073 408 2150 449 quia

1163 448 1273 479 honos
1297 454 1328 479 et
1351 449 1536 479 obedientia
1561 459 1627 479 non
1651 447 1770 480 tollunt
1791 449 2150 491 aequalitatemessen-

1163 492 1228 522 tiae
1253 497 1284 522 et
1302 487 1485 532 potentiae,
1509 492 1567 523 sed
1593 493 1799 533 distinguunt
1824 493 1972 524 ordinem
1989 504 2148 534 persona-

1164 545 1244 566 rum.
1270 535 1322 565 Ac
1345 546 1459 566 verum
1479 541 1541 572 est,
1566 536 1654 577 quod
1678 534 1780 566 Filius
1804 536 1837 566 in
1861 542 1931 567 tota
1954 538 2150 569 aeternitate

1163 579 1270 618 magis
1300 578 1444 609 honorat
1473 577 1617 616 Patrem,
1653 589 1751 620 quam
1785 577 1853 609 ulla
1877 586 2048 618 creatura,
2071 581 2149 622 quia

1163 621 1404 662 perfectissime
1422 622 1513 653 novit
1538 622 1679 657 Patrem.
1703 622 1787 652 sicut
1811 622 1931 663 inquit:
1961 623 2067 654 Nemo
2091 634 2149 655 no-

1163 666 1209 697 vit
1232 664 1376 702 Patrem,
1400 665 1463 696 nisi
1486 663 1600 703 Filius,
1625 670 1657 695 et
1681 666 1733 696 cui
1751 663 1853 696 Filius
1879 663 1968 697 volet
1986 665 2148 698 revelare.

1249 750 1301 781 Ex
1334 750 1386 781 his
1423 751 1519 781 dictis
1556 750 1745 782 declaretur
1783 752 1947 782 sententia
1983 750 2076 783 Pauli
2107 753 2149 783 ad

1163 792 1413 835 Philippenses:
1438 794 1494 824 Sic
1518 795 1589 825 sitis
1610 794 1730 832 affecti,
1761 795 1846 826 sicut
1871 801 1901 825 et
1927 794 2081 826 Christus
2105 797 2150 827 Ie-

1163 848 1222 868 sus
1247 836 1387 868 affectus
1411 844 1493 875 erat,
1518 838 1573 878 qui
1597 849 1671 869 cum
1695 844 1784 869 esset
1809 839 1840 868 in
1863 837 1969 868 forma
1981 837 2057 876 Dei,
2080 849 2149 870 non

1162 881 1312 921 rapinam
1335 881 1513 911 arbitratus
1537 886 1588 911 est
1612 891 1690 911 esse
1712 880 1884 922 aequalem
1910 881 2003 919 Deo,
2027 882 2088 913 sed
2111 892 2149 913 se

1163 925 1271 964 ipsum
1296 924 1486 961 exinanivit.
1511 922 1651 954 ibi-mum
1671 925 1759 955 servi
1789 925 1976 965 accipiens,
1996 931 2028 955 et
2051 931 2150 966 gestu

1164 968 1317 998 inventus
1342 972 1394 997 est
1417 973 1450 998 ut
1475 965 1585 997 homo.
1642 967 1802 998 Vetustas
1826 967 1965 998 lormam
1989 968 2149 1008 interpre-

1163 1016 1248 1041 tatur
1273 1010 1451 1041 essentiam
1475 1016 1506 1040 et
1530 1010 1709 1050 potentiam
1738 1011 1898 1048 divinam,
1934 1011 2030 1052 quasi
2061 1011 2149 1042 dicat

1164 1054 1219 1095 qui
1255 1063 1329 1083 cum
1363 1059 1455 1084 esset
1488 1059 1607 1084 natura
1642 1052 1737 1084 Deus
1761 1060 1792 1084 et
1815 1061 1948 1095 potens,
1979 1060 2011 1084 et
2033 1061 2151 1095 posset

1164 1096 1336 1127 vivificare
1360 1102 1510 1127 naturam
1529 1096 1717 1135 humanam,
1752 1107 1818 1127 non
1842 1098 1989 1137 rapinam
2013 1098 2150 1128 arbitra-

1165 1146 1218 1170 tus
1243 1146 1293 1170 est
1318 1150 1395 1170 esse
1419 1137 1591 1180 aequalem
1615 1138 1702 1177 Deo,
1725 1140 1757 1170 id
1781 1146 1844 1177 est,
1878 1150 1945 1171 non
1965 1141 2071 1180 rapuit
2095 1150 2151 1171 ae-

1165 1181 1356 1224 qualitatem
1380 1182 1454 1220 Dei,
1478 1182 1511 1212 id
1535 1188 1598 1220 est,
1621 1193 1687 1213 non
1713 1184 1839 1214 exeruit
1865 1184 2045 1223 potentiam
2069 1183 2150 1214 divi-

1164 1237 1239 1257 nam
1260 1232 1355 1257 extra
1379 1226 1608 1264 vocationem,
1643 1226 1703 1257 sed
1727 1227 1768 1256 ad
1792 1232 1921 1266 tempus
1942 1227 2082 1267 quievit,
2118 1232 2151 1258 et

1164 1268 1267 1300 voluit
1301 1269 1388 1301 hanc
1423 1269 1653 1307 humilitatem,
1687 1280 1752 1311 qua
1785 1268 1869 1301 haec
1892 1279 2036 1311 persona
2058 1268 2151 1300 Patri

1132 1315 1138 1338 Ι
1164 1313 1325 1344 obediret.

1132 1410 1137 1443 j
1249 1398 1302 1429 Ac
1336 1399 1507 1429 sciendum
1543 1403 1594 1428 est
1628 1398 1781 1429 usitatam
1805 1398 1918 1438 φράσιν
1940 1408 2030 1436 esse,
2064 1408 2151 1439 quae

1132 1446 1137 1453 “
1164 1448 1196 1473 et,
1218 1442 1305 1482 apud
1329 1440 1555 1483 Thucydidem
1579 1447 1681 1479 extat,
1706 1440 1847 1481 ἡγεῖσθαι
1869 1440 2018 1482 ἁρπαγήν,
2042 1441 2150 1479 idest,

1164 1487 1286 1516 ducere
1314 1485 1473 1526 rapinam,
1511 1495 1572 1524 pro
1596 1494 1724 1524 rapere.
1793 1483 1933 1525 Utrique
1956 1485 2151 1519 dimicarunt

1164 1529 1205 1560 dc
1228 1528 1293 1559 hoc
1317 1528 1405 1559 dicto
1429 1528 1472 1568 pii
1497 1533 1529 1558 et
1553 1527 1683 1558 Ariani:
1709 1527 1775 1558 Sed
1800 1528 2000 1558 retineamus
2025 1526 2150 1568 simpli-

1164 1582 1234 1603 cem
1254 1571 1569 1612 interpretationem.
1638 1570 1733 1601 Prior
1762 1580 1842 1611 pars
1866 1577 2009 1601 testatur
2031 1570 2150 1602 Filium

1164 1625 1241 1646 esse
1265 1620 1383 1645 natura
1405 1614 1512 1644 Deum
1538 1620 1569 1645 et
1588 1620 1768 1653 potentem,
1799 1624 1870 1644 eum
1895 1614 1952 1651 ait,
1986 1615 2017 1644 in
2042 1612 2150 1644 forma

1133 1657 1139 1699 Ι
1163 1658 1238 1689 Dei.
1284 1657 1437 1689 Secunda
1460 1667 1540 1698 pars
1564 1657 1605 1687 de
1628 1663 1719 1688 certo
1743 1662 1892 1697 tempore
1915 1655 2149 1687 humiliationis

1163 1701 1325 1742 loquitur:
1350 1700 1425 1731 Non
1449 1701 1556 1742 rapuit
1582 1699 1811 1741 aequalitatem
1835 1698 1910 1737 Dei,
1933 1700 1965 1730 id
1989 1705 2057 1738 est,
2082 1709 2149 1730 non

1165 1751 1215 1776 est
1251 1754 1333 1775 usus
1369 1754 1431 1774 sua
1465 1744 1613 1785 potentia
1648 1750 1742 1774 extra
1766 1743 1994 1780 vocationem,
2029 1743 2149 1773 deinde

1164 1787 1304 1819 formam
1328 1788 1417 1818 servi
1441 1787 1587 1818 nominat
1612 1792 1643 1817 et
1656 1794 1805 1817 naturam
1819 1785 1994 1817 humanam
2017 1791 2049 1816 et
2071 1795 2148 1827 pro-

1163 1832 1322 1872 prietates
1346 1836 1484 1861 naturae
1496 1829 1671 1868 humanae,
1694 1830 1960 1870 passibilitatem,
1981 1827 2148 1867 laetitiam,

1165 1873 1314 1911 dolores,
1339 1872 1572 1905 mortalitatem
1597 1873 1668 1904 sine
1686 1880 1836 1914 peccato.

1135 2325 1141 2519 i

1136 2522 1140 2545 Ι

1250 1968 1408 2000 Tenenda
1431 1975 1482 1999 est
1506 1969 1603 1999 etiam
1627 1966 1762 2009 regala,
1797 1967 1885 2008 quod
1913 1966 1999 2006 λόγος
2021 1977 2150 1998 assum-

1165 2013 1242 2044 serit
1277 2013 1453 2043 humanam
1486 2018 1637 2042 naturam
1673 2012 1834 2052 integram
1866 2016 1897 2041 et
1925 2010 2150 2051 incorruptam

1164 2056 1341 2087 habentem
1361 2065 1478 2086 omnes
1501 2055 1590 2085 vires
1614 2060 1645 2084 et
1666 2054 1883 2094 appetitiones
1914 2059 2052 2084 naturae
2075 2063 2150 2093 pro-

1164 2100 1255 2140 prias
1279 2105 1311 2129 ct
1346 2098 1534 2129 ordinatas:
1569 2097 1649 2128 ltem
1672 2107 1739 2127 non
1771 2097 1932 2134 vitiosam,
1957 2097 2017 2127 sed
2040 2102 2150 2127 tamen

1164 2141 1357 2184 passibilem
1381 2141 1455 2172 sine
1477 2147 1616 2181 peceato
1649 2147 1679 2170 et
1704 2138 1887 2171 mortalem.
1953 2138 1993 2170 Et
2017 2139 2079 2170 has
2103 2139 2149 2170 in-

1166 2186 1337 2217 firmitates
1362 2185 1517 2215 assumsit
1538 2183 1657 2215 volens
1680 2189 1817 2224 propter
1838 2194 1914 2221 nos,
1938 2188 1973 2213 ut
1985 2182 2079 2213 fieret
2103 2182 2149 2213 vi-

1167 2230 1275 2260 ctima.
1338 2227 1395 2259 Sic
1418 2226 1495 2258 Ehr.
1522 2227 1553 2257 4.
1578 2227 1714 2258 dicitur:
1737 2226 1811 2257 Non
1835 2225 1996 2257 habemus
2019 2225 2151 2266 pontiti-

1167 2283 1250 2310 cem,
1275 2272 1329 2313 qui
1351 2281 1417 2302 non
1441 2271 1546 2312 possit
1572 2270 1714 2312 compati
1738 2269 1982 2300 infirmitatibus
2012 2269 2150 2306 nostris,

1167 2316 1227 2346 sed
1258 2311 1422 2346 'tentatum
1457 2324 1517 2355 per
1548 2315 1657 2345 omnia
1692 2313 1876 2344 secundum
1905 2311 2150 2343 similitudinem

1166 2360 1238 2390 sine
1260 2364 1412 2400 peccato·
1458 2357 1529 2388 Etsi
1552 2357 1652 2399 igitur
1679 2355 1833 2387 Christus
1856 2356 1991 2386 videbat
2016 2355 2149 2386 Patrem

1166 2408 1199 2433 et
1233 2403 1350 2433 beatus
1385 2407 1473 2439 crat,
1510 2407 1620 2431 tamen
1650 2406 1686 2431 ut
1715 2409 1794 2430 vere
1824 2399 1937 2429 esuriit
1967 2399 2150 2429 secundum

1165 2446 1341 2476 humanam
1366 2450 1529 2482 naturam,
1549 2444 1591 2474 ita
1611 2453 1690 2474 vere
1714 2443 1785 2473 sine
1809 2440 2019 2473 simulatione
2043 2441 2150 2472 sensit

1166 2488 1301 2519 dolores
1335 2488 1367 2518 in
1402 2486 1663 2518 lacerationibus
1698 2492 1731 2517 et
1760 2492 1877 2522 morte,
1908 2483 2037 2515 scilicet
2059 2485 2150 2526 quie-

1165 2538 1282 2563 scente
1318 2532 1436 2568 verbo,
1470 2532 1555 2561 sicut
1575 2531 1694 2571 inquit:
1728 2528 1848 2559 Tristis
1872 2534 1922 2559 est
1944 2528 2053 2559 anima
2075 2536 2150 2558 mea

1164 2585 1273 2617 usque
1307 2575 1348 2605 ad
1379 2579 1529 2605 mortem.
1597 2573 1769 2604 Assumsit
1797 2577 1947 2603 naturam
1971 2570 2149 2601 humanam

1167 2629 1241 2650 cum
1264 2616 1330 2649 illis
1349 2617 1609 2659 proprietatibus
1633 2622 1666 2647 et
1689 2615 1861 2647 affectibus
1892 2614 1963 2645 sine
1997 2619 2148 2655 peceato.
