<?xml version="1.0" encoding="UTF-8"?>
<!DOCTYPE html PUBLIC "-//W3C//DTD XHTML 1.0 Transitional//EN"
    "http://www.w3.org/TR/xhtml1/DTD/xhtml1-transitional.dtd">
<html xmlns="http://www.w3.org/1999/xhtml" xml:lang="en" lang="en">
 <head>
  <title>
</title>
<meta http-equiv="Content-Type" content="text/html;charset=utf-8" />
  <meta name='ocr-system' content='tesseract 3.04.00' />
  <meta name='ocr-capabilities' content='ocr_page ocr_carea ocr_par ocr_line ocrx_word'/>
</head>
<body>
  <div class='ocr_page' id='page_1' title='image "./operaquaesupersu23melauoft_0330.png"; bbox 0 0 2383 2990; ppageno 0'>
   <div class='ocr_carea' id='block_1_1' title="bbox 192 185 2212 223">
    <p class='ocr_par' dir='ltr' id='par_1_1' title="bbox 192 185 2212 223">
     <span class='ocr_line' id='line_1_1' title="bbox 192 185 2212 223; baseline 0.002 -5"><span class='ocrx_word' id='word_1_1' title='bbox 192 187 256 218; x_wconf 71' lang='grc'>527</span> <span class='ocrx_word' id='word_1_2' title='bbox 824 185 934 218; x_wconf 84' lang='lat' dir='ltr'>P111L.</span> <span class='ocrx_word' id='word_1_3' title='bbox 959 186 1064 218; x_wconf 77' lang='lat' dir='ltr'><strong>MEL.</strong></span> <span class='ocrx_word' id='word_1_4' title='bbox 1089 187 1277 219; x_wconf 80' lang='lat' dir='ltr'><strong>SCRIPTA</strong></span> <span class='ocrx_word' id='word_1_5' title='bbox 1301 188 1579 219; x_wconf 70' lang='lat' dir='ltr'><strong>DOGMATICA.</strong></span> <span class='ocrx_word' id='word_1_6' title='bbox 2147 190 2212 223; x_wconf 78' lang='lat'>528</span> 
     </span>
    </p>
   </div>
   <div class='ocr_carea' id='block_1_2' title="bbox 184 281 1174 1186">
    <p class='ocr_par' dir='ltr' id='par_1_2' title="bbox 184 281 1174 1186">
     <span class='ocr_line' id='line_1_2' title="bbox 190 281 1173 324; baseline 0.001 -11"><span class='ocrx_word' id='word_1_7' title='bbox 190 281 281 313; x_wconf 88' lang='lat' dir='ltr'>nolle</span> <span class='ocrx_word' id='word_1_8' title='bbox 299 282 407 323; x_wconf 82' lang='lat' dir='ltr'>ipsum</span> <span class='ocrx_word' id='word_1_9' title='bbox 430 281 537 313; x_wconf 85' lang='lat' dir='ltr'>Deum</span> <span class='ocrx_word' id='word_1_10' title='bbox 562 283 658 313; x_wconf 88' lang='lat' dir='ltr'>nobis</span> <span class='ocrx_word' id='word_1_11' title='bbox 678 292 754 313; x_wconf 86' lang='lat' dir='ltr'>sese</span> <span class='ocrx_word' id='word_1_12' title='bbox 779 282 955 313; x_wconf 89' lang='lat' dir='ltr'>donantem</span> <span class='ocrx_word' id='word_1_13' title='bbox 973 293 1173 324; x_wconf 81' lang='lat' dir='ltr'>agnoscere,</span> 
     </span>
     <span class='ocr_line' id='line_1_3' title="bbox 190 324 1174 366; baseline 0 -10"><span class='ocrx_word' id='word_1_14' title='bbox 190 336 253 356; x_wconf 84' lang='lat' dir='ltr'>nec</span> <span class='ocrx_word' id='word_1_15' title='bbox 288 327 358 356; x_wconf 84' lang='grc'><strong>81115</strong></span> <span class='ocrx_word' id='word_1_16' title='bbox 394 326 554 356; x_wconf 76' lang='lat' dir='ltr'>beneficia</span> <span class='ocrx_word' id='word_1_17' title='bbox 583 331 696 366; x_wconf 86' lang='lat' dir='ltr'>petere</span> <span class='ocrx_word' id='word_1_18' title='bbox 726 324 825 357; x_wconf 79' lang='lat' dir='ltr'>velle.</span> <span class='ocrx_word' id='word_1_19' title='bbox 887 326 1063 358; x_wconf 83' lang='lat' dir='ltr'>Adversus</span> <span class='ocrx_word' id='word_1_20' title='bbox 1086 325 1174 357; x_wconf 88' lang='lat' dir='ltr'>hanc</span> 
     </span>
     <span class='ocr_line' id='line_1_4' title="bbox 190 367 1174 408; baseline 0.001 -9"><span class='ocrx_word' id='word_1_21' title='bbox 190 369 458 408; x_wconf 77' lang='lat' dir='ltr'>ingratitudinem</span> <span class='ocrx_word' id='word_1_22' title='bbox 478 367 753 399; x_wconf 71' lang='lat' dir='ltr'>contumeliosam</span> <span class='ocrx_word' id='word_1_23' title='bbox 776 375 894 400; x_wconf 81' lang='lat' dir='ltr'>contra</span> <span class='ocrx_word' id='word_1_24' title='bbox 917 368 1038 407; x_wconf 89' lang='lat' dir='ltr'>Deum,</span> <span class='ocrx_word' id='word_1_25' title='bbox 1062 369 1115 400; x_wconf 87' lang='lat' dir='ltr'>his</span> <span class='ocrx_word' id='word_1_26' title='bbox 1129 370 1174 400; x_wconf 89' lang='lat' dir='ltr'>di-</span> 
     </span>
     <span class='ocr_line' id='line_1_5' title="bbox 190 411 1174 452; baseline 0.001 -10"><span class='ocrx_word' id='word_1_27' title='bbox 190 413 252 442; x_wconf 87' lang='lat' dir='ltr'>ctis</span> <span class='ocrx_word' id='word_1_28' title='bbox 276 422 337 442; x_wconf 74' lang='lat' dir='ltr'>nos</span> <span class='ocrx_word' id='word_1_29' title='bbox 362 412 563 442; x_wconf 87' lang='lat' dir='ltr'>muniamus:</span> <span class='ocrx_word' id='word_1_30' title='bbox 599 412 678 442; x_wconf 86' lang='lat' dir='ltr'>Sine</span> <span class='ocrx_word' id='word_1_31' title='bbox 702 422 753 443; x_wconf 90' lang='grc'>018</span> <span class='ocrx_word' id='word_1_32' title='bbox 781 411 862 444; x_wconf 78' lang='lat' dir='ltr'>nihii</span> <span class='ocrx_word' id='word_1_33' title='bbox 884 413 1026 452; x_wconf 84' lang='lat' dir='ltr'>potestis</span> <span class='ocrx_word' id='word_1_34' title='bbox 1049 411 1174 444; x_wconf 86' lang='lat' dir='ltr'>facere.</span> 
     </span>
     <span class='ocr_line' id='line_1_6' title="bbox 188 455 1171 496; baseline 0 -10"><span class='ocrx_word' id='word_1_35' title='bbox 188 457 278 491; x_wconf 90' lang='lat' dir='ltr'>Item,</span> <span class='ocrx_word' id='word_1_36' title='bbox 302 455 364 489; x_wconf 90' lang='lat' dir='ltr'>Qui</span> <span class='ocrx_word' id='word_1_37' title='bbox 385 465 450 485; x_wconf 90' lang='lat' dir='ltr'>non</span> <span class='ocrx_word' id='word_1_38' title='bbox 475 455 573 485; x_wconf 87' lang='lat' dir='ltr'>habet</span> <span class='ocrx_word' id='word_1_39' title='bbox 598 455 755 496; x_wconf 87' lang='lat' dir='ltr'>Spiritum</span> <span class='ocrx_word' id='word_1_40' title='bbox 778 455 914 493; x_wconf 75' lang='lat' dir='ltr'><strong>Christi,</strong></span> <span class='ocrx_word' id='word_1_41' title='bbox 938 466 1004 486; x_wconf 91' lang='lat' dir='ltr'>non</span> <span class='ocrx_word' id='word_1_42' title='bbox 1019 461 1071 486; x_wconf 88' lang='lat' dir='ltr'>est</span> <span class='ocrx_word' id='word_1_43' title='bbox 1090 457 1171 487; x_wconf 88' lang='lat' dir='ltr'>eius.</span> 
     </span>
     <span class='ocr_line' id='line_1_7' title="bbox 188 497 1174 539; baseline 0.002 -11"><span class='ocrx_word' id='word_1_44' title='bbox 188 497 228 528; x_wconf 90' lang='lat' dir='ltr'>Et</span> <span class='ocrx_word' id='word_1_45' title='bbox 263 499 351 528; x_wconf 80' lang='lat' dir='ltr'>veris</span> <span class='ocrx_word' id='word_1_46' title='bbox 385 498 560 539; x_wconf 73' lang='lat' dir='ltr'>gemitibus</span> <span class='ocrx_word' id='word_1_47' title='bbox 596 505 748 539; x_wconf 87' lang='lat' dir='ltr'>petamus</span> <span class='ocrx_word' id='word_1_48' title='bbox 773 498 935 530; x_wconf 82' lang='lat' dir='ltr'>beneficia</span> <span class='ocrx_word' id='word_1_49' title='bbox 958 499 1031 530; x_wconf 85' lang='lat' dir='ltr'>Filii</span> <span class='ocrx_word' id='word_1_50' title='bbox 1054 499 1117 530; x_wconf 86' lang='lat' dir='ltr'>Dei</span> <span class='ocrx_word' id='word_1_51' title='bbox 1142 506 1174 530; x_wconf 83' lang='grc'>81</span> 
     </span>
     <span class='ocr_line' id='line_1_8' title="bbox 189 541 1174 582; baseline 0.001 -10"><span class='ocrx_word' id='word_1_52' title='bbox 189 541 331 581; x_wconf 84' lang='lat' dir='ltr'>Spiritus</span> <span class='ocrx_word' id='word_1_53' title='bbox 371 542 496 579; x_wconf 78' lang='lat' dir='ltr'>sancti,</span> <span class='ocrx_word' id='word_1_54' title='bbox 537 547 571 572; x_wconf 90' lang='lat' dir='ltr'>ut</span> <span class='ocrx_word' id='word_1_55' title='bbox 606 542 684 582; x_wconf 89' lang='lat' dir='ltr'>petit</span> <span class='ocrx_word' id='word_1_56' title='bbox 714 541 899 582; x_wconf 77' lang='lat' dir='ltr'>Prophetaz</span> <span class='ocrx_word' id='word_1_57' title='bbox 920 541 990 573; x_wconf 87' lang='lat' dir='ltr'>Cor</span> <span class='ocrx_word' id='word_1_58' title='bbox 1019 543 1174 574; x_wconf 89' lang='lat' dir='ltr'>mundum</span> 
     </span>
     <span class='ocr_line' id='line_1_9' title="bbox 189 584 1174 626; baseline 0.002 -12"><span class='ocrx_word' id='word_1_59' title='bbox 189 594 267 615; x_wconf 88' lang='lat' dir='ltr'>crea</span> <span class='ocrx_word' id='word_1_60' title='bbox 301 584 333 614; x_wconf 91' lang='lat' dir='ltr'>in</span> <span class='ocrx_word' id='word_1_61' title='bbox 364 595 415 615; x_wconf 90' lang='grc'><strong>1118</strong></span> <span class='ocrx_word' id='word_1_62' title='bbox 449 584 553 623; x_wconf 72' lang='lat' dir='ltr'>Deus,</span> <span class='ocrx_word' id='word_1_63' title='bbox 589 584 707 623; x_wconf 88' lang='lat' dir='ltr'>idest,</span> <span class='ocrx_word' id='word_1_64' title='bbox 738 585 818 617; x_wconf 83' lang='lat' dir='ltr'>Fide</span> <span class='ocrx_word' id='word_1_65' title='bbox 840 584 1060 626; x_wconf 81' lang='lat' dir='ltr'>purificatum,</span> <span class='ocrx_word' id='word_1_66' title='bbox 1083 591 1174 617; x_wconf 88' lang='lat' dir='ltr'>recte</span> 
     </span>
     <span class='ocr_line' id='line_1_10' title="bbox 189 627 1173 669; baseline 0.001 -11"><span class='ocrx_word' id='word_1_67' title='bbox 189 628 339 658; x_wconf 84' lang='lat' dir='ltr'>sentiens</span> <span class='ocrx_word' id='word_1_68' title='bbox 353 628 393 658; x_wconf 90' lang='lat' dir='ltr'>de</span> <span class='ocrx_word' id='word_1_69' title='bbox 410 627 492 665; x_wconf 86' lang='lat' dir='ltr'>Deo,</span> <span class='ocrx_word' id='word_1_70' title='bbox 519 634 548 658; x_wconf 89' lang='lat' dir='ltr'>et</span> <span class='ocrx_word' id='word_1_71' title='bbox 563 627 719 669; x_wconf 83' lang='lat' dir='ltr'>Spiritum</span> <span class='ocrx_word' id='word_1_72' title='bbox 743 635 881 667; x_wconf 80' lang='lat' dir='ltr'>rectum,</span> <span class='ocrx_word' id='word_1_73' title='bbox 904 629 936 659; x_wconf 92' lang='lat' dir='ltr'>id</span> <span class='ocrx_word' id='word_1_74' title='bbox 957 635 1020 667; x_wconf 83' lang='grc'><strong>851,</strong></span> <span class='ocrx_word' id='word_1_75' title='bbox 1044 628 1173 660; x_wconf 83' lang='lat' dir='ltr'>firmum</span> 
     </span>
     <span class='ocr_line' id='line_1_11' title="bbox 187 671 1173 709; baseline 0.001 -8"><span class='ocrx_word' id='word_1_76' title='bbox 187 671 310 701; x_wconf 86' lang='lat' dir='ltr'>innova</span> <span class='ocrx_word' id='word_1_77' title='bbox 333 671 365 700; x_wconf 92' lang='lat' dir='ltr'>in</span> <span class='ocrx_word' id='word_1_78' title='bbox 390 671 576 702; x_wconf 78' lang='lat' dir='ltr'>viscerilms</span> <span class='ocrx_word' id='word_1_79' title='bbox 600 671 693 709; x_wconf 80' lang='lat' dir='ltr'>meis,</span> <span class='ocrx_word' id='word_1_80' title='bbox 719 671 969 702; x_wconf 73' lang='lat' dir='ltr'>confirmantem</span> <span class='ocrx_word' id='word_1_81' title='bbox 992 683 1044 703; x_wconf 87' lang='lat' dir='ltr'>me</span> <span class='ocrx_word' id='word_1_82' title='bbox 1057 679 1173 702; x_wconf 85' lang='lat' dir='ltr'>contra</span> 
     </span>
     <span class='ocr_line' id='line_1_12' title="bbox 188 713 1172 755; baseline 0.001 -11"><span class='ocrx_word' id='word_1_83' title='bbox 188 714 409 745; x_wconf 71' lang='lat' dir='ltr'>dubitationes</span> <span class='ocrx_word' id='word_1_84' title='bbox 435 724 515 745; x_wconf 86' lang='lat' dir='ltr'>vera</span> <span class='ocrx_word' id='word_1_85' title='bbox 538 713 624 751; x_wconf 89' lang='lat' dir='ltr'>luce,</span> <span class='ocrx_word' id='word_1_86' title='bbox 649 714 1047 755; x_wconf 82' lang='lat' dir='ltr'>depellentemtenebras,</span> <span class='ocrx_word' id='word_1_87' title='bbox 1070 721 1103 746; x_wconf 84' lang='lat' dir='ltr'>et</span> <span class='ocrx_word' id='word_1_88' title='bbox 1118 725 1172 745; x_wconf 88' lang='lat' dir='ltr'>ac-</span> 
     </span>
     <span class='ocr_line' id='line_1_13' title="bbox 190 757 1172 798; baseline 0.001 -11"><span class='ocrx_word' id='word_1_89' title='bbox 190 757 384 787; x_wconf 85' lang='lat' dir='ltr'>cendentem</span> <span class='ocrx_word' id='word_1_90' title='bbox 420 768 532 788; x_wconf 80' lang='lat' dir='ltr'>veram</span> <span class='ocrx_word' id='word_1_91' title='bbox 556 758 825 789; x_wconf 73' lang='lat' dir='ltr'>invocationem:</span> <span class='ocrx_word' id='word_1_92' title='bbox 860 764 891 789; x_wconf 88' lang='lat' dir='ltr'>et</span> <span class='ocrx_word' id='word_1_93' title='bbox 916 758 1073 798; x_wconf 87' lang='lat' dir='ltr'>Spiritum</span> <span class='ocrx_word' id='word_1_94' title='bbox 1096 768 1172 788; x_wconf 87' lang='grc'><strong>500-</strong></span> 
     </span>
     <span class='ocr_line' id='line_1_14' title="bbox 189 799 1173 839; baseline 0.001 -9"><span class='ocrx_word' id='word_1_95' title='bbox 189 806 275 831; x_wconf 83' lang='grc'><strong>8111111</strong></span> <span class='ocrx_word' id='word_1_96' title='bbox 301 807 391 831; x_wconf 88' lang='lat' dir='ltr'>tuum</span> <span class='ocrx_word' id='word_1_97' title='bbox 414 811 455 832; x_wconf 88' lang='lat' dir='ltr'>ne</span> <span class='ocrx_word' id='word_1_98' title='bbox 480 799 613 831; x_wconf 81' lang='lat' dir='ltr'>auferas</span> <span class='ocrx_word' id='word_1_99' title='bbox 638 812 655 832; x_wconf 88' lang='lat' dir='ltr'>a</span> <span class='ocrx_word' id='word_1_100' title='bbox 680 812 742 838; x_wconf 86' lang='lat' dir='ltr'>me,</span> <span class='ocrx_word' id='word_1_101' title='bbox 767 802 797 831; x_wconf 90' lang='lat' dir='ltr'>id</span> <span class='ocrx_word' id='word_1_102' title='bbox 823 807 884 839; x_wconf 85' lang='lat' dir='ltr'>est,</span> <span class='ocrx_word' id='word_1_103' title='bbox 909 800 1173 831; x_wconf 80' lang='lat' dir='ltr'>sanctificantem</span> 
     </span>
     <span class='ocr_line' id='line_1_15' title="bbox 188 844 1172 885; baseline 0.001 -12"><span class='ocrx_word' id='word_1_104' title='bbox 188 853 248 880; x_wconf 87' lang='grc'><strong>1118,</strong></span> <span class='ocrx_word' id='word_1_105' title='bbox 274 844 404 875; x_wconf 76' lang='lat' dir='ltr'>dantem</span> <span class='ocrx_word' id='word_1_106' title='bbox 424 850 532 875; x_wconf 84' lang='lat' dir='ltr'>motus</span> <span class='ocrx_word' id='word_1_107' title='bbox 557 851 780 885; x_wconf 83' lang='lat' dir='ltr'>congruentes</span> <span class='ocrx_word' id='word_1_108' title='bbox 805 855 878 875; x_wconf 91' lang='lat' dir='ltr'>cum</span> <span class='ocrx_word' id='word_1_109' title='bbox 902 844 1054 874; x_wconf 83' lang='lat' dir='ltr'>omnibus</span> <span class='ocrx_word' id='word_1_110' title='bbox 1078 854 1172 884; x_wconf 87' lang='lat' dir='ltr'>prae-</span> 
     </span>
     <span class='ocr_line' id='line_1_16' title="bbox 188 885 1171 927; baseline 0.001 -11"><span class='ocrx_word' id='word_1_111' title='bbox 188 887 292 927; x_wconf 77' lang='lat' dir='ltr'>ceptis</span> <span class='ocrx_word' id='word_1_112' title='bbox 326 886 401 917; x_wconf 54' lang='lat' dir='ltr'>Dei.</span> <span class='ocrx_word' id='word_1_113' title='bbox 466 886 579 918; x_wconf 80' lang='lat' dir='ltr'>Redde</span> <span class='ocrx_word' id='word_1_114' title='bbox 614 887 689 917; x_wconf 82' lang='lat' dir='ltr'>mini</span> <span class='ocrx_word' id='word_1_115' title='bbox 724 886 881 918; x_wconf 73' lang='lat' dir='ltr'>laetitiam</span> <span class='ocrx_word' id='word_1_116' title='bbox 916 885 1108 923; x_wconf 82' lang='lat' dir='ltr'>salutarem,</span> <span class='ocrx_word' id='word_1_117' title='bbox 1139 887 1171 917; x_wconf 90' lang='lat' dir='ltr'>id</span> 
     </span>
     <span class='ocr_line' id='line_1_17' title="bbox 186 928 1171 967; baseline -0.001 -7"><span class='ocrx_word' id='word_1_118' title='bbox 186 936 254 967; x_wconf 90' lang='lat' dir='ltr'>est,</span> <span class='ocrx_word' id='word_1_119' title='bbox 287 928 410 961; x_wconf 84' lang='lat' dir='ltr'>liberes</span> <span class='ocrx_word' id='word_1_120' title='bbox 445 941 496 961; x_wconf 91' lang='lat' dir='ltr'>me</span> <span class='ocrx_word' id='word_1_121' title='bbox 521 941 562 961; x_wconf 79' lang='lat' dir='ltr'>ex</span> <span class='ocrx_word' id='word_1_122' title='bbox 582 928 753 961; x_wconf 82' lang='lat' dir='ltr'>doloribus</span> <span class='ocrx_word' id='word_1_123' title='bbox 776 931 892 960; x_wconf 84' lang='lat' dir='ltr'>mortis</span> <span class='ocrx_word' id='word_1_124' title='bbox 917 936 949 960; x_wconf 85' lang='lat' dir='ltr'>et</span> <span class='ocrx_word' id='word_1_125' title='bbox 978 929 1171 967; x_wconf 82' lang='lat' dir='ltr'>inferorum,</span> 
     </span>
     <span class='ocr_line' id='line_1_18' title="bbox 185 972 1172 1014; baseline 0.002 -12"><span class='ocrx_word' id='word_1_126' title='bbox 185 972 330 1003; x_wconf 67' lang='lat' dir='ltr'>laetifica</span> <span class='ocrx_word' id='word_1_127' title='bbox 354 984 413 1003; x_wconf 90' lang='lat' dir='ltr'>cor</span> <span class='ocrx_word' id='word_1_128' title='bbox 437 984 556 1012; x_wconf 75' lang='lat' dir='ltr'>meum,</span> <span class='ocrx_word' id='word_1_129' title='bbox 579 980 613 1004; x_wconf 86' lang='lat' dir='ltr'>ut</span> <span class='ocrx_word' id='word_1_130' title='bbox 637 974 668 1003; x_wconf 91' lang='lat' dir='ltr'>in</span> <span class='ocrx_word' id='word_1_131' title='bbox 693 980 725 1003; x_wconf 90' lang='lat' dir='ltr'>te</span> <span class='ocrx_word' id='word_1_132' title='bbox 744 973 951 1014; x_wconf 82' lang='lat' dir='ltr'>acquiescat:</span> <span class='ocrx_word' id='word_1_133' title='bbox 985 972 1027 1003; x_wconf 86' lang='lat' dir='ltr'>Et</span> <span class='ocrx_word' id='word_1_134' title='bbox 1050 972 1172 1013; x_wconf 84' lang='lat' dir='ltr'>Spiritu</span> 
     </span>
     <span class='ocr_line' id='line_1_19' title="bbox 185 1016 1169 1057; baseline -0.001 -11"><span class='ocrx_word' id='word_1_135' title='bbox 185 1024 371 1057; x_wconf 74' lang='lat' dir='ltr'>spontaneo</span> <span class='ocrx_word' id='word_1_136' title='bbox 396 1016 555 1047; x_wconf 82' lang='lat' dir='ltr'>confirma</span> <span class='ocrx_word' id='word_1_137' title='bbox 578 1027 641 1054; x_wconf 87' lang='lat' dir='ltr'>me,</span> <span class='ocrx_word' id='word_1_138' title='bbox 661 1017 693 1047; x_wconf 90' lang='lat' dir='ltr'>id</span> <span class='ocrx_word' id='word_1_139' title='bbox 716 1023 778 1054; x_wconf 65' lang='lat' dir='ltr'>est,</span> <span class='ocrx_word' id='word_1_140' title='bbox 801 1017 832 1046; x_wconf 92' lang='lat' dir='ltr'>in</span> <span class='ocrx_word' id='word_1_141' title='bbox 859 1026 959 1047; x_wconf 81' lang='lat' dir='ltr'>cruce</span> <span class='ocrx_word' id='word_1_142' title='bbox 983 1016 1169 1046; x_wconf 75' lang='lat' dir='ltr'>obediente.</span> 
     </span>
     <span class='ocr_line' id='line_1_20' title="bbox 184 1059 1170 1100; baseline -0.001 -10"><span class='ocrx_word' id='word_1_143' title='bbox 184 1061 216 1091; x_wconf 90' lang='lat' dir='ltr'>ln</span> <span class='ocrx_word' id='word_1_144' title='bbox 242 1059 298 1090; x_wconf 89' lang='lat' dir='ltr'>tali</span> <span class='ocrx_word' id='word_1_145' title='bbox 333 1060 544 1090; x_wconf 83' lang='lat' dir='ltr'>invocatione</span> <span class='ocrx_word' id='word_1_146' title='bbox 570 1060 822 1091; x_wconf 70' lang='lat' dir='ltr'>considerentur</span> <span class='ocrx_word' id='word_1_147' title='bbox 845 1060 1032 1090; x_wconf 78' lang='lat' dir='ltr'>discrimina</span> <span class='ocrx_word' id='word_1_148' title='bbox 1055 1070 1170 1100; x_wconf 84' lang='lat' dir='ltr'>perso-</span> 
     </span>
     <span class='ocr_line' id='line_1_21' title="bbox 184 1101 1170 1144; baseline -0.001 -11"><span class='ocrx_word' id='word_1_149' title='bbox 184 1113 312 1140; x_wconf 86' lang='lat' dir='ltr'>narum,</span> <span class='ocrx_word' id='word_1_150' title='bbox 337 1103 498 1133; x_wconf 70' lang='lat' dir='ltr'>beneficia</span> <span class='ocrx_word' id='word_1_151' title='bbox 522 1102 595 1133; x_wconf 87' lang='lat' dir='ltr'>Filii</span> <span class='ocrx_word' id='word_1_152' title='bbox 618 1104 763 1144; x_wconf 81' lang='lat' dir='ltr'>propria,</span> <span class='ocrx_word' id='word_1_153' title='bbox 787 1109 821 1134; x_wconf 84' lang='grc'>81</span> <span class='ocrx_word' id='word_1_154' title='bbox 839 1101 894 1133; x_wconf 86' lang='grc'><strong>1110</strong></span> <span class='ocrx_word' id='word_1_155' title='bbox 916 1108 1090 1144; x_wconf 84' lang='lat' dir='ltr'>quaesunt</span> <span class='ocrx_word' id='word_1_156' title='bbox 1112 1103 1170 1134; x_wconf 90' lang='lat' dir='ltr'>im-</span> 
     </span>
     <span class='ocr_line' id='line_1_22' title="bbox 185 1147 633 1186; baseline 0.002 -10"><span class='ocrx_word' id='word_1_157' title='bbox 185 1147 325 1176; x_wconf 77' lang='lat' dir='ltr'>mediate</span> <span class='ocrx_word' id='word_1_158' title='bbox 350 1147 490 1186; x_wconf 71' lang='lat' dir='ltr'>Spiritus</span> <span class='ocrx_word' id='word_1_159' title='bbox 514 1147 633 1177; x_wconf 83' lang='lat' dir='ltr'>sancti.</span> 
     </span>
    </p>
   </div>
   <div class='ocr_carea' id='block_1_3' title="bbox 180 1232 1171 1659">
    <p class='ocr_par' dir='ltr' id='par_1_3' title="bbox 180 1232 1171 1659">
     <span class='ocr_line' id='line_1_23' title="bbox 271 1232 1170 1272; baseline -0.001 -9"><span class='ocrx_word' id='word_1_160' title='bbox 271 1232 370 1263; x_wconf 88' lang='lat' dir='ltr'>Addo</span> <span class='ocrx_word' id='word_1_161' title='bbox 395 1238 426 1263; x_wconf 92' lang='lat' dir='ltr'>et</span> <span class='ocrx_word' id='word_1_162' title='bbox 450 1232 516 1270; x_wconf 80' lang='grc' dir='ltr'>11ορ</span> <span class='ocrx_word' id='word_1_163' title='bbox 539 1233 760 1263; x_wconf 80' lang='lat' dir='ltr'>testimonium</span> <span class='ocrx_word' id='word_1_164' title='bbox 786 1232 827 1262; x_wconf 90' lang='lat' dir='ltr'>de</span> <span class='ocrx_word' id='word_1_165' title='bbox 850 1232 1039 1263; x_wconf 71' lang='lat' dir='ltr'>discrimine</span> <span class='ocrx_word' id='word_1_166' title='bbox 1055 1242 1170 1272; x_wconf 85' lang='lat' dir='ltr'>perso-</span> 
     </span>
     <span class='ocr_line' id='line_1_24' title="bbox 182 1274 1169 1316; baseline 0 -11"><span class='ocrx_word' id='word_1_167' title='bbox 182 1285 308 1312; x_wconf 85' lang='lat' dir='ltr'>narum,</span> <span class='ocrx_word' id='word_1_168' title='bbox 333 1277 420 1316; x_wconf 86' lang='lat' dir='ltr'>quod</span> <span class='ocrx_word' id='word_1_169' title='bbox 445 1282 495 1306; x_wconf 63' lang='grc'>851</span> <span class='ocrx_word' id='word_1_170' title='bbox 519 1277 549 1306; x_wconf 88' lang='grc'>111</span> <span class='ocrx_word' id='word_1_171' title='bbox 574 1276 670 1306; x_wconf 80' lang='lat' dir='ltr'>Actis</span> <span class='ocrx_word' id='word_1_172' title='bbox 696 1276 804 1315; x_wconf 83' lang='lat' dir='ltr'>capitc</span> <span class='ocrx_word' id='word_1_173' title='bbox 826 1275 857 1306; x_wconf 68' lang='lat'>⁴2.</span> <span class='ocrx_word' id='word_1_174' title='bbox 925 1274 990 1305; x_wconf 89' lang='lat' dir='ltr'>Ubi</span> <span class='ocrx_word' id='word_1_175' title='bbox 1014 1274 1169 1306; x_wconf 80' lang='lat' dir='ltr'>Christus</span> 
     </span>
     <span class='ocr_line' id='line_1_25' title="bbox 184 1318 1169 1359; baseline 0 -10"><span class='ocrx_word' id='word_1_176' title='bbox 184 1319 384 1349; x_wconf 74' lang='lat' dir='ltr'>discernitur</span> <span class='ocrx_word' id='word_1_177' title='bbox 409 1330 426 1349; x_wconf 90' lang='lat' dir='ltr'>a</span> <span class='ocrx_word' id='word_1_178' title='bbox 453 1318 549 1349; x_wconf 82' lang='lat' dir='ltr'>Patre</span> <span class='ocrx_word' id='word_1_179' title='bbox 573 1326 604 1349; x_wconf 89' lang='lat' dir='ltr'>et</span> <span class='ocrx_word' id='word_1_180' title='bbox 629 1330 647 1349; x_wconf 89' lang='lat' dir='ltr'>a</span> <span class='ocrx_word' id='word_1_181' title='bbox 673 1319 796 1359; x_wconf 78' lang='lat' dir='ltr'>Spiritu</span> <span class='ocrx_word' id='word_1_182' title='bbox 819 1324 950 1355; x_wconf 79' lang='lat' dir='ltr'>sancto,</span> <span class='ocrx_word' id='word_1_183' title='bbox 976 1329 1051 1349; x_wconf 90' lang='lat' dir='ltr'>cum</span> <span class='ocrx_word' id='word_1_184' title='bbox 1075 1319 1169 1349; x_wconf 86' lang='lat' dir='ltr'>dicit:</span> 
     </span>
     <span class='ocr_line' id='line_1_26' title="bbox 182 1361 1170 1403; baseline 0 -11"><span class='ocrx_word' id='word_1_185' title='bbox 182 1361 328 1392; x_wconf 81' lang='lat' dir='ltr'>Dextera</span> <span class='ocrx_word' id='word_1_186' title='bbox 365 1361 428 1393; x_wconf 89' lang='lat' dir='ltr'>Dei</span> <span class='ocrx_word' id='word_1_187' title='bbox 459 1361 625 1393; x_wconf 81' lang='lat' dir='ltr'>exaltatus</span> <span class='ocrx_word' id='word_1_188' title='bbox 650 1363 819 1403; x_wconf 82' lang='lat' dir='ltr'>accipiens</span> <span class='ocrx_word' id='word_1_189' title='bbox 844 1362 1044 1402; x_wconf 78' lang='lat' dir='ltr'>promissum</span> <span class='ocrx_word' id='word_1_190' title='bbox 1068 1362 1170 1402; x_wconf 82' lang='lat' dir='ltr'>Spiri-</span> 
     </span>
     <span class='ocr_line' id='line_1_27' title="bbox 181 1403 1170 1447; baseline 0 -12"><span class='ocrx_word' id='word_1_191' title='bbox 181 1410 249 1435; x_wconf 88' lang='lat' dir='ltr'>tum</span> <span class='ocrx_word' id='word_1_192' title='bbox 274 1416 294 1436; x_wconf 87' lang='lat' dir='ltr'>a</span> <span class='ocrx_word' id='word_1_193' title='bbox 319 1404 427 1436; x_wconf 72' lang='lat' dir='ltr'>Patre.</span> <span class='ocrx_word' id='word_1_194' title='bbox 492 1404 589 1436; x_wconf 80' lang='lat' dir='ltr'>Alius</span> <span class='ocrx_word' id='word_1_195' title='bbox 612 1405 712 1447; x_wconf 88' lang='lat' dir='ltr'>igitur</span> <span class='ocrx_word' id='word_1_196' title='bbox 735 1410 787 1436; x_wconf 87' lang='lat' dir='ltr'>est</span> <span class='ocrx_word' id='word_1_197' title='bbox 810 1404 921 1442; x_wconf 82' lang='lat' dir='ltr'>Pater,</span> <span class='ocrx_word' id='word_1_198' title='bbox 945 1403 1030 1436; x_wconf 84' lang='lat' dir='ltr'>alius</span> <span class='ocrx_word' id='word_1_199' title='bbox 1054 1404 1170 1442; x_wconf 88' lang='lat' dir='ltr'>Filius,</span> 
     </span>
     <span class='ocr_line' id='line_1_28' title="bbox 182 1446 1170 1489; baseline 0 -11"><span class='ocrx_word' id='word_1_200' title='bbox 182 1446 268 1479; x_wconf 87' lang='lat' dir='ltr'>alius</span> <span class='ocrx_word' id='word_1_201' title='bbox 303 1449 443 1489; x_wconf 81' lang='lat' dir='ltr'>Spiritus</span> <span class='ocrx_word' id='word_1_202' title='bbox 478 1456 628 1479; x_wconf 82' lang='lat' dir='ltr'>sanctus.</span> <span class='ocrx_word' id='word_1_203' title='bbox 696 1448 780 1478; x_wconf 86' lang='lat' dir='ltr'>Nam</span> <span class='ocrx_word' id='word_1_204' title='bbox 815 1449 843 1479; x_wconf 85' lang='lat' dir='ltr'>si</span> <span class='ocrx_word' id='word_1_205' title='bbox 867 1448 1007 1489; x_wconf 82' lang='lat' dir='ltr'>Spiritus</span> <span class='ocrx_word' id='word_1_206' title='bbox 1031 1453 1170 1479; x_wconf 86' lang='lat' dir='ltr'>sanctus</span> 
     </span>
     <span class='ocr_line' id='line_1_29' title="bbox 183 1491 1171 1532; baseline -0.002 -10"><span class='ocrx_word' id='word_1_207' title='bbox 183 1497 273 1522; x_wconf 76' lang='lat' dir='ltr'>esset</span> <span class='ocrx_word' id='word_1_208' title='bbox 310 1492 381 1532; x_wconf 66' lang='lat' dir='ltr'>ipsa</span> <span class='ocrx_word' id='word_1_209' title='bbox 417 1502 563 1532; x_wconf 87' lang='lat' dir='ltr'>persona</span> <span class='ocrx_word' id='word_1_210' title='bbox 591 1491 702 1522; x_wconf 86' lang='lat' dir='ltr'>Patris</span> <span class='ocrx_word' id='word_1_211' title='bbox 725 1501 883 1528; x_wconf 74' lang='lat' dir='ltr'>movens,</span> <span class='ocrx_word' id='word_1_212' title='bbox 914 1501 981 1522; x_wconf 88' lang='grc'><strong>11011</strong></span> <span class='ocrx_word' id='word_1_213' title='bbox 1006 1491 1171 1522; x_wconf 87' lang='lat' dir='ltr'>(liceretur</span> 
     </span>
     <span class='ocr_line' id='line_1_30' title="bbox 181 1533 1171 1576; baseline 0 -12"><span class='ocrx_word' id='word_1_214' title='bbox 181 1536 288 1576; x_wconf 78' lang='lat' dir='ltr'>accipi</span> <span class='ocrx_word' id='word_1_215' title='bbox 312 1546 331 1565; x_wconf 87' lang='lat' dir='ltr'>a</span> <span class='ocrx_word' id='word_1_216' title='bbox 357 1535 454 1565; x_wconf 85' lang='lat' dir='ltr'>Patre</span> <span class='ocrx_word' id='word_1_217' title='bbox 485 1540 516 1565; x_wconf 89' lang='lat' dir='ltr'>et</span> <span class='ocrx_word' id='word_1_218' title='bbox 546 1535 616 1566; x_wconf 88' lang='lat' dir='ltr'>dari</span> <span class='ocrx_word' id='word_1_219' title='bbox 639 1546 699 1576; x_wconf 78' lang='lat' dir='ltr'>per</span> <span class='ocrx_word' id='word_1_220' title='bbox 722 1533 849 1565; x_wconf 82' lang='lat' dir='ltr'>Filium.</span> <span class='ocrx_word' id='word_1_221' title='bbox 912 1533 953 1565; x_wconf 87' lang='lat' dir='ltr'>Et</span> <span class='ocrx_word' id='word_1_222' title='bbox 982 1535 1046 1565; x_wconf 84' lang='lat' dir='ltr'>nisi</span> <span class='ocrx_word' id='word_1_223' title='bbox 1079 1539 1171 1565; x_wconf 62' lang='lat' dir='ltr'>esset</span> 
     </span>
     <span class='ocr_line' id='line_1_31' title="bbox 184 1576 1170 1619; baseline 0 -12"><span class='ocrx_word' id='word_1_224' title='bbox 184 1576 384 1618; x_wconf 69' lang='grc' dir='ltr'><em>ὑφιστάμενος</em></span> <span class='ocrx_word' id='word_1_225' title='bbox 409 1578 548 1619; x_wconf 79' lang='lat' dir='ltr'>Spiritus</span> <span class='ocrx_word' id='word_1_226' title='bbox 573 1585 721 1615; x_wconf 80' lang='lat' dir='ltr'>sanctus,</span> <span class='ocrx_word' id='word_1_227' title='bbox 747 1588 812 1608; x_wconf 89' lang='lat' dir='ltr'>non</span> <span class='ocrx_word' id='word_1_228' title='bbox 836 1578 1002 1618; x_wconf 82' lang='lat' dir='ltr'>acciperet</span> <span class='ocrx_word' id='word_1_229' title='bbox 1022 1588 1095 1608; x_wconf 87' lang='lat' dir='ltr'>eum</span> <span class='ocrx_word' id='word_1_230' title='bbox 1118 1577 1170 1608; x_wconf 88' lang='lat' dir='ltr'>Fi-</span> 
     </span>
     <span class='ocr_line' id='line_1_32' title="bbox 180 1619 1115 1659; baseline 0 -8"><span class='ocrx_word' id='word_1_231' title='bbox 180 1619 256 1659; x_wconf 88' lang='lat' dir='ltr'>lius,</span> <span class='ocrx_word' id='word_1_232' title='bbox 280 1622 340 1652; x_wconf 78' lang='lat' dir='ltr'>sed</span> <span class='ocrx_word' id='word_1_233' title='bbox 359 1627 485 1652; x_wconf 89' lang='lat' dir='ltr'>tantum</span> <span class='ocrx_word' id='word_1_234' title='bbox 508 1627 600 1653; x_wconf 85' lang='lat' dir='ltr'>esset</span> <span class='ocrx_word' id='word_1_235' title='bbox 624 1622 725 1652; x_wconf 86' lang='lat' dir='ltr'>motio</span> <span class='ocrx_word' id='word_1_236' title='bbox 748 1627 859 1652; x_wconf 70' lang='lat' dir='ltr'>creata</span> <span class='ocrx_word' id='word_1_237' title='bbox 884 1621 916 1651; x_wconf 89' lang='lat' dir='ltr'>in</span> <span class='ocrx_word' id='word_1_238' title='bbox 944 1621 1115 1652; x_wconf 79' lang='lat' dir='ltr'>cordibus.</span> 
     </span>
    </p>
   </div>
   <div class='ocr_carea' id='block_1_4' title="bbox 182 1706 1171 2138">
    <p class='ocr_par' dir='ltr' id='par_1_4' title="bbox 182 1706 1171 2138">
     <span class='ocr_line' id='line_1_33' title="bbox 270 1706 1169 1749; baseline -0.001 -11"><span class='ocrx_word' id='word_1_239' title='bbox 270 1707 375 1739; x_wconf 85' lang='lat' dir='ltr'>Huius</span> <span class='ocrx_word' id='word_1_240' title='bbox 400 1709 577 1738; x_wconf 86' lang='lat' dir='ltr'>testimonii</span> <span class='ocrx_word' id='word_1_241' title='bbox 600 1718 721 1749; x_wconf 85' lang='lat' dir='ltr'>magna</span> <span class='ocrx_word' id='word_1_242' title='bbox 741 1707 962 1748; x_wconf 77' lang='lat' dir='ltr'>perspicuitas</span> <span class='ocrx_word' id='word_1_243' title='bbox 987 1712 1049 1745; x_wconf 79' lang='lat' dir='ltr'>est,</span> <span class='ocrx_word' id='word_1_244' title='bbox 1080 1706 1169 1738; x_wconf 89' lang='lat' dir='ltr'>utilis</span> 
     </span>
     <span class='ocr_line' id='line_1_34' title="bbox 184 1748 1170 1792; baseline -0.002 -10"><span class='ocrx_word' id='word_1_245' title='bbox 184 1752 225 1782; x_wconf 87' lang='lat' dir='ltr'>ad</span> <span class='ocrx_word' id='word_1_246' title='bbox 250 1751 533 1782; x_wconf 86' lang='lat' dir='ltr'>confirmationem</span> <span class='ocrx_word' id='word_1_247' title='bbox 558 1752 729 1783; x_wconf 83' lang='lat' dir='ltr'>doctrinae</span> <span class='ocrx_word' id='word_1_248' title='bbox 754 1751 794 1782; x_wconf 81' lang='lat' dir='ltr'>de</span> <span class='ocrx_word' id='word_1_249' title='bbox 817 1751 983 1792; x_wconf 76' lang='lat' dir='ltr'>personis,</span> <span class='ocrx_word' id='word_1_250' title='bbox 1019 1756 1051 1781; x_wconf 90' lang='lat' dir='ltr'>et</span> <span class='ocrx_word' id='word_1_251' title='bbox 1073 1748 1170 1781; x_wconf 86' lang='lat' dir='ltr'>simul</span> 
     </span>
     <span class='ocr_line' id='line_1_35' title="bbox 182 1792 1170 1834; baseline -0.001 -9"><span class='ocrx_word' id='word_1_252' title='bbox 182 1795 278 1825; x_wconf 86' lang='lat' dir='ltr'>docet</span> <span class='ocrx_word' id='word_1_253' title='bbox 305 1805 367 1825; x_wconf 84' lang='lat' dir='ltr'>nos</span> <span class='ocrx_word' id='word_1_254' title='bbox 392 1795 432 1825; x_wconf 85' lang='lat' dir='ltr'>de</span> <span class='ocrx_word' id='word_1_255' title='bbox 452 1794 626 1832; x_wconf 80' lang='lat' dir='ltr'>beneflcio,</span> <span class='ocrx_word' id='word_1_256' title='bbox 651 1801 682 1825; x_wconf 82' lang='grc'>81</span> <span class='ocrx_word' id='word_1_257' title='bbox 706 1795 747 1825; x_wconf 86' lang='lat' dir='ltr'>dc</span> <span class='ocrx_word' id='word_1_258' title='bbox 771 1804 874 1834; x_wconf 82' lang='lat' dir='ltr'>regno</span> <span class='ocrx_word' id='word_1_259' title='bbox 889 1792 961 1824; x_wconf 84' lang='lat' dir='ltr'>Filii</span> <span class='ocrx_word' id='word_1_260' title='bbox 982 1793 1058 1830; x_wconf 83' lang='lat' dir='ltr'>Det,</span> <span class='ocrx_word' id='word_1_261' title='bbox 1081 1794 1170 1834; x_wconf 86' lang='lat' dir='ltr'>quod</span> 
     </span>
     <span class='ocr_line' id='line_1_36' title="bbox 184 1835 1170 1878; baseline -0.002 -10"><span class='ocrx_word' id='word_1_262' title='bbox 184 1839 226 1868; x_wconf 88' lang='lat' dir='ltr'>ad</span> <span class='ocrx_word' id='word_1_263' title='bbox 250 1838 315 1868; x_wconf 88' lang='lat' dir='ltr'>hoc</span> <span class='ocrx_word' id='word_1_264' title='bbox 338 1838 442 1878; x_wconf 69' lang='lat' dir='ltr'>ipsum</span> <span class='ocrx_word' id='word_1_265' title='bbox 469 1839 667 1869; x_wconf 63' lang='lat' dir='ltr'>constitutus</span> <span class='ocrx_word' id='word_1_266' title='bbox 691 1838 731 1868; x_wconf 87' lang='lat' dir='ltr'>sit</span> <span class='ocrx_word' id='word_1_267' title='bbox 751 1837 820 1868; x_wconf 74' lang='lat' dir='ltr'>Rex</span> <span class='ocrx_word' id='word_1_268' title='bbox 845 1835 1018 1867; x_wconf 74' lang='lat' dir='ltr'>Ecclesiae</span> <span class='ocrx_word' id='word_1_269' title='bbox 1041 1836 1096 1866; x_wconf 87' lang='lat' dir='ltr'>hic</span> <span class='ocrx_word' id='word_1_270' title='bbox 1118 1836 1170 1866; x_wconf 85' lang='lat' dir='ltr'>Fi-</span> 
     </span>
     <span class='ocr_line' id='line_1_37' title="bbox 184 1879 1169 1921; baseline -0.002 -9"><span class='ocrx_word' id='word_1_271' title='bbox 184 1879 248 1912; x_wconf 82' lang='lat' dir='ltr'>lius</span> <span class='ocrx_word' id='word_1_272' title='bbox 272 1880 437 1918; x_wconf 75' lang='lat' dir='ltr'>Christus,</span> <span class='ocrx_word' id='word_1_273' title='bbox 463 1887 495 1911; x_wconf 89' lang='lat' dir='ltr'>ut</span> <span class='ocrx_word' id='word_1_274' title='bbox 521 1891 600 1912; x_wconf 87' lang='lat' dir='ltr'>vere</span> <span class='ocrx_word' id='word_1_275' title='bbox 625 1892 685 1921; x_wconf 88' lang='lat' dir='ltr'>per</span> <span class='ocrx_word' id='word_1_276' title='bbox 710 1892 782 1912; x_wconf 90' lang='lat' dir='ltr'>eum</span> <span class='ocrx_word' id='word_1_277' title='bbox 807 1881 903 1911; x_wconf 88' lang='lat' dir='ltr'>detur</span> <span class='ocrx_word' id='word_1_278' title='bbox 927 1880 1069 1920; x_wconf 83' lang='lat' dir='ltr'>Spiritus</span> <span class='ocrx_word' id='word_1_279' title='bbox 1093 1890 1169 1910; x_wconf 87' lang='lat' dir='ltr'>san-</span> 
     </span>
     <span class='ocr_line' id='line_1_38' title="bbox 186 1922 1171 1962; baseline -0.004 -6"><span class='ocrx_word' id='word_1_280' title='bbox 186 1930 272 1962; x_wconf 86' lang='lat' dir='ltr'>ctus,</span> <span class='ocrx_word' id='word_1_281' title='bbox 296 1926 379 1955; x_wconf 80' lang='lat' dir='ltr'>sicut</span> <span class='ocrx_word' id='word_1_282' title='bbox 404 1923 469 1955; x_wconf 86' lang='lat' dir='ltr'>alio</span> <span class='ocrx_word' id='word_1_283' title='bbox 494 1922 570 1955; x_wconf 90' lang='lat' dir='ltr'>loco</span> <span class='ocrx_word' id='word_1_284' title='bbox 596 1924 689 1955; x_wconf 78' lang='lat' dir='ltr'>dicit:</span> <span class='ocrx_word' id='word_1_285' title='bbox 721 1924 824 1955; x_wconf 82' lang='lat' dir='ltr'>Sedet</span> <span class='ocrx_word' id='word_1_286' title='bbox 850 1924 892 1954; x_wconf 87' lang='lat' dir='ltr'>ad</span> <span class='ocrx_word' id='word_1_287' title='bbox 917 1924 1084 1954; x_wconf 81' lang='lat' dir='ltr'>dexteram</span> <span class='ocrx_word' id='word_1_288' title='bbox 1109 1922 1171 1952; x_wconf 83' lang='lat' dir='ltr'>Pa-</span> 
     </span>
     <span class='ocr_line' id='line_1_39' title="bbox 184 1965 1170 2008; baseline -0.001 -11"><span class='ocrx_word' id='word_1_289' title='bbox 184 1969 243 1997; x_wconf 82' lang='lat' dir='ltr'>tris</span> <span class='ocrx_word' id='word_1_290' title='bbox 269 1968 351 1998; x_wconf 79' lang='lat' dir='ltr'>dans</span> <span class='ocrx_word' id='word_1_291' title='bbox 372 1968 459 1998; x_wconf 88' lang='lat' dir='ltr'>dona</span> <span class='ocrx_word' id='word_1_292' title='bbox 479 1967 677 1998; x_wconf 68' lang='lat' dir='ltr'>hominibus</span> <span class='ocrx_word' id='word_1_293' title='bbox 724 1966 806 1998; x_wconf 69' lang='lat' dir='ltr'>Vult</span> <span class='ocrx_word' id='word_1_294' title='bbox 830 1967 929 2008; x_wconf 85' lang='lat' dir='ltr'>igitur</span> <span class='ocrx_word' id='word_1_295' title='bbox 952 1967 1001 1996; x_wconf 89' lang='lat' dir='ltr'>sic</span> <span class='ocrx_word' id='word_1_296' title='bbox 1027 1965 1091 1996; x_wconf 72' lang='lat' dir='ltr'>coli</span> <span class='ocrx_word' id='word_1_297' title='bbox 1115 1976 1170 2007; x_wconf 90' lang='lat' dir='ltr'>pe—</span> 
     </span>
     <span class='ocr_line' id='line_1_40' title="bbox 183 2010 1170 2052; baseline -0.001 -11"><span class='ocrx_word' id='word_1_298' title='bbox 183 2011 295 2041; x_wconf 89' lang='lat' dir='ltr'>titione</span> <span class='ocrx_word' id='word_1_299' title='bbox 328 2012 466 2042; x_wconf 66' lang='lat' dir='ltr'>istorum</span> <span class='ocrx_word' id='word_1_300' title='bbox 503 2011 757 2048; x_wconf 78' lang='lat' dir='ltr'>beneficiorum,</span> <span class='ocrx_word' id='word_1_301' title='bbox 790 2016 825 2041; x_wconf 83' lang='lat' dir='ltr'>ut</span> <span class='ocrx_word' id='word_1_302' title='bbox 860 2016 1066 2052; x_wconf 75' lang='lat' dir='ltr'>agnoscatur</span> <span class='ocrx_word' id='word_1_303' title='bbox 1101 2010 1170 2040; x_wconf 83' lang='lat' dir='ltr'>eius</span> 
     </span>
     <span class='ocr_line' id='line_1_41' title="bbox 182 2051 1170 2095; baseline 0 -12"><span class='ocrx_word' id='word_1_304' title='bbox 182 2055 372 2095; x_wconf 81' lang='lat' dir='ltr'>praesentia</span> <span class='ocrx_word' id='word_1_305' title='bbox 407 2061 437 2084; x_wconf 85' lang='lat' dir='ltr'>et</span> <span class='ocrx_word' id='word_1_306' title='bbox 467 2056 615 2094; x_wconf 80' lang='lat' dir='ltr'>potentia</span> <span class='ocrx_word' id='word_1_307' title='bbox 649 2054 681 2084; x_wconf 92' lang='lat' dir='ltr'>in</span> <span class='ocrx_word' id='word_1_308' title='bbox 716 2052 979 2084; x_wconf 84' lang='lat' dir='ltr'>sanctificatione</span> <span class='ocrx_word' id='word_1_309' title='bbox 1003 2059 1035 2083; x_wconf 87' lang='lat' dir='ltr'>et</span> <span class='ocrx_word' id='word_1_310' title='bbox 1058 2051 1170 2083; x_wconf 86' lang='lat' dir='ltr'>desen-</span> 
     </span>
     <span class='ocr_line' id='line_1_42' title="bbox 182 2097 834 2138; baseline 0 -11"><span class='ocrx_word' id='word_1_311' title='bbox 182 2098 276 2128; x_wconf 86' lang='lat' dir='ltr'>sione</span> <span class='ocrx_word' id='word_1_312' title='bbox 301 2098 442 2128; x_wconf 84' lang='lat' dir='ltr'>omnium</span> <span class='ocrx_word' id='word_1_313' title='bbox 467 2098 693 2128; x_wconf 86' lang='lat' dir='ltr'>invocantium</span> <span class='ocrx_word' id='word_1_314' title='bbox 716 2097 834 2138; x_wconf 83' lang='lat' dir='ltr'>ipsum.</span> 
     </span>
    </p>
   </div>
   <div class='ocr_carea' id='block_1_5' title="bbox 269 2180 1167 2224">
    <p class='ocr_par' dir='ltr' id='par_1_5' title="bbox 269 2180 1167 2224">
     <span class='ocr_line' id='line_1_43' title="bbox 269 2180 1167 2224; baseline -0.001 -11"><span class='ocrx_word' id='word_1_315' title='bbox 269 2182 428 2214; x_wconf 80' lang='lat' dir='ltr'>Recitatis</span> <span class='ocrx_word' id='word_1_316' title='bbox 459 2183 657 2214; x_wconf 83' lang='lat' dir='ltr'>testimoniis</span> <span class='ocrx_word' id='word_1_317' title='bbox 687 2183 852 2214; x_wconf 84' lang='lat' dir='ltr'>addantur</span> <span class='ocrx_word' id='word_1_318' title='bbox 875 2188 906 2213; x_wconf 92' lang='lat' dir='ltr'>et</span> <span class='ocrx_word' id='word_1_319' title='bbox 930 2180 1102 2224; x_wconf 74' lang='lat' dir='ltr'>Symbola,</span> <span class='ocrx_word' id='word_1_320' title='bbox 1137 2188 1167 2213; x_wconf 91' lang='lat' dir='ltr'>et</span> 
     </span>
    </p>
   </div>
   <div class='ocr_carea' id='block_1_6' title="bbox 180 2226 1193 2312">
    <p class='ocr_par' dir='ltr' id='par_1_6' title="bbox 180 2226 1193 2312">
     <span class='ocr_line' id='line_1_44' title="bbox 181 2226 1193 2267; baseline -0.001 -10"><span class='ocrx_word' id='word_1_321' title='bbox 181 2232 331 2258; x_wconf 84' lang='lat' dir='ltr'>veterum</span> <span class='ocrx_word' id='word_1_322' title='bbox 366 2227 471 2263; x_wconf 87' lang='lat' dir='ltr'>dicta,</span> <span class='ocrx_word' id='word_1_323' title='bbox 505 2227 590 2257; x_wconf 87' lang='lat' dir='ltr'>inter</span> <span class='ocrx_word' id='word_1_324' title='bbox 614 2237 698 2267; x_wconf 87' lang='lat' dir='ltr'>quae</span> <span class='ocrx_word' id='word_1_325' title='bbox 721 2227 899 2267; x_wconf 81' lang='lat' dir='ltr'>praecipue</span> <span class='ocrx_word' id='word_1_326' title='bbox 922 2232 1001 2257; x_wconf 88' lang='grc'><strong>11010</strong></span> <span class='ocrx_word' id='word_1_327' title='bbox 1023 2226 1065 2256; x_wconf 89' lang='grc'>511</span> <span class='ocrx_word' id='word_1_328' title='bbox 1090 2235 1168 2256; x_wconf 89' lang='lat' dir='ltr'>con-</span> <span class='ocrx_word' id='word_1_329' title='bbox 1192 2248 1193 2259; x_wconf 37' lang='lat' dir='ltr'>t</span> 
     </span>
     <span class='ocr_line' id='line_1_45' title="bbox 180 2268 1193 2312; baseline -0.001 -12"><span class='ocrx_word' id='word_1_330' title='bbox 180 2268 286 2300; x_wconf 75' lang='lat' dir='ltr'>fessio</span> <span class='ocrx_word' id='word_1_331' title='bbox 322 2269 475 2312; x_wconf 80' lang='lat' dir='ltr'>Gregorii</span> <span class='ocrx_word' id='word_1_332' title='bbox 508 2269 818 2307; x_wconf 66' lang='lat' dir='ltr'>Neocaesariensis,</span> <span class='ocrx_word' id='word_1_333' title='bbox 854 2270 941 2300; x_wconf 87' lang='lat' dir='ltr'>edita</span> <span class='ocrx_word' id='word_1_334' title='bbox 967 2274 1085 2300; x_wconf 87' lang='lat' dir='ltr'>contra</span> <span class='ocrx_word' id='word_1_335' title='bbox 1108 2269 1166 2299; x_wconf 78' lang='lat' dir='ltr'>Sa·</span> <span class='ocrx_word' id='word_1_336' title='bbox 1191 2277 1193 2307; x_wconf 77' lang='lat' dir='ltr'><strong>j</strong></span> 
     </span>
    </p>
   </div>
   <div class='ocr_carea' id='block_1_7' title="bbox 175 2311 1165 2700">
    <p class='ocr_par' dir='ltr' id='par_1_7' title="bbox 175 2311 1165 2700">
     <span class='ocr_line' id='line_1_46' title="bbox 178 2311 1165 2354; baseline -0.002 -10"><span class='ocrx_word' id='word_1_337' title='bbox 178 2319 396 2351; x_wconf 78' lang='lat' dir='ltr'>mosatenum,</span> <span class='ocrx_word' id='word_1_338' title='bbox 430 2323 515 2354; x_wconf 59' lang='lat' dir='ltr'>(snae</span> <span class='ocrx_word' id='word_1_339' title='bbox 539 2311 647 2344; x_wconf 85' lang='lat' dir='ltr'>officia</span> <span class='ocrx_word' id='word_1_340' title='bbox 672 2323 892 2354; x_wconf 87' lang='lat' dir='ltr'>personarum</span> <span class='ocrx_word' id='word_1_341' title='bbox 917 2312 1014 2343; x_wconf 88' lang='lat' dir='ltr'>etiam</span> <span class='ocrx_word' id='word_1_342' title='bbox 1039 2312 1165 2344; x_wconf 85' lang='lat' dir='ltr'>erudite</span> 
     </span>
     <span class='ocr_line' id='line_1_47' title="bbox 179 2355 1165 2396; baseline 0 -10"><span class='ocrx_word' id='word_1_343' title='bbox 179 2357 347 2387; x_wconf 73' lang='lat' dir='ltr'>discernit.</span> <span class='ocrx_word' id='word_1_344' title='bbox 393 2356 488 2387; x_wconf 78' lang='lat' dir='ltr'>Unus</span> <span class='ocrx_word' id='word_1_345' title='bbox 512 2355 606 2387; x_wconf 89' lang='lat' dir='ltr'>Deus</span> <span class='ocrx_word' id='word_1_346' title='bbox 630 2356 728 2387; x_wconf 87' lang='lat' dir='ltr'>Pater</span> <span class='ocrx_word' id='word_1_347' title='bbox 752 2356 1012 2393; x_wconf 80' lang='lat' dir='ltr'>verbiviventis,</span> <span class='ocrx_word' id='word_1_348' title='bbox 1035 2356 1165 2396; x_wconf 86' lang='lat' dir='ltr'>sapien-</span> 
     </span>
     <span class='ocr_line' id='line_1_48' title="bbox 179 2399 1163 2441; baseline 0 -12"><span class='ocrx_word' id='word_1_349' title='bbox 179 2400 243 2430; x_wconf 84' lang='lat' dir='ltr'>tiae</span> <span class='ocrx_word' id='word_1_350' title='bbox 262 2400 490 2437; x_wconf 63' lang='lat' dir='ltr'>subsistentis,</span> <span class='ocrx_word' id='word_1_351' title='bbox 516 2406 548 2430; x_wconf 89' lang='lat' dir='ltr'>et</span> <span class='ocrx_word' id='word_1_352' title='bbox 570 2400 722 2441; x_wconf 72' lang='lat' dir='ltr'>imaginis</span> <span class='ocrx_word' id='word_1_353' title='bbox 747 2410 827 2430; x_wconf 89' lang='lat' dir='ltr'>snae</span> <span class='ocrx_word' id='word_1_354' title='bbox 861 2400 990 2440; x_wconf 85' lang='lat' dir='ltr'>integer</span> <span class='ocrx_word' id='word_1_355' title='bbox 1012 2399 1163 2439; x_wconf 82' lang='lat' dir='ltr'>integrae</span> 
     </span>
     <span class='ocr_line' id='line_1_49' title="bbox 179 2440 1162 2484; baseline -0.001 -12"><span class='ocrx_word' id='word_1_356' title='bbox 179 2442 319 2483; x_wconf 86' lang='lat' dir='ltr'>genitor,</span> <span class='ocrx_word' id='word_1_357' title='bbox 342 2443 441 2474; x_wconf 90' lang='lat' dir='ltr'>Pater</span> <span class='ocrx_word' id='word_1_358' title='bbox 463 2441 533 2473; x_wconf 85' lang='lat' dir='ltr'>Filii</span> <span class='ocrx_word' id='word_1_359' title='bbox 557 2443 725 2484; x_wconf 68' lang='lat' dir='ltr'>unigeniti,</span> <span class='ocrx_word' id='word_1_360' title='bbox 761 2442 854 2473; x_wconf 84' lang='lat' dir='ltr'>Unus</span> <span class='ocrx_word' id='word_1_361' title='bbox 878 2442 1041 2473; x_wconf 89' lang='lat' dir='ltr'>Dominus</span> <span class='ocrx_word' id='word_1_362' title='bbox 1066 2440 1162 2472; x_wconf 80' lang='lat' dir='ltr'>solus</span> 
     </span>
     <span class='ocr_line' id='line_1_50' title="bbox 179 2483 1162 2527; baseline -0.001 -11"><span class='ocrx_word' id='word_1_363' title='bbox 179 2495 220 2516; x_wconf 86' lang='lat' dir='ltr'>ex</span> <span class='ocrx_word' id='word_1_364' title='bbox 242 2483 329 2523; x_wconf 86' lang='lat' dir='ltr'>solo,</span> <span class='ocrx_word' id='word_1_365' title='bbox 352 2487 461 2527; x_wconf 80' lang='lat' dir='ltr'>imago</span> <span class='ocrx_word' id='word_1_366' title='bbox 486 2486 605 2524; x_wconf 81' lang='lat' dir='ltr'>Patris,</span> <span class='ocrx_word' id='word_1_367' title='bbox 631 2485 776 2518; x_wconf 87' lang='lat' dir='ltr'>Verbum</span> <span class='ocrx_word' id='word_1_368' title='bbox 799 2484 932 2523; x_wconf 77' lang='lat' dir='ltr'>efficax,</span> <span class='ocrx_word' id='word_1_369' title='bbox 956 2484 1059 2516; x_wconf 84' lang='lat' dir='ltr'>Filius</span> <span class='ocrx_word' id='word_1_370' title='bbox 1077 2495 1162 2515; x_wconf 86' lang='lat' dir='ltr'>sem-</span> 
     </span>
     <span class='ocr_line' id='line_1_51' title="bbox 175 2528 1160 2570; baseline 0 -12"><span class='ocrx_word' id='word_1_371' title='bbox 175 2529 325 2568; x_wconf 88' lang='lat' dir='ltr'>piternus</span> <span class='ocrx_word' id='word_1_372' title='bbox 349 2539 389 2560; x_wconf 80' lang='lat' dir='ltr'>ex</span> <span class='ocrx_word' id='word_1_373' title='bbox 412 2531 631 2570; x_wconf 74' lang='lat' dir='ltr'>sempiterno,</span> <span class='ocrx_word' id='word_1_374' title='bbox 666 2528 761 2560; x_wconf 85' lang='lat' dir='ltr'>Unus</span> <span class='ocrx_word' id='word_1_375' title='bbox 787 2528 932 2570; x_wconf 73' lang='lat' dir='ltr'>Spiritus</span> <span class='ocrx_word' id='word_1_376' title='bbox 956 2535 1094 2559; x_wconf 86' lang='lat' dir='ltr'>sanctus</span> <span class='ocrx_word' id='word_1_377' title='bbox 1119 2538 1160 2558; x_wconf 90' lang='lat' dir='ltr'>ex</span> 
     </span>
     <span class='ocr_line' id='line_1_52' title="bbox 175 2570 1160 2614; baseline 0.001 -13"><span class='ocrx_word' id='word_1_378' title='bbox 175 2570 249 2602; x_wconf 90' lang='lat' dir='ltr'>Deo</span> <span class='ocrx_word' id='word_1_379' title='bbox 273 2572 493 2603; x_wconf 81' lang='lat' dir='ltr'>substantiam</span> <span class='ocrx_word' id='word_1_380' title='bbox 525 2572 664 2609; x_wconf 80' lang='lat' dir='ltr'>habens,</span> <span class='ocrx_word' id='word_1_381' title='bbox 701 2573 755 2614; x_wconf 89' lang='lat' dir='ltr'>qui</span> <span class='ocrx_word' id='word_1_382' title='bbox 785 2582 844 2613; x_wconf 90' lang='lat' dir='ltr'>per</span> <span class='ocrx_word' id='word_1_383' title='bbox 866 2570 983 2603; x_wconf 83' lang='lat' dir='ltr'>Filium</span> <span class='ocrx_word' id='word_1_384' title='bbox 1007 2572 1160 2613; x_wconf 88' lang='lat' dir='ltr'>apparuit</span> 
     </span>
     <span class='ocr_line' id='line_1_53' title="bbox 175 2613 1159 2657; baseline 0 -12"><span class='ocrx_word' id='word_1_385' title='bbox 175 2613 401 2653; x_wconf 83' lang='lat' dir='ltr'>sanctificans,</span> <span class='ocrx_word' id='word_1_386' title='bbox 435 2625 494 2655; x_wconf 87' lang='lat' dir='ltr'>per</span> <span class='ocrx_word' id='word_1_387' title='bbox 528 2626 625 2657; x_wconf 90' lang='lat' dir='ltr'>quem</span> <span class='ocrx_word' id='word_1_388' title='bbox 656 2615 748 2647; x_wconf 86' lang='lat' dir='ltr'>Deus</span> <span class='ocrx_word' id='word_1_389' title='bbox 783 2625 884 2656; x_wconf 88' lang='lat' dir='ltr'>super</span> <span class='ocrx_word' id='word_1_390' title='bbox 920 2615 1030 2645; x_wconf 88' lang='lat' dir='ltr'>omnia</span> <span class='ocrx_word' id='word_1_391' title='bbox 1065 2620 1096 2645; x_wconf 87' lang='lat' dir='ltr'>et</span> <span class='ocrx_word' id='word_1_392' title='bbox 1126 2615 1159 2646; x_wconf 91' lang='lat' dir='ltr'>in</span> 
     </span>
     <span class='ocr_line' id='line_1_54' title="bbox 193 2657 1159 2700; baseline -0.001 -11"><span class='ocrx_word' id='word_1_393' title='bbox 193 2658 324 2689; x_wconf 84' lang='lat' dir='ltr'>mnibus</span> <span class='ocrx_word' id='word_1_394' title='bbox 349 2659 572 2700; x_wconf 83' lang='lat' dir='ltr'>cognoscitur.</span> <span class='ocrx_word' id='word_1_395' title='bbox 621 2658 762 2700; x_wconf 84' lang='lat' dir='ltr'>Spiritus</span> <span class='ocrx_word' id='word_1_396' title='bbox 784 2664 922 2690; x_wconf 85' lang='lat' dir='ltr'>sanctus</span> <span class='ocrx_word' id='word_1_397' title='bbox 945 2657 1061 2689; x_wconf 87' lang='lat' dir='ltr'>incitat</span> <span class='ocrx_word' id='word_1_398' title='bbox 1085 2667 1159 2689; x_wconf 88' lang='lat' dir='ltr'>cor-</span> 
     </span>
    </p>
   </div>
   <div class='ocr_carea' id='block_1_8' title="bbox 1197 282 2213 860">
    <p class='ocr_par' dir='ltr' id='par_1_8' title="bbox 1226 282 2213 660">
     <span class='ocr_line' id='line_1_55' title="bbox 1229 282 2213 326; baseline 0.003 -13"><span class='ocrx_word' id='word_1_399' title='bbox 1229 283 1282 321; x_wconf 85' lang='lat' dir='ltr'>da,</span> <span class='ocrx_word' id='word_1_400' title='bbox 1302 289 1337 314; x_wconf 90' lang='lat' dir='ltr'>ut</span> <span class='ocrx_word' id='word_1_401' title='bbox 1361 284 1464 314; x_wconf 89' lang='lat' dir='ltr'>verbo</span> <span class='ocrx_word' id='word_1_402' title='bbox 1487 282 1552 314; x_wconf 89' lang='lat' dir='ltr'>Dei</span> <span class='ocrx_word' id='word_1_403' title='bbox 1575 284 1812 322; x_wconf 73' lang='lat' dir='ltr'>assentiantur,</span> <span class='ocrx_word' id='word_1_404' title='bbox 1837 290 2025 326; x_wconf 82' lang='lat' dir='ltr'>agnoscant</span> <span class='ocrx_word' id='word_1_405' title='bbox 2048 283 2155 316; x_wconf 90' lang='lat' dir='ltr'>Deum</span> <span class='ocrx_word' id='word_1_406' title='bbox 2179 291 2213 317; x_wconf 86' lang='lat' dir='ltr'>et</span> 
     </span>
     <span class='ocr_line' id='line_1_56' title="bbox 1228 327 2211 365; baseline 0.001 -7"><span class='ocrx_word' id='word_1_407' title='bbox 1228 328 1384 358; x_wconf 77' lang='lat' dir='ltr'>invocent</span> <span class='ocrx_word' id='word_1_408' title='bbox 1407 337 1492 362; x_wconf 83' lang='lat' dir='ltr'>eum,</span> <span class='ocrx_word' id='word_1_409' title='bbox 1517 334 1547 357; x_wconf 91' lang='lat' dir='ltr'>et</span> <span class='ocrx_word' id='word_1_410' title='bbox 1572 327 1722 358; x_wconf 87' lang='lat' dir='ltr'>accendit</span> <span class='ocrx_word' id='word_1_411' title='bbox 1749 337 1858 358; x_wconf 83' lang='lat' dir='ltr'>motus</span> <span class='ocrx_word' id='word_1_412' title='bbox 1883 329 2000 365; x_wconf 81' lang='lat' dir='ltr'>bonos,</span> <span class='ocrx_word' id='word_1_413' title='bbox 2031 327 2080 358; x_wconf 84' lang='lat' dir='ltr'>sic</span> <span class='ocrx_word' id='word_1_414' title='bbox 2110 334 2145 359; x_wconf 90' lang='lat' dir='ltr'>ut</span> <span class='ocrx_word' id='word_1_415' title='bbox 2167 329 2211 359; x_wconf 82' lang='lat' dir='ltr'>si-</span> 
     </span>
     <span class='ocr_line' id='line_1_57' title="bbox 1227 370 2212 413; baseline 0.002 -13"><span class='ocrx_word' id='word_1_416' title='bbox 1227 370 1295 400; x_wconf 91' lang='lat' dir='ltr'>mul</span> <span class='ocrx_word' id='word_1_417' title='bbox 1324 376 1452 401; x_wconf 86' lang='lat' dir='ltr'>mentes</span> <span class='ocrx_word' id='word_1_418' title='bbox 1484 371 1672 402; x_wconf 84' lang='lat' dir='ltr'>intueantur</span> <span class='ocrx_word' id='word_1_419' title='bbox 1706 370 1826 408; x_wconf 75' lang='lat' dir='ltr'>Deum,</span> <span class='ocrx_word' id='word_1_420' title='bbox 1859 377 1894 401; x_wconf 85' lang='lat' dir='ltr'>ut</span> <span class='ocrx_word' id='word_1_421' title='bbox 1929 372 2064 401; x_wconf 81' lang='lat' dir='ltr'>castitas</span> <span class='ocrx_word' id='word_1_422' title='bbox 2090 370 2212 413; x_wconf 83' lang='lat' dir='ltr'>loseph</span> 
     </span>
     <span class='ocr_line' id='line_1_58' title="bbox 1227 412 2212 456; baseline 0.002 -13"><span class='ocrx_word' id='word_1_423' title='bbox 1227 413 1333 444; x_wconf 85' lang='lat' dir='ltr'>differt</span> <span class='ocrx_word' id='word_1_424' title='bbox 1357 424 1377 444; x_wconf 87' lang='lat' dir='ltr'>a</span> <span class='ocrx_word' id='word_1_425' title='bbox 1409 414 1563 444; x_wconf 86' lang='lat' dir='ltr'>castitate</span> <span class='ocrx_word' id='word_1_426' title='bbox 1598 412 1776 454; x_wconf 87' lang='lat' dir='ltr'>Scipionis,</span> <span class='ocrx_word' id='word_1_427' title='bbox 1813 414 1889 456; x_wconf 82' lang='lat' dir='ltr'>quia</span> <span class='ocrx_word' id='word_1_428' title='bbox 1922 415 1954 444; x_wconf 88' lang='lat' dir='ltr'>in</span> <span class='ocrx_word' id='word_1_429' title='bbox 1989 414 2110 455; x_wconf 77' lang='lat' dir='ltr'>loseph</span> <span class='ocrx_word' id='word_1_430' title='bbox 2143 425 2212 445; x_wconf 88' lang='lat' dir='ltr'>non</span> 
     </span>
     <span class='ocr_line' id='line_1_59' title="bbox 1227 455 2211 498; baseline 0.001 -11"><span class='ocrx_word' id='word_1_431' title='bbox 1227 455 1333 487; x_wconf 83' lang='lat' dir='ltr'>solum</span> <span class='ocrx_word' id='word_1_432' title='bbox 1367 455 1539 497; x_wconf 86' lang='lat' dir='ltr'>praelucet</span> <span class='ocrx_word' id='word_1_433' title='bbox 1562 456 1660 487; x_wconf 75' lang='lat' dir='ltr'>Fides</span> <span class='ocrx_word' id='word_1_434' title='bbox 1695 467 1838 489; x_wconf 81' lang='lat' dir='ltr'>accensa</span> <span class='ocrx_word' id='word_1_435' title='bbox 1865 458 1968 488; x_wconf 88' lang='lat' dir='ltr'>verbo</span> <span class='ocrx_word' id='word_1_436' title='bbox 1996 457 2056 488; x_wconf 89' lang='lat' dir='ltr'>Dei</span> <span class='ocrx_word' id='word_1_437' title='bbox 2076 467 2136 498; x_wconf 89' lang='lat' dir='ltr'>per</span> <span class='ocrx_word' id='word_1_438' title='bbox 2158 458 2211 488; x_wconf 85' lang='lat' dir='ltr'>Fi-</span> 
     </span>
     <span class='ocr_line' id='line_1_60' title="bbox 1226 499 2212 541; baseline 0.002 -11"><span class='ocrx_word' id='word_1_439' title='bbox 1226 499 1317 537; x_wconf 76' lang='lat' dir='ltr'>lium,</span> <span class='ocrx_word' id='word_1_440' title='bbox 1352 500 1411 530; x_wconf 88' lang='lat' dir='ltr'>sed</span> <span class='ocrx_word' id='word_1_441' title='bbox 1446 500 1543 530; x_wconf 88' lang='lat' dir='ltr'>etiam</span> <span class='ocrx_word' id='word_1_442' title='bbox 1577 501 1608 530; x_wconf 94' lang='lat' dir='ltr'>in</span> <span class='ocrx_word' id='word_1_443' title='bbox 1644 501 1718 541; x_wconf 90' lang='lat' dir='ltr'>ipsa</span> <span class='ocrx_word' id='word_1_444' title='bbox 1752 501 1905 531; x_wconf 81' lang='lat' dir='ltr'>castitate</span> <span class='ocrx_word' id='word_1_445' title='bbox 1939 510 2032 530; x_wconf 88' lang='lat' dir='ltr'>mens</span> <span class='ocrx_word' id='word_1_446' title='bbox 2066 501 2212 532; x_wconf 86' lang='lat' dir='ltr'>intuetur</span> 
     </span>
     <span class='ocr_line' id='line_1_61' title="bbox 1226 542 2211 584; baseline 0.001 -11"><span class='ocrx_word' id='word_1_447' title='bbox 1226 542 1346 581; x_wconf 89' lang='lat' dir='ltr'>Deum,</span> <span class='ocrx_word' id='word_1_448' title='bbox 1380 543 1480 573; x_wconf 88' lang='lat' dir='ltr'>sentit</span> <span class='ocrx_word' id='word_1_449' title='bbox 1514 553 1550 573; x_wconf 89' lang='lat' dir='ltr'>se</span> <span class='ocrx_word' id='word_1_450' title='bbox 1580 544 1621 573; x_wconf 89' lang='lat' dir='ltr'>ab</span> <span class='ocrx_word' id='word_1_451' title='bbox 1652 552 1691 574; x_wconf 90' lang='lat' dir='ltr'>eo</span> <span class='ocrx_word' id='word_1_452' title='bbox 1729 544 1797 584; x_wconf 83' lang='lat' dir='ltr'>regi</span> <span class='ocrx_word' id='word_1_453' title='bbox 1834 550 1865 574; x_wconf 87' lang='lat' dir='ltr'>et</span> <span class='ocrx_word' id='word_1_454' title='bbox 1889 543 2090 581; x_wconf 81' lang='lat' dir='ltr'>contii-mari,</span> <span class='ocrx_word' id='word_1_455' title='bbox 2126 543 2211 575; x_wconf 88' lang='lat' dir='ltr'>etei</span> 
     </span>
     <span class='ocr_line' id='line_1_62' title="bbox 1227 585 2211 628; baseline 0.002 -12"><span class='ocrx_word' id='word_1_456' title='bbox 1227 587 1450 627; x_wconf 84' lang='lat' dir='ltr'>obtemperat,</span> <span class='ocrx_word' id='word_1_457' title='bbox 1495 592 1525 617; x_wconf 92' lang='grc'>81</span> <span class='ocrx_word' id='word_1_458' title='bbox 1571 587 1681 628; x_wconf 65' lang='lat' dir='ltr'>dirigit</span> <span class='ocrx_word' id='word_1_459' title='bbox 1722 587 1941 617; x_wconf 83' lang='lat' dir='ltr'>obedientiam</span> <span class='ocrx_word' id='word_1_460' title='bbox 1982 587 2025 617; x_wconf 84' lang='lat' dir='ltr'>ad</span> <span class='ocrx_word' id='word_1_461' title='bbox 2070 585 2211 628; x_wconf 83' lang='lat' dir='ltr'>gloriam</span> 
     </span>
     <span class='ocr_line' id='line_1_63' title="bbox 1226 629 1391 660; baseline 0.006 -1"><span class='ocrx_word' id='word_1_462' title='bbox 1226 630 1296 660; x_wconf 73' lang='lat' dir='ltr'>veri</span> <span class='ocrx_word' id='word_1_463' title='bbox 1316 629 1391 660; x_wconf 91' lang='lat' dir='ltr'>Dei.</span> 
     </span>
    </p>

    <p class='ocr_par' dir='ltr' id='par_1_9' title="bbox 1197 829 1199 860">
     <span class='ocr_line' id='line_1_64' title="bbox 1197 829 1199 844; baseline 0 0"><span class='ocrx_word' id='word_1_464' title='bbox 1197 829 1199 844; x_wconf 99' lang='grc' dir='ltr'>Ι</span> 
     </span>
     <span class='ocr_line' id='line_1_65' title="bbox 1197 848 1199 860; baseline 0 0"><span class='ocrx_word' id='word_1_465' title='bbox 1197 848 1199 860; x_wconf 98' lang='grc' dir='ltr'>Ι</span> 
     </span>
    </p>
   </div>
   <div class='ocr_carea' id='block_1_9' title="bbox 1223 713 2212 1486">
    <p class='ocr_par' dir='ltr' id='par_1_10' title="bbox 1223 713 2212 1486">
     <span class='ocr_line' id='line_1_66' title="bbox 1310 713 2211 756; baseline 0.003 -12"><span class='ocrx_word' id='word_1_466' title='bbox 1310 713 1462 745; x_wconf 84' lang='lat' dir='ltr'>Recitavi</span> <span class='ocrx_word' id='word_1_467' title='bbox 1486 714 1670 745; x_wconf 86' lang='lat' dir='ltr'>doctrinam</span> <span class='ocrx_word' id='word_1_468' title='bbox 1696 715 1848 745; x_wconf 83' lang='lat' dir='ltr'>traditam</span> <span class='ocrx_word' id='word_1_469' title='bbox 1872 715 1904 745; x_wconf 93' lang='lat' dir='ltr'>in</span> <span class='ocrx_word' id='word_1_470' title='bbox 1928 713 2098 756; x_wconf 69' lang='lat' dir='ltr'>symbolis</span> <span class='ocrx_word' id='word_1_471' title='bbox 2121 715 2211 756; x_wconf 89' lang='lat' dir='ltr'>Apo-</span> 
     </span>
     <span class='ocr_line' id='line_1_67' title="bbox 1225 756 2212 800; baseline 0.003 -13"><span class='ocrx_word' id='word_1_472' title='bbox 1225 756 1346 787; x_wconf 88' lang='lat' dir='ltr'>stolico</span> <span class='ocrx_word' id='word_1_473' title='bbox 1381 763 1414 788; x_wconf 86' lang='grc'>81</span> <span class='ocrx_word' id='word_1_474' title='bbox 1447 757 1589 793; x_wconf 81' lang='grc' dir='ltr'><strong>Ν108110,</strong></span> <span class='ocrx_word' id='word_1_475' title='bbox 1625 764 1655 788; x_wconf 90' lang='grc'>81</span> <span class='ocrx_word' id='word_1_476' title='bbox 1691 759 1723 788; x_wconf 89' lang='grc'>111</span> <span class='ocrx_word' id='word_1_477' title='bbox 1759 757 1920 800; x_wconf 61' lang='lat' dir='ltr'>Symbolo</span> <span class='ocrx_word' id='word_1_478' title='bbox 1957 757 2144 796; x_wconf 80' lang='lat' dir='ltr'>Athanasii,</span> <span class='ocrx_word' id='word_1_479' title='bbox 2178 763 2212 790; x_wconf 85' lang='lat' dir='ltr'>et</span> 
     </span>
     <span class='ocr_line' id='line_1_68' title="bbox 1224 800 2210 841; baseline 0.001 -10"><span class='ocrx_word' id='word_1_480' title='bbox 1224 801 1308 831; x_wconf 85' lang='lat' dir='ltr'>hacc</span> <span class='ocrx_word' id='word_1_481' title='bbox 1331 802 1383 841; x_wconf 85' lang='lat' dir='ltr'>pie</span> <span class='ocrx_word' id='word_1_482' title='bbox 1407 810 1458 831; x_wconf 90' lang='lat' dir='ltr'>me</span> <span class='ocrx_word' id='word_1_483' title='bbox 1481 800 1635 841; x_wconf 80' lang='lat' dir='ltr'>amplecti</span> <span class='ocrx_word' id='word_1_484' title='bbox 1658 801 1802 832; x_wconf 78' lang='lat' dir='ltr'>affirmo.</span> <span class='ocrx_word' id='word_1_485' title='bbox 1848 801 1978 832; x_wconf 88' lang='lat' dir='ltr'>Damno</span> <span class='ocrx_word' id='word_1_486' title='bbox 2003 809 2112 832; x_wconf 82' lang='lat' dir='ltr'>autem</span> <span class='ocrx_word' id='word_1_487' title='bbox 2131 811 2210 832; x_wconf 91' lang='lat' dir='ltr'>con-</span> 
     </span>
     <span class='ocr_line' id='line_1_69' title="bbox 1225 844 2210 886; baseline 0.002 -13"><span class='ocrx_word' id='word_1_488' title='bbox 1225 844 1346 874; x_wconf 80' lang='lat' dir='ltr'>trarios</span> <span class='ocrx_word' id='word_1_489' title='bbox 1371 853 1503 874; x_wconf 85' lang='lat' dir='ltr'>errores</span> <span class='ocrx_word' id='word_1_490' title='bbox 1528 854 1655 882; x_wconf 81' lang='lat' dir='ltr'>onmes,</span> <span class='ocrx_word' id='word_1_491' title='bbox 1679 845 1732 886; x_wconf 87' lang='lat' dir='ltr'>qui</span> <span class='ocrx_word' id='word_1_492' title='bbox 1758 856 1830 875; x_wconf 83' lang='grc'><strong>011111</strong></span> <span class='ocrx_word' id='word_1_493' title='bbox 1855 846 1920 875; x_wconf 86' lang='lat' dir='ltr'>sint</span> <span class='ocrx_word' id='word_1_494' title='bbox 1941 844 2044 883; x_wconf 86' lang='lat' dir='ltr'>multi,</span> <span class='ocrx_word' id='word_1_495' title='bbox 2068 855 2210 876; x_wconf 86' lang='lat' dir='ltr'>necesse</span> 
     </span>
     <span class='ocr_line' id='line_1_70' title="bbox 1225 887 2210 928; baseline 0.001 -11"><span class='ocrx_word' id='word_1_496' title='bbox 1225 893 1277 917; x_wconf 87' lang='lat' dir='ltr'>est</span> <span class='ocrx_word' id='word_1_497' title='bbox 1300 897 1360 917; x_wconf 85' lang='lat' dir='ltr'>eos</span> <span class='ocrx_word' id='word_1_498' title='bbox 1384 888 1608 925; x_wconf 80' lang='lat' dir='ltr'>considerare,</span> <span class='ocrx_word' id='word_1_499' title='bbox 1640 894 1673 917; x_wconf 88' lang='lat' dir='ltr'>ut</span> <span class='ocrx_word' id='word_1_500' title='bbox 1697 889 1891 928; x_wconf 88' lang='lat' dir='ltr'>praemuniti</span> <span class='ocrx_word' id='word_1_501' title='bbox 1917 887 2026 919; x_wconf 89' lang='lat' dir='ltr'>Deum</span> <span class='ocrx_word' id='word_1_502' title='bbox 2049 898 2128 918; x_wconf 82' lang='lat' dir='ltr'>vere</span> <span class='ocrx_word' id='word_1_503' title='bbox 2162 888 2210 919; x_wconf 92' lang='lat' dir='ltr'>in-</span> 
     </span>
     <span class='ocr_line' id='line_1_71' title="bbox 1224 929 2212 968; baseline 0.002 -8"><span class='ocrx_word' id='word_1_504' title='bbox 1224 940 1383 961; x_wconf 76' lang='lat' dir='ltr'>vocemus</span> <span class='ocrx_word' id='word_1_505' title='bbox 1408 936 1439 960; x_wconf 88' lang='lat' dir='ltr'>et</span> <span class='ocrx_word' id='word_1_506' title='bbox 1464 929 1684 968; x_wconf 76' lang='lat' dir='ltr'>celebremus,</span> <span class='ocrx_word' id='word_1_507' title='bbox 1720 938 1752 962; x_wconf 87' lang='lat' dir='ltr'>et</span> <span class='ocrx_word' id='word_1_508' title='bbox 1786 939 1933 962; x_wconf 86' lang='lat' dir='ltr'>nostram</span> <span class='ocrx_word' id='word_1_509' title='bbox 1967 931 2212 962; x_wconf 77' lang='lat' dir='ltr'>invocationem</span> 
     </span>
     <span class='ocr_line' id='line_1_72' title="bbox 1225 973 2209 1015; baseline 0.001 -12"><span class='ocrx_word' id='word_1_510' title='bbox 1225 983 1387 1012; x_wconf 76' lang='lat' dir='ltr'>expresse</span> <span class='ocrx_word' id='word_1_511' title='bbox 1411 974 1452 1003; x_wconf 81' lang='lat' dir='ltr'>ab</span> <span class='ocrx_word' id='word_1_512' title='bbox 1476 973 1626 1004; x_wconf 78' lang='lat' dir='ltr'>Ethnicis</span> <span class='ocrx_word' id='word_1_513' title='bbox 1651 981 1679 1004; x_wconf 89' lang='lat' dir='ltr'>et</span> <span class='ocrx_word' id='word_1_514' title='bbox 1707 976 1748 1004; x_wconf 87' lang='lat' dir='ltr'>ab</span> <span class='ocrx_word' id='word_1_515' title='bbox 1773 974 1958 1005; x_wconf 73' lang='lat' dir='ltr'>Haeretici-s</span> <span class='ocrx_word' id='word_1_516' title='bbox 1983 975 2209 1015; x_wconf 82' lang='lat' dir='ltr'>seiungamus,</span> 
     </span>
     <span class='ocr_line' id='line_1_73' title="bbox 1225 1016 2211 1058; baseline 0.001 -12"><span class='ocrx_word' id='word_1_517' title='bbox 1225 1017 1301 1057; x_wconf 89' lang='lat' dir='ltr'>qnia</span> <span class='ocrx_word' id='word_1_518' title='bbox 1324 1017 1429 1047; x_wconf 88' lang='lat' dir='ltr'>onmis</span> <span class='ocrx_word' id='word_1_519' title='bbox 1463 1017 1651 1053; x_wconf 71' lang='lat' dir='ltr'>invocatio,</span> <span class='ocrx_word' id='word_1_520' title='bbox 1686 1024 1771 1058; x_wconf 85' lang='lat' dir='ltr'>qnae</span> <span class='ocrx_word' id='word_1_521' title='bbox 1795 1028 1814 1047; x_wconf 90' lang='lat' dir='ltr'>a</span> <span class='ocrx_word' id='word_1_522' title='bbox 1845 1028 1925 1048; x_wconf 88' lang='lat' dir='ltr'>vero</span> <span class='ocrx_word' id='word_1_523' title='bbox 1956 1016 2031 1048; x_wconf 90' lang='lat' dir='ltr'>Deo</span> <span class='ocrx_word' id='word_1_524' title='bbox 2066 1019 2211 1055; x_wconf 85' lang='lat' dir='ltr'>aberrat,</span> 
     </span>
     <span class='ocr_line' id='line_1_74' title="bbox 1224 1058 2209 1096; baseline 0.001 -7"><span class='ocrx_word' id='word_1_525' title='bbox 1224 1065 1275 1090; x_wconf 84' lang='lat' dir='ltr'>est</span> <span class='ocrx_word' id='word_1_526' title='bbox 1308 1061 1416 1090; x_wconf 84' lang='lat' dir='ltr'>cultus</span> <span class='ocrx_word' id='word_1_527' title='bbox 1451 1058 1548 1096; x_wconf 80' lang='grc'><strong>111011,</strong></span> <span class='ocrx_word' id='word_1_528' title='bbox 1586 1060 1677 1090; x_wconf 78' lang='lat' dir='ltr'>iuxta</span> <span class='ocrx_word' id='word_1_529' title='bbox 1713 1061 1852 1091; x_wconf 85' lang='lat' dir='ltr'>dictum:</span> <span class='ocrx_word' id='word_1_530' title='bbox 1888 1060 2066 1091; x_wconf 89' lang='lat' dir='ltr'>Dominum</span> <span class='ocrx_word' id='word_1_531' title='bbox 2103 1059 2209 1091; x_wconf 89' lang='lat' dir='ltr'>Deum</span> 
     </span>
     <span class='ocr_line' id='line_1_75' title="bbox 1223 1101 2206 1144; baseline 0.001 -12"><span class='ocrx_word' id='word_1_532' title='bbox 1223 1109 1329 1140; x_wconf 82' lang='lat' dir='ltr'>tuum,</span> <span class='ocrx_word' id='word_1_533' title='bbox 1361 1103 1393 1132; x_wconf 92' lang='lat' dir='ltr'>id</span> <span class='ocrx_word' id='word_1_534' title='bbox 1417 1109 1480 1140; x_wconf 78' lang='lat' dir='ltr'>est,</span> <span class='ocrx_word' id='word_1_535' title='bbox 1511 1103 1567 1133; x_wconf 82' lang='lat' dir='ltr'>tibi</span> <span class='ocrx_word' id='word_1_536' title='bbox 1591 1101 1793 1143; x_wconf 79' lang='lat' dir='ltr'>patefactum</span> <span class='ocrx_word' id='word_1_537' title='bbox 1817 1104 1848 1133; x_wconf 91' lang='lat' dir='ltr'>in</span> <span class='ocrx_word' id='word_1_538' title='bbox 1874 1104 1978 1134; x_wconf 85' lang='lat' dir='ltr'>verbo</span> <span class='ocrx_word' id='word_1_539' title='bbox 2002 1103 2123 1134; x_wconf 87' lang='lat' dir='ltr'>tradito</span> <span class='ocrx_word' id='word_1_540' title='bbox 2147 1113 2206 1144; x_wconf 86' lang='lat' dir='ltr'>per</span> 
     </span>
     <span class='ocr_line' id='line_1_76' title="bbox 1224 1144 2210 1187; baseline 0 -11"><span class='ocrx_word' id='word_1_541' title='bbox 1224 1145 1340 1176; x_wconf 87' lang='lat' dir='ltr'>Patres</span> <span class='ocrx_word' id='word_1_542' title='bbox 1365 1151 1397 1176; x_wconf 92' lang='lat' dir='ltr'>et</span> <span class='ocrx_word' id='word_1_543' title='bbox 1420 1145 1618 1186; x_wconf 64' lang='lat' dir='ltr'>Prophetas,</span> <span class='ocrx_word' id='word_1_544' title='bbox 1641 1145 1759 1177; x_wconf 86' lang='lat' dir='ltr'>Filium</span> <span class='ocrx_word' id='word_1_545' title='bbox 1784 1152 1815 1176; x_wconf 92' lang='lat' dir='ltr'>et</span> <span class='ocrx_word' id='word_1_546' title='bbox 1834 1144 2016 1187; x_wconf 72' lang='lat' dir='ltr'>Apostolos</span> <span class='ocrx_word' id='word_1_547' title='bbox 2039 1146 2210 1184; x_wconf 71' lang='lat' dir='ltr'>adorabis,</span> 
     </span>
     <span class='ocr_line' id='line_1_77' title="bbox 1224 1188 2209 1227; baseline 0 -8"><span class='ocrx_word' id='word_1_548' title='bbox 1224 1195 1255 1219; x_wconf 85' lang='lat' dir='ltr'>et</span> <span class='ocrx_word' id='word_1_549' title='bbox 1279 1189 1307 1219; x_wconf 89' lang='lat' dir='ltr'>ei</span> <span class='ocrx_word' id='word_1_550' title='bbox 1331 1188 1395 1219; x_wconf 83' lang='lat' dir='ltr'>soli</span> <span class='ocrx_word' id='word_1_551' title='bbox 1420 1190 1560 1219; x_wconf 86' lang='lat' dir='ltr'>servies.</span> <span class='ocrx_word' id='word_1_552' title='bbox 1597 1188 1688 1227; x_wconf 81' lang='lat' dir='ltr'>ltem,</span> <span class='ocrx_word' id='word_1_553' title='bbox 1712 1199 1778 1219; x_wconf 89' lang='lat' dir='ltr'>non</span> <span class='ocrx_word' id='word_1_554' title='bbox 1798 1189 1938 1220; x_wconf 79' lang='lat' dir='ltr'>habebis</span> <span class='ocrx_word' id='word_1_555' title='bbox 1962 1188 2056 1220; x_wconf 89' lang='lat' dir='ltr'>Deos</span> <span class='ocrx_word' id='word_1_556' title='bbox 2081 1188 2209 1220; x_wconf 88' lang='lat' dir='ltr'>alienos</span> 
     </span>
     <span class='ocr_line' id='line_1_78' title="bbox 1225 1231 2211 1270; baseline 0 -8"><span class='ocrx_word' id='word_1_557' title='bbox 1225 1242 1338 1263; x_wconf 83' lang='lat' dir='ltr'>coram</span> <span class='ocrx_word' id='word_1_558' title='bbox 1373 1243 1434 1263; x_wconf 84' lang='lat' dir='ltr'>me.</span> <span class='ocrx_word' id='word_1_559' title='bbox 1485 1232 1576 1270; x_wconf 88' lang='lat' dir='ltr'>ltem,</span> <span class='ocrx_word' id='word_1_560' title='bbox 1613 1232 1675 1267; x_wconf 86' lang='lat' dir='ltr'>Qui</span> <span class='ocrx_word' id='word_1_561' title='bbox 1711 1243 1776 1263; x_wconf 85' lang='lat' dir='ltr'>non</span> <span class='ocrx_word' id='word_1_562' title='bbox 1812 1231 1954 1263; x_wconf 82' lang='lat' dir='ltr'>honorat</span> <span class='ocrx_word' id='word_1_563' title='bbox 1978 1231 2108 1270; x_wconf 78' lang='lat' dir='ltr'>filium,</span> <span class='ocrx_word' id='word_1_564' title='bbox 2142 1242 2211 1263; x_wconf 90' lang='grc'><strong>1100</strong></span> 
     </span>
     <span class='ocr_line' id='line_1_79' title="bbox 1223 1274 2210 1314; baseline 0 -8"><span class='ocrx_word' id='word_1_565' title='bbox 1223 1275 1365 1306; x_wconf 81' lang='lat' dir='ltr'>honorat</span> <span class='ocrx_word' id='word_1_566' title='bbox 1400 1275 1543 1306; x_wconf 80' lang='lat' dir='ltr'>Patrem.</span> <span class='ocrx_word' id='word_1_567' title='bbox 1600 1275 1697 1314; x_wconf 87' lang='grc'><strong>118111,</strong></span> <span class='ocrx_word' id='word_1_568' title='bbox 1735 1276 1840 1306; x_wconf 65' lang='lat' dir='ltr'>Nemo</span> <span class='ocrx_word' id='word_1_569' title='bbox 1875 1276 1966 1306; x_wconf 85' lang='lat' dir='ltr'>venit</span> <span class='ocrx_word' id='word_1_570' title='bbox 2001 1275 2044 1306; x_wconf 83' lang='lat' dir='ltr'>ad</span> <span class='ocrx_word' id='word_1_571' title='bbox 2077 1274 2210 1307; x_wconf 83' lang='lat' dir='ltr'>Patrem</span> 
     </span>
     <span class='ocr_line' id='line_1_80' title="bbox 1223 1317 2211 1360; baseline 0 -11"><span class='ocrx_word' id='word_1_572' title='bbox 1223 1319 1286 1349; x_wconf 58' lang='lat' dir='ltr'>nisi</span> <span class='ocrx_word' id='word_1_573' title='bbox 1309 1328 1369 1359; x_wconf 85' lang='lat' dir='ltr'>per</span> <span class='ocrx_word' id='word_1_574' title='bbox 1392 1318 1522 1349; x_wconf 74' lang='lat' dir='ltr'>Filium.</span> <span class='ocrx_word' id='word_1_575' title='bbox 1569 1318 1662 1356; x_wconf 86' lang='lat' dir='ltr'>Item,</span> <span class='ocrx_word' id='word_1_576' title='bbox 1699 1317 1861 1360; x_wconf 88' lang='lat' dir='ltr'>Quicquid</span> <span class='ocrx_word' id='word_1_577' title='bbox 1891 1319 2052 1359; x_wconf 82' lang='lat' dir='ltr'>petieritis</span> <span class='ocrx_word' id='word_1_578' title='bbox 2076 1318 2211 1349; x_wconf 88' lang='lat' dir='ltr'>Patrem</span> 
     </span>
     <span class='ocr_line' id='line_1_81' title="bbox 1224 1361 2209 1399; baseline -0.001 -7"><span class='ocrx_word' id='word_1_579' title='bbox 1224 1362 1255 1392; x_wconf 76' lang='grc'>11;</span> <span class='ocrx_word' id='word_1_580' title='bbox 1290 1362 1420 1392; x_wconf 85' lang='lat' dir='ltr'>nomine</span> <span class='ocrx_word' id='word_1_581' title='bbox 1456 1372 1546 1399; x_wconf 81' lang='lat' dir='ltr'>meo,</span> <span class='ocrx_word' id='word_1_582' title='bbox 1581 1362 1672 1392; x_wconf 87' lang='lat' dir='ltr'>dabit</span> <span class='ocrx_word' id='word_1_583' title='bbox 1706 1363 1814 1393; x_wconf 83' lang='lat' dir='ltr'>vobis.</span> <span class='ocrx_word' id='word_1_584' title='bbox 1874 1361 1955 1392; x_wconf 89' lang='lat' dir='ltr'>ltem</span> <span class='ocrx_word' id='word_1_585' title='bbox 1987 1362 2014 1393; x_wconf 88' lang='lat' dir='ltr'>l.</span> <span class='ocrx_word' id='word_1_586' title='bbox 2046 1361 2209 1392; x_wconf 80' lang='lat' dir='ltr'>lohan.2.</span> 
     </span>
     <span class='ocr_line' id='line_1_82' title="bbox 1224 1403 2210 1446; baseline 0 -11"><span class='ocrx_word' id='word_1_587' title='bbox 1224 1405 1287 1440; x_wconf 78' lang='lat' dir='ltr'>Qui</span> <span class='ocrx_word' id='word_1_588' title='bbox 1311 1411 1410 1446; x_wconf 86' lang='lat' dir='ltr'>negat</span> <span class='ocrx_word' id='word_1_589' title='bbox 1445 1403 1571 1442; x_wconf 76' lang='lat' dir='ltr'>Filium,</span> <span class='ocrx_word' id='word_1_590' title='bbox 1607 1415 1670 1435; x_wconf 89' lang='lat' dir='ltr'>nec</span> <span class='ocrx_word' id='word_1_591' title='bbox 1694 1405 1827 1436; x_wconf 83' lang='lat' dir='ltr'>Patrem</span> <span class='ocrx_word' id='word_1_592' title='bbox 1849 1404 1962 1436; x_wconf 87' lang='lat' dir='ltr'>habet.</span> <span class='ocrx_word' id='word_1_593' title='bbox 2005 1404 2096 1442; x_wconf 84' lang='grc'><strong>11801,</strong></span> <span class='ocrx_word' id='word_1_594' title='bbox 2121 1403 2210 1439; x_wconf 85' lang='lat' dir='ltr'>Quo·</span> 
     </span>
     <span class='ocr_line' id='line_1_83' title="bbox 1223 1448 1821 1486; baseline -0.002 -7"><span class='ocrx_word' id='word_1_595' title='bbox 1223 1449 1321 1479; x_wconf 90' lang='lat' dir='ltr'>modo</span> <span class='ocrx_word' id='word_1_596' title='bbox 1345 1449 1562 1486; x_wconf 79' lang='lat' dir='ltr'>invocabunt,</span> <span class='ocrx_word' id='word_1_597' title='bbox 1585 1448 1650 1478; x_wconf 91' lang='lat' dir='ltr'>nisi</span> <span class='ocrx_word' id='word_1_598' title='bbox 1674 1448 1821 1479; x_wconf 89' lang='lat' dir='ltr'>credent.</span> 
     </span>
    </p>
   </div>
   <div class='ocr_carea' id='block_1_10' title="bbox 1194 1532 2210 1833">
    <p class='ocr_par' dir='ltr' id='par_1_11' title="bbox 1310 1532 2210 1570">
     <span class='ocr_line' id='line_1_84' title="bbox 1310 1532 2210 1570; baseline -0.002 -5"><span class='ocrx_word' id='word_1_599' title='bbox 1310 1534 1404 1565; x_wconf 83' lang='lat' dir='ltr'>Haec</span> <span class='ocrx_word' id='word_1_600' title='bbox 1448 1534 1537 1565; x_wconf 87' lang='lat' dir='ltr'>dicta</span> <span class='ocrx_word' id='word_1_601' title='bbox 1578 1533 1687 1564; x_wconf 85' lang='lat' dir='ltr'>omnia</span> <span class='ocrx_word' id='word_1_602' title='bbox 1725 1532 2024 1565; x_wconf 84' lang='lat' dir='ltr'>commonefaciunt</span> <span class='ocrx_word' id='word_1_603' title='bbox 2052 1543 2134 1570; x_wconf 87' lang='grc'><strong>005,</strong></span> <span class='ocrx_word' id='word_1_604' title='bbox 2173 1538 2210 1564; x_wconf 89' lang='lat' dir='ltr'>ut</span> 
     </span>
    </p>

    <p class='ocr_par' dir='ltr' id='par_1_12' title="bbox 1225 1576 2209 1618">
     <span class='ocr_line' id='line_1_85' title="bbox 1225 1576 2209 1618; baseline -0.002 -9"><span class='ocrx_word' id='word_1_605' title='bbox 1225 1578 1404 1615; x_wconf 85' lang='lat' dir='ltr'>discamus,</span> <span class='ocrx_word' id='word_1_606' title='bbox 1429 1577 1596 1618; x_wconf 88' lang='lat' dir='ltr'>quomodo</span> <span class='ocrx_word' id='word_1_607' title='bbox 1611 1576 1782 1608; x_wconf 75' lang='lat' dir='ltr'>invocatio</span> <span class='ocrx_word' id='word_1_608' title='bbox 1807 1578 1848 1607; x_wconf 90' lang='lat' dir='ltr'>ad</span> <span class='ocrx_word' id='word_1_609' title='bbox 1873 1588 1987 1608; x_wconf 83' lang='lat' dir='ltr'>verum</span> <span class='ocrx_word' id='word_1_610' title='bbox 2000 1576 2109 1608; x_wconf 89' lang='lat' dir='ltr'>Deum</span> <span class='ocrx_word' id='word_1_611' title='bbox 2134 1576 2209 1607; x_wconf 81' lang='lat' dir='ltr'>diri-</span> 
     </span>
    </p>

    <p class='ocr_par' dir='ltr' id='par_1_13' title="bbox 1194 1619 2210 1663">
     <span class='ocr_line' id='line_1_86' title="bbox 1194 1619 2210 1663; baseline -0.001 -12"><span class='ocrx_word' id='word_1_612' title='bbox 1194 1621 1198 1630; x_wconf 93' lang='lat'>&#39;</span> <span class='ocrx_word' id='word_1_613' title='bbox 1224 1621 1333 1663; x_wconf 85' lang='lat' dir='ltr'>genda</span> <span class='ocrx_word' id='word_1_614' title='bbox 1356 1621 1415 1657; x_wconf 77' lang='lat' dir='ltr'>sit,</span> <span class='ocrx_word' id='word_1_615' title='bbox 1440 1626 1471 1650; x_wconf 88' lang='lat' dir='ltr'>ct</span> <span class='ocrx_word' id='word_1_616' title='bbox 1494 1620 1700 1661; x_wconf 67' lang='lat' dir='ltr'>seiunge-ida</span> <span class='ocrx_word' id='word_1_617' title='bbox 1724 1621 1766 1651; x_wconf 89' lang='lat' dir='ltr'>ab</span> <span class='ocrx_word' id='word_1_618' title='bbox 1790 1619 2006 1651; x_wconf 87' lang='lat' dir='ltr'>Ethnicorum</span> <span class='ocrx_word' id='word_1_619' title='bbox 2031 1626 2063 1651; x_wconf 89' lang='lat' dir='ltr'>et</span> <span class='ocrx_word' id='word_1_620' title='bbox 2087 1619 2210 1650; x_wconf 83' lang='lat' dir='ltr'>Haere-</span> 
     </span>
    </p>

    <p class='ocr_par' dir='ltr' id='par_1_14' title="bbox 1224 1662 2207 1704">
     <span class='ocr_line' id='line_1_87' title="bbox 1224 1662 2207 1704; baseline -0.002 -10"><span class='ocrx_word' id='word_1_621' title='bbox 1224 1665 1363 1695; x_wconf 87' lang='lat' dir='ltr'>ticorum</span> <span class='ocrx_word' id='word_1_622' title='bbox 1387 1663 1609 1701; x_wconf 83' lang='lat' dir='ltr'>invocatione,</span> <span class='ocrx_word' id='word_1_623' title='bbox 1633 1663 1673 1703; x_wconf 86' lang='lat' dir='ltr'>de</span> <span class='ocrx_word' id='word_1_624' title='bbox 1697 1674 1763 1704; x_wconf 82' lang='lat' dir='ltr'>qua</span> <span class='ocrx_word' id='word_1_625' title='bbox 1785 1664 1817 1694; x_wconf 92' lang='lat' dir='ltr'>in</span> <span class='ocrx_word' id='word_1_626' title='bbox 1843 1662 1975 1694; x_wconf 80' lang='lat' dir='ltr'>Psalmo</span> <span class='ocrx_word' id='word_1_627' title='bbox 1999 1663 2047 1693; x_wconf 89' lang='grc'>16.</span> <span class='ocrx_word' id='word_1_628' title='bbox 2072 1663 2207 1694; x_wconf 87' lang='lat' dir='ltr'>dicitur:</span> 
     </span>
    </p>

    <p class='ocr_par' dir='ltr' id='par_1_15' title="bbox 1224 1705 2209 1748">
     <span class='ocr_line' id='line_1_88' title="bbox 1224 1705 2209 1748; baseline -0.002 -11"><span class='ocrx_word' id='word_1_629' title='bbox 1224 1706 1329 1738; x_wconf 80' lang='lat' dir='ltr'>Multa</span> <span class='ocrx_word' id='word_1_630' title='bbox 1353 1713 1428 1737; x_wconf 89' lang='lat' dir='ltr'>sunt</span> <span class='ocrx_word' id='word_1_631' title='bbox 1441 1705 1530 1738; x_wconf 87' lang='lat' dir='ltr'>Idola</span> <span class='ocrx_word' id='word_1_632' title='bbox 1550 1716 1676 1743; x_wconf 88' lang='lat' dir='ltr'>eorum,</span> <span class='ocrx_word' id='word_1_633' title='bbox 1699 1712 1775 1747; x_wconf 82' lang='lat' dir='ltr'>post</span> <span class='ocrx_word' id='word_1_634' title='bbox 1799 1717 1883 1748; x_wconf 87' lang='lat' dir='ltr'>quae</span> <span class='ocrx_word' id='word_1_635' title='bbox 1907 1705 2110 1744; x_wconf 87' lang='lat' dir='ltr'>accelerant,</span> <span class='ocrx_word' id='word_1_636' title='bbox 2132 1705 2209 1736; x_wconf 85' lang='lat' dir='ltr'>Non</span> 
     </span>
    </p>

    <p class='ocr_par' dir='ltr' id='par_1_16' title="bbox 1194 1749 2209 2041">
     <span class='ocr_line' id='line_1_89' title="bbox 1222 1749 2209 1791; baseline -0.001 -11"><span class='ocrx_word' id='word_1_637' title='bbox 1222 1749 1335 1781; x_wconf 81' lang='lat' dir='ltr'>libabo</span> <span class='ocrx_word' id='word_1_638' title='bbox 1359 1749 1533 1781; x_wconf 86' lang='lat' dir='ltr'>libationes</span> <span class='ocrx_word' id='word_1_639' title='bbox 1557 1759 1671 1780; x_wconf 90' lang='lat' dir='ltr'>eorum</span> <span class='ocrx_word' id='word_1_640' title='bbox 1695 1750 1736 1780; x_wconf 90' lang='lat' dir='ltr'>de</span> <span class='ocrx_word' id='word_1_641' title='bbox 1759 1750 1932 1791; x_wconf 84' lang='lat' dir='ltr'>sanguine,</span> <span class='ocrx_word' id='word_1_642' title='bbox 1954 1759 2017 1780; x_wconf 87' lang='lat' dir='ltr'>nec</span> <span class='ocrx_word' id='word_1_643' title='bbox 2040 1758 2209 1785; x_wconf 86' lang='lat' dir='ltr'>assumam</span> 
     </span>
     <span class='ocr_line' id='line_1_90' title="bbox 1224 1791 1829 1833; baseline 0 -9"><span class='ocrx_word' id='word_1_644' title='bbox 1224 1794 1356 1824; x_wconf 88' lang='lat' dir='ltr'>nomina</span> <span class='ocrx_word' id='word_1_645' title='bbox 1380 1803 1495 1824; x_wconf 87' lang='lat' dir='ltr'>eorum</span> <span class='ocrx_word' id='word_1_646' title='bbox 1518 1803 1619 1833; x_wconf 86' lang='lat' dir='ltr'>super</span> <span class='ocrx_word' id='word_1_647' title='bbox 1638 1791 1727 1824; x_wconf 86' lang='lat' dir='ltr'>labia</span> <span class='ocrx_word' id='word_1_648' title='bbox 1745 1803 1829 1824; x_wconf 87' lang='lat' dir='ltr'>mea.</span> 
     </span>
    </p>
   </div>
   <div class='ocr_carea' id='block_1_11' title="bbox 1183 1876 2210 2695">
    <p class='ocr_par' dir='ltr' id='par_1_17' title="bbox 1223 1876 2210 2044">
     <span class='ocr_line' id='line_1_91' title="bbox 1310 1876 2210 1910; baseline -0.002 0"><span class='ocrx_word' id='word_1_649' title='bbox 1310 1878 1372 1910; x_wconf 85' lang='lat' dir='ltr'>Hic</span> <span class='ocrx_word' id='word_1_650' title='bbox 1407 1877 1497 1910; x_wconf 90' lang='lat' dir='ltr'>clare</span> <span class='ocrx_word' id='word_1_651' title='bbox 1532 1879 1665 1909; x_wconf 85' lang='lat' dir='ltr'>damnat</span> <span class='ocrx_word' id='word_1_652' title='bbox 1699 1879 1943 1910; x_wconf 75' lang='lat' dir='ltr'>invocationem</span> <span class='ocrx_word' id='word_1_653' title='bbox 1979 1883 2011 1909; x_wconf 86' lang='lat' dir='ltr'>et</span> <span class='ocrx_word' id='word_1_654' title='bbox 2044 1876 2210 1909; x_wconf 84' lang='lat' dir='ltr'>sacrificia</span> 
     </span>
     <span class='ocr_line' id='line_1_92' title="bbox 1224 1921 2210 1964; baseline -0.002 -11"><span class='ocrx_word' id='word_1_655' title='bbox 1224 1923 1367 1954; x_wconf 88' lang='lat' dir='ltr'>omnium</span> <span class='ocrx_word' id='word_1_656' title='bbox 1400 1921 1545 1953; x_wconf 89' lang='lat' dir='ltr'>hostium</span> <span class='ocrx_word' id='word_1_657' title='bbox 1575 1921 1762 1964; x_wconf 85' lang='lat' dir='ltr'>Evangelii.</span> <span class='ocrx_word' id='word_1_658' title='bbox 1808 1921 1987 1964; x_wconf 80' lang='lat' dir='ltr'>Legendae</span> <span class='ocrx_word' id='word_1_659' title='bbox 2009 1927 2086 1952; x_wconf 88' lang='lat' dir='ltr'>sunt</span> <span class='ocrx_word' id='word_1_660' title='bbox 2110 1921 2210 1963; x_wconf 86' lang='lat' dir='ltr'>igitur</span> 
     </span>
     <span class='ocr_line' id='line_1_93' title="bbox 1223 1964 2208 1999; baseline -0.002 -3"><span class='ocrx_word' id='word_1_661' title='bbox 1223 1966 1381 1997; x_wconf 81' lang='lat' dir='ltr'>historiae</span> <span class='ocrx_word' id='word_1_662' title='bbox 1406 1965 1622 1997; x_wconf 90' lang='lat' dir='ltr'>certaminum</span> <span class='ocrx_word' id='word_1_663' title='bbox 1646 1966 1678 1996; x_wconf 92' lang='lat' dir='ltr'>in</span> <span class='ocrx_word' id='word_1_664' title='bbox 1702 1964 1865 1996; x_wconf 76' lang='lat' dir='ltr'>Ecclesia.</span> <span class='ocrx_word' id='word_1_665' title='bbox 1913 1964 2052 1999; x_wconf 85' lang='lat' dir='ltr'>Quidam</span> <span class='ocrx_word' id='word_1_666' title='bbox 2075 1964 2208 1995; x_wconf 86' lang='lat' dir='ltr'>nomine</span> 
     </span>
     <span class='ocr_line' id='line_1_94' title="bbox 1223 2006 2207 2044; baseline -0.003 -4"><span class='ocrx_word' id='word_1_667' title='bbox 1223 2008 1422 2040; x_wconf 87' lang='lat' dir='ltr'>Valentinus</span> <span class='ocrx_word' id='word_1_668' title='bbox 1458 2007 1731 2039; x_wconf 83' lang='lat' dir='ltr'>innumerabilem</span> <span class='ocrx_word' id='word_1_669' title='bbox 1765 2009 1894 2039; x_wconf 87' lang='lat' dir='ltr'>turbam</span> <span class='ocrx_word' id='word_1_670' title='bbox 1919 2007 2069 2039; x_wconf 83' lang='lat' dir='ltr'>Deorum</span> <span class='ocrx_word' id='word_1_671' title='bbox 2103 2006 2207 2044; x_wconf 80' lang='lat' dir='ltr'>finxit,</span> 
     </span>
    </p>

    <p class='ocr_par' dir='ltr' id='par_1_18' title="bbox 1183 2045 2210 2695">
     <span class='ocr_line' id='line_1_95' title="bbox 1194 2045 1962 2099; baseline -0.005 -15"><span class='ocrx_word' id='word_1_672' title='bbox 1194 2045 1198 2099; x_wconf 75' lang='grc'>1</span> <span class='ocrx_word' id='word_1_673' title='bbox 1222 2052 1341 2084; x_wconf 89' lang='lat' dir='ltr'>ludens</span> <span class='ocrx_word' id='word_1_674' title='bbox 1365 2050 1559 2093; x_wconf 80' lang='lat' dir='ltr'>AllegoriiS,</span> <span class='ocrx_word' id='word_1_675' title='bbox 1583 2052 1669 2082; x_wconf 87' lang='lat' dir='ltr'>sicut</span> <span class='ocrx_word' id='word_1_676' title='bbox 1692 2058 1812 2092; x_wconf 83' lang='lat' dir='ltr'>poetae</span> <span class='ocrx_word' id='word_1_677' title='bbox 1835 2050 1962 2081; x_wconf 89' lang='lat' dir='ltr'>ludunt.</span> 
     </span>
     <span class='ocr_line' id='line_1_96' title="bbox 1195 2110 1196 2124; baseline 0 0"><span class='ocrx_word' id='word_1_678' title='bbox 1195 2110 1196 2124; x_wconf 77' lang='grc'>1</span> 
     </span>
     <span class='ocr_line' id='line_1_97' title="bbox 1194 2136 2209 2177; baseline -0.003 -8"><span class='ocrx_word' id='word_1_679' title='bbox 1194 2141 1196 2144; x_wconf 79' lang='grc'>’</span> <span class='ocrx_word' id='word_1_680' title='bbox 1308 2138 1461 2169; x_wconf 84' lang='lat' dir='ltr'>Marcion</span> <span class='ocrx_word' id='word_1_681' title='bbox 1495 2143 1527 2168; x_wconf 90' lang='grc'>81</span> <span class='ocrx_word' id='word_1_682' title='bbox 1562 2137 1680 2168; x_wconf 84' lang='lat' dir='ltr'>deinde</span> <span class='ocrx_word' id='word_1_683' title='bbox 1704 2136 1892 2168; x_wconf 81' lang='lat' dir='ltr'>Manichaei</span> <span class='ocrx_word' id='word_1_684' title='bbox 1926 2142 2108 2177; x_wconf 86' lang='lat' dir='ltr'>posuerunt</span> <span class='ocrx_word' id='word_1_685' title='bbox 2143 2136 2209 2167; x_wconf 90' lang='lat' dir='ltr'>duo</span> 
     </span>
     <span class='ocr_line' id='line_1_98' title="bbox 1220 2180 2210 2224; baseline -0.003 -11"><span class='ocrx_word' id='word_1_686' title='bbox 1220 2182 1381 2224; x_wconf 88' lang='lat' dir='ltr'>principia</span> <span class='ocrx_word' id='word_1_687' title='bbox 1416 2186 1554 2211; x_wconf 78' lang='lat' dir='ltr'>aeterna</span> <span class='ocrx_word' id='word_1_688' title='bbox 1588 2181 1769 2222; x_wconf 79' lang='lat' dir='ltr'>pugnantia</span> <span class='ocrx_word' id='word_1_689' title='bbox 1811 2181 1896 2211; x_wconf 86' lang='lat' dir='ltr'>inter</span> <span class='ocrx_word' id='word_1_690' title='bbox 1929 2190 1985 2217; x_wconf 89' lang='grc'>58,</span> <span class='ocrx_word' id='word_1_691' title='bbox 2022 2180 2143 2210; x_wconf 90' lang='lat' dir='ltr'>bonum</span> <span class='ocrx_word' id='word_1_692' title='bbox 2176 2183 2210 2210; x_wconf 82' lang='lat' dir='ltr'>et</span> 
     </span>
     <span class='ocr_line' id='line_1_99' title="bbox 1219 2222 2208 2263; baseline -0.005 -6"><span class='ocrx_word' id='word_1_693' title='bbox 1219 2225 1353 2263; x_wconf 86' lang='lat' dir='ltr'>malum,</span> <span class='ocrx_word' id='word_1_694' title='bbox 1379 2229 1410 2255; x_wconf 87' lang='grc'>81</span> <span class='ocrx_word' id='word_1_695' title='bbox 1434 2225 1643 2255; x_wconf 86' lang='lat' dir='ltr'>nominarunt</span> <span class='ocrx_word' id='word_1_696' title='bbox 1667 2223 1774 2255; x_wconf 87' lang='lat' dir='ltr'>lucem</span> <span class='ocrx_word' id='word_1_697' title='bbox 1795 2230 1824 2254; x_wconf 90' lang='lat' dir='ltr'>et</span> <span class='ocrx_word' id='word_1_698' title='bbox 1847 2222 1924 2261; x_wconf 74' lang='grc' dir='ltr'>ὕλην.</span> <span class='ocrx_word' id='word_1_699' title='bbox 1959 2222 2003 2253; x_wconf 93' lang='lat' dir='ltr'>Ut</span> <span class='ocrx_word' id='word_1_700' title='bbox 2026 2223 2113 2253; x_wconf 89' lang='lat' dir='ltr'>enim</span> <span class='ocrx_word' id='word_1_701' title='bbox 2131 2232 2208 2253; x_wconf 87' lang='lat' dir='ltr'>cau-</span> 
     </span>
     <span class='ocr_line' id='line_1_100' title="bbox 1219 2265 2208 2305; baseline -0.005 -5"><span class='ocrx_word' id='word_1_702' title='bbox 1219 2279 1290 2300; x_wconf 89' lang='lat' dir='ltr'>sam</span> <span class='ocrx_word' id='word_1_703' title='bbox 1315 2266 1390 2299; x_wconf 83' lang='lat' dir='ltr'>mali</span> <span class='ocrx_word' id='word_1_704' title='bbox 1414 2267 1643 2305; x_wconf 81' lang='lat' dir='ltr'>ostenderent,</span> <span class='ocrx_word' id='word_1_705' title='bbox 1668 2267 1834 2298; x_wconf 76' lang='lat' dir='ltr'>finxerunt</span> <span class='ocrx_word' id='word_1_706' title='bbox 1857 2278 1875 2297; x_wconf 91' lang='lat' dir='ltr'>a</span> <span class='ocrx_word' id='word_1_707' title='bbox 1900 2265 1976 2297; x_wconf 89' lang='lat' dir='ltr'>luce</span> <span class='ocrx_word' id='word_1_708' title='bbox 2000 2265 2078 2296; x_wconf 89' lang='lat' dir='ltr'>oriri</span> <span class='ocrx_word' id='word_1_709' title='bbox 2103 2265 2208 2296; x_wconf 81' lang='lat' dir='ltr'>bonas</span> 
     </span>
     <span class='ocr_line' id='line_1_101' title="bbox 1190 2307 2208 2352; baseline -0.005 -8"><span class='ocrx_word' id='word_1_710' title='bbox 1190 2315 1192 2352; x_wconf 75' lang='lat' dir='ltr'>j</span> <span class='ocrx_word' id='word_1_711' title='bbox 1217 2314 1369 2350; x_wconf 74' lang='lat' dir='ltr'>naturas,</span> <span class='ocrx_word' id='word_1_712' title='bbox 1393 2317 1427 2341; x_wconf 86' lang='lat' dir='ltr'>et</span> <span class='ocrx_word' id='word_1_713' title='bbox 1451 2312 1493 2341; x_wconf 90' lang='lat' dir='ltr'>ab</span> <span class='ocrx_word' id='word_1_714' title='bbox 1518 2310 1604 2352; x_wconf 63' lang='lat' dir='ltr'>Hyle</span> <span class='ocrx_word' id='word_1_715' title='bbox 1634 2309 1750 2341; x_wconf 88' lang='lat' dir='ltr'>malas.</span> <span class='ocrx_word' id='word_1_716' title='bbox 1797 2309 1921 2341; x_wconf 81' lang='lat' dir='ltr'>Postea</span> <span class='ocrx_word' id='word_1_717' title='bbox 1954 2307 2055 2340; x_wconf 87' lang='lat' dir='ltr'>multa</span> <span class='ocrx_word' id='word_1_718' title='bbox 2090 2307 2208 2343; x_wconf 88' lang='lat' dir='ltr'>delira-</span> 
     </span>
     <span class='ocr_line' id='line_1_102' title="bbox 1189 2350 2208 2392; baseline -0.004 -6"><span class='ocrx_word' id='word_1_719' title='bbox 1189 2353 1324 2386; x_wconf 71' lang='grc' dir='ltr'>Ι1118010</span> <span class='ocrx_word' id='word_1_720' title='bbox 1359 2355 1476 2385; x_wconf 87' lang='lat' dir='ltr'>Stoica</span> <span class='ocrx_word' id='word_1_721' title='bbox 1511 2354 1726 2392; x_wconf 88' lang='lat' dir='ltr'>addiderunt,</span> <span class='ocrx_word' id='word_1_722' title='bbox 1772 2353 1936 2384; x_wconf 84' lang='lat' dir='ltr'>finxerunt</span> <span class='ocrx_word' id='word_1_723' title='bbox 1971 2350 2208 2383; x_wconf 80' lang='lat' dir='ltr'>necessitatem</span> 
     </span>
     <span class='ocr_line' id='line_1_103' title="bbox 1188 2380 2208 2437; baseline -0.004 -8"><span class='ocrx_word' id='word_1_724' title='bbox 1188 2380 1191 2436; x_wconf 56' lang='lat' dir='ltr'>,f</span> <span class='ocrx_word' id='word_1_725' title='bbox 1215 2399 1358 2430; x_wconf 71' lang='lat' dir='ltr'>omnium</span> <span class='ocrx_word' id='word_1_726' title='bbox 1384 2397 1564 2434; x_wconf 80' lang='lat' dir='ltr'>actionum,</span> <span class='ocrx_word' id='word_1_727' title='bbox 1600 2402 1631 2427; x_wconf 78' lang='lat' dir='ltr'>et</span> <span class='ocrx_word' id='word_1_728' title='bbox 1666 2397 1817 2428; x_wconf 87' lang='lat' dir='ltr'>homines</span> <span class='ocrx_word' id='word_1_729' title='bbox 1848 2403 1942 2428; x_wconf 88' lang='lat' dir='ltr'>ortos</span> <span class='ocrx_word' id='word_1_730' title='bbox 1966 2397 2008 2427; x_wconf 87' lang='lat' dir='ltr'>ab</span> <span class='ocrx_word' id='word_1_731' title='bbox 2033 2393 2119 2437; x_wconf 65' lang='lat' dir='ltr'>Hyle</span> <span class='ocrx_word' id='word_1_732' title='bbox 2140 2403 2208 2426; x_wconf 85' lang='lat' dir='ltr'>non</span> 
     </span>
     <span class='ocr_line' id='line_1_104' title="bbox 1187 2438 2207 2483; baseline -0.004 -10"><span class='ocrx_word' id='word_1_733' title='bbox 1187 2441 1189 2476; x_wconf 69' lang='grc'>1</span> <span class='ocrx_word' id='word_1_734' title='bbox 1214 2452 1317 2483; x_wconf 77' lang='lat' dir='ltr'>posse</span> <span class='ocrx_word' id='word_1_735' title='bbox 1342 2441 1494 2473; x_wconf 81' lang='lat' dir='ltr'>converti</span> <span class='ocrx_word' id='word_1_736' title='bbox 1515 2441 1557 2471; x_wconf 88' lang='lat' dir='ltr'>ad</span> <span class='ocrx_word' id='word_1_737' title='bbox 1569 2439 1688 2472; x_wconf 85' lang='lat' dir='ltr'>Deum.</span> <span class='ocrx_word' id='word_1_738' title='bbox 1713 2446 1746 2472; x_wconf 89' lang='lat' dir='ltr'>et</span> <span class='ocrx_word' id='word_1_739' title='bbox 1770 2446 1864 2471; x_wconf 87' lang='lat' dir='ltr'>ortos</span> <span class='ocrx_word' id='word_1_740' title='bbox 1882 2450 1901 2470; x_wconf 90' lang='lat' dir='ltr'>a</span> <span class='ocrx_word' id='word_1_741' title='bbox 1915 2438 2007 2470; x_wconf 87' lang='lat' dir='ltr'>Luce</span> <span class='ocrx_word' id='word_1_742' title='bbox 2025 2449 2091 2470; x_wconf 80' lang='grc'><strong>0011</strong></span> <span class='ocrx_word' id='word_1_743' title='bbox 2104 2447 2207 2479; x_wconf 89' lang='lat' dir='ltr'>posse</span> 
     </span>
     <span class='ocr_line' id='line_1_105' title="bbox 1186 2481 2208 2528; baseline -0.004 -12"><span class='ocrx_word' id='word_1_744' title='bbox 1186 2486 1335 2528; x_wconf 45' lang='lat' dir='ltr'>‘&#39;perii-e,</span> <span class='ocrx_word' id='word_1_745' title='bbox 1372 2484 1529 2525; x_wconf 86' lang='lat' dir='ltr'>quicquid</span> <span class='ocrx_word' id='word_1_746' title='bbox 1565 2482 1727 2516; x_wconf 87' lang='lat' dir='ltr'>facerent.</span> <span class='ocrx_word' id='word_1_747' title='bbox 1776 2482 1902 2514; x_wconf 89' lang='lat' dir='ltr'>Contra</span> <span class='ocrx_word' id='word_1_748' title='bbox 1936 2481 2023 2513; x_wconf 86' lang='lat' dir='ltr'>haec</span> <span class='ocrx_word' id='word_1_749' title='bbox 2053 2486 2208 2523; x_wconf 82' lang='lat' dir='ltr'>portenta</span> 
     </span>
     <span class='ocr_line' id='line_1_106' title="bbox 1185 2524 2207 2571; baseline -0.002 -13"><span class='ocrx_word' id='word_1_750' title='bbox 1185 2533 1188 2571; x_wconf 76' lang='lat' dir='ltr'>j</span> <span class='ocrx_word' id='word_1_751' title='bbox 1214 2529 1318 2560; x_wconf 81' lang='lat' dir='ltr'>simus</span> <span class='ocrx_word' id='word_1_752' title='bbox 1342 2529 1460 2562; x_wconf 83' lang='lat' dir='ltr'>armati</span> <span class='ocrx_word' id='word_1_753' title='bbox 1495 2527 1711 2565; x_wconf 86' lang='lat' dir='ltr'>testimoniis,</span> <span class='ocrx_word' id='word_1_754' title='bbox 1753 2536 1839 2568; x_wconf 88' lang='lat' dir='ltr'>quae</span> <span class='ocrx_word' id='word_1_755' title='bbox 1873 2524 2041 2556; x_wconf 76' lang='lat' dir='ltr'>affirmant</span> <span class='ocrx_word' id='word_1_756' title='bbox 2073 2525 2207 2556; x_wconf 78' lang='lat' dir='ltr'>unicam</span> 
     </span>
     <span class='ocr_line' id='line_1_107' title="bbox 1184 2568 2205 2615; baseline -0.006 -12"><span class='ocrx_word' id='word_1_757' title='bbox 1184 2578 1187 2604; x_wconf 66' lang='lat' dir='ltr'>t</span> <span class='ocrx_word' id='word_1_758' title='bbox 1213 2581 1289 2602; x_wconf 84' lang='lat' dir='ltr'>esse</span> <span class='ocrx_word' id='word_1_759' title='bbox 1323 2571 1503 2602; x_wconf 88' lang='lat' dir='ltr'>essentiam</span> <span class='ocrx_word' id='word_1_760' title='bbox 1538 2571 1720 2601; x_wconf 86' lang='lat' dir='ltr'>immensae</span> <span class='ocrx_word' id='word_1_761' title='bbox 1754 2569 1933 2615; x_wconf 67' lang='lat' dir='ltr'>potentiae,</span> <span class='ocrx_word' id='word_1_762' title='bbox 1964 2568 2149 2609; x_wconf 85' lang='lat' dir='ltr'>sapientiae</span> <span class='ocrx_word' id='word_1_763' title='bbox 2172 2573 2205 2598; x_wconf 83' lang='lat' dir='ltr'>et</span> 
     </span>
     <span class='ocr_line' id='line_1_108' title="bbox 1183 2608 2207 2659; baseline -0.003 -14"><span class='ocrx_word' id='word_1_764' title='bbox 1183 2608 1186 2659; x_wconf 66' lang='lat'>1</span> <span class='ocrx_word' id='word_1_765' title='bbox 1211 2615 1381 2652; x_wconf 80' lang='grc'><strong>1100110115,</strong></span> <span class='ocrx_word' id='word_1_766' title='bbox 1394 2614 1537 2645; x_wconf 91' lang='lat' dir='ltr'>omnium</span> <span class='ocrx_word' id='word_1_767' title='bbox 1552 2621 1781 2644; x_wconf 83' lang='lat' dir='ltr'>creaturarum</span> <span class='ocrx_word' id='word_1_768' title='bbox 1796 2612 1988 2643; x_wconf 86' lang='lat' dir='ltr'>creatricem</span> <span class='ocrx_word' id='word_1_769' title='bbox 1998 2609 2207 2652; x_wconf 77' lang='lat' dir='ltr'>Angelorum</span> 
     </span>
     <span class='ocr_line' id='line_1_109' title="bbox 1210 2652 2205 2695; baseline -0.004 -6"><span class='ocrx_word' id='word_1_770' title='bbox 1210 2664 1242 2689; x_wconf 87' lang='lat' dir='ltr'>et</span> <span class='ocrx_word' id='word_1_771' title='bbox 1265 2657 1444 2695; x_wconf 89' lang='lat' dir='ltr'>hominum,</span> <span class='ocrx_word' id='word_1_772' title='bbox 1469 2662 1502 2688; x_wconf 85' lang='lat' dir='ltr'>et</span> <span class='ocrx_word' id='word_1_773' title='bbox 1525 2655 1602 2688; x_wconf 84' lang='lat' dir='ltr'>mali</span> <span class='ocrx_word' id='word_1_774' title='bbox 1626 2667 1765 2688; x_wconf 78' lang='lat' dir='ltr'>causam</span> <span class='ocrx_word' id='word_1_775' title='bbox 1789 2665 1867 2687; x_wconf 81' lang='lat' dir='ltr'>esse</span> <span class='ocrx_word' id='word_1_776' title='bbox 1885 2653 2094 2686; x_wconf 74' lang='lat' dir='ltr'>voluntatem</span> <span class='ocrx_word' id='word_1_777' title='bbox 2116 2652 2205 2685; x_wconf 85' lang='lat' dir='ltr'>libe-</span> 
     </span>
    </p>
   </div>
   <div class='ocr_carea' id='block_1_12' title="bbox 2307 416 2383 2657">
    <p class='ocr_par' dir='ltr' id='par_1_19' title="bbox 2307 416 2383 2657">
     <span class='ocr_line' id='line_1_110' title="bbox 2307 416 2383 2657; baseline 0 0"><span class='ocrx_word' id='word_1_778' title='bbox 2307 416 2383 2657; x_wconf 95' lang='lat' dir='ltr'> </span> 
     </span>
    </p>
   </div>
  </div>
 </body>
</html>
