2383 2990
175 151 218 185 37
859 149 894 182 11.

475 354 550 395 DE
582 351 867 394 ECCLESIA.

458 466 569 518 Quid
601 472 663 506 est
694 464 898 506 Ecclesia?

262 557 420 596 Ecclesia
443 556 582 590 visibilis
606 557 639 588 in
662 557 726 588 hac
749 557 834 591 vita,
869 561 920 586 est
950 562 1068 586 coetus
1092 555 1168 586 visi-

175 602 253 634 bitis
276 601 548 644 amplectentium
580 602 807 640 incorruptam
837 597 1013 641 Evangelii
1045 599 1167 629 doctri-

174 657 269 684 nam,
295 653 327 677 et
349 653 441 677 recte
465 645 623 676 utentium
649 643 896 681 Sacramentis,
920 644 952 673 in
978 652 1043 684 quo
1069 649 1168 673 coctu

174 689 277 721 Filius
302 689 365 721 Dei
389 688 509 720 efficax
535 694 598 726 est,
622 693 654 719 et
677 698 762 719 voce
786 686 964 728 Evangelii
990 684 1167 729 et'Spiritu

175 740 294 765 sancto
319 732 442 764 multos
466 738 643 773 regenerat
666 732 707 762 ad
733 732 833 761 vitam
857 737 1036 761 aeternam.
1084 730 1168 759 Sunt

175 782 285 808 tamen
306 776 338 807 in
362 786 403 807 eo
428 781 528 807 coetu
550 774 642 806 multi
666 785 734 806 non
758 775 886 812 sancti,
910 774 971 805 sed
994 780 1104 804 tamen
1127 773 1169 803 (le

175 820 329 851 doctrina
353 819 615 851 consentientes.

593 984 755 1026 Contra.

235 1098 408 1139 Articuli
441 1098 537 1138 fidei
569 1113 652 1138 non
685 1104 779 1138 sunt.
810 1096 999 1137 visibiles.

234 1159 456 1200 Ecclesiam
489 1174 577 1199 esse
611 1165 674 1199 est
706 1158 895 1198 articulus
928 1156 1035 1196 fidei.
1067 1170 1070 1171 ⁷

234 1220 343 1274 Ergo
375 1219 554 1259 Ecclesia
586 1234 669 1259 non
702 1225 764 1259 est
796 1218 971 1258 visibilis.

260 1327 464 1368 Respondeo
499 1327 542 1358 ad
576 1328 745 1358 maiorem.
793 1325 971 1364 Concedo,
1006 1325 1167 1357 articul-os

171 1370 261 1409 fidei,
285 1369 414 1401 scilicet
433 1370 694 1411 propositiones,
718 1381 784 1401 non
809 1380 887 1401 esse
909 1369 1071 1406 visibiles,
1096 1381 1168 1408 scu,

169 1420 206 1446 ut
229 1419 281 1445 est
303 1414 426 1444 usitata
450 1414 594 1454 phrasis,
620 1411 838 1455 Complexum
863 1424 930 1443 non
955 1419 1005 1443 est
1023 1413 1166 1451 visibile,

169 1463 280 1489 tamen
304 1457 456 1488 subiecta
491 1458 523 1488 in
554 1456 667 1488 multis
702 1457 990 1498 propositionibus
1021 1456 1165 1488 visibilia

169 1511 248 1533 esse
271 1511 415 1532 necesse
439 1507 499 1531 est.
546 1500 603 1539 Ut,
629 1512 702 1532 (zum
727 1501 820 1532 dico:
851 1499 910 1532 Sol
935 1507 984 1531 est
1011 1508 1167 1531 creatura

168 1544 244 1576 Dei.
289 1544 361 1576 Nos
391 1554 507 1575 sumus
538 1545 780 1583 resurrecturi,
817 1545 1064 1586 propositiones
1101 1543 1166 1575 fide

169 1589 388 1630 accipiuntur,
413 1589 472 1619 sed
496 1594 605 1619 tamen
631 1589 781 1619 subiecta
805 1594 881 1619 sunt
906 1587 1061 1619 visibilia.

259 1657 316 1689 Sic
340 1668 416 1688 cum
441 1658 574 1688 dicitnr:
598 1656 755 1688 Ecclesia
780 1663 831 1687 est
855 1656 999 1698 populns
1024 1657 1107 1695 Dei,
1133 1657 1164 1687 in

169 1711 236 1743 quo
260 1700 355 1732 Deus
380 1711 459 1731 vere
485 1700 613 1741 colligit
641 1709 792 1738 coetum,
829 1703 879 1731 cni
911 1701 965 1731 dat
998 1701 1165 1732 remissio-

168 1755 244 1775 nem
268 1750 496 1784 peccatornm,
521 1750 553 1775 et
572 1745 741 1781 iustitiam,
765 1755 805 1774 a«-
823 1743 965 1775 salutem
984 1751 1163 1775 aeternam.

168 1787 262 1818 Haec
286 1788 470 1828 propositio
501 1793 552 1818 est
583 1786 741 1818 artic-ulus
775 1787 866 1825 fidei,
902 1794 933 1818 et
965 1788 1163 1825 subiectum,

167 1831 201 1862 id
234 1836 300 1868 est,
337 1830 487 1861 homines
519 1830 760 1871 amplectentes
791 1830 1030 1872 Evangelium,
1061 1842 1162 1861 sensu

167 1881 415 1916 agnoscuntur,
451 1885 526 1905 cnm
552 1881 644 1904 certa
666 1875 765 1915 signa
795 1875 962 1905 incuriant
988 1876 1018 1905 in
1044 1874 1163 1905 oculos

169 1923 202 1948 et
224 1928 335 1956 aures,
359 1928 444 1959 quae
469 1917 662 1948 discernunt
686 1928 745 1948 eos
770 1919 812 1949 ab
837 1918 911 1948 aliis
935 1917 1132 1949 hominihus.

255 1986 331 2017 Non
362 1987 462 2028 igitur
492 1987 533 2017 tle
556 1985 712 2017 Ecclesia
736 1985 918 2028 loquimur,
951 1992 985 2018 ut
1015 1988 1056 2018 ‹le
1086 1987 1163 2018 ldea

167 2028 355 2068 Platonica,
381 2030 440 2061 sed
465 2036 691 2061 monstramus
716 2030 918 2064 Ecclesiam,
942 2031 1034 2061 iuxta
1058 2031 1162 2062 (lit-ta:

167 2072 232 2104 Dic
254 2072 439 2104 Ecclesiae.
486 2073 550 2104 Hic
581 2084 723 2106 neeesse
752 2082 801 2105 est
833 2073 970 2116 intelligi
1001 2073 1163 2106 visibilem

167 2115 367 2148 Ecclesiam.
413 2117 510 2148 Item:
542 2116 578 2148 ln
614 2128 745 2149 omnem
765 2124 897 2149 terram
927 2118 1029 2149 exivit
1057 2128 1162 2150 sonus

169 2169 296 2199 eorum,
320 2166 384 2192 ete.

239 2316 355 2367 Quae
387 2323 482 2357 sunt.
513 2318 628 2373 signa
660 2318 863 2361 Ecclesiae
895 2321 1084 2376 propria?

257 2417 362 2460 Signa
386 2427 452 2449 non
476 2417 612 2450 fallacia
635 2417 733 2451 simul
756 2419 841 2452 haec
865 2422 929 2453 tria
951 2427 1044 2454 sunt:

283 2461 305 2494 1.
353 2460 550 2493 Consensus
584 2462 616 2493 in
653 2463 805 2495 doctrina
838 2464 1014 2507 Evangelii
1047 2465 1160 2499 incor-

395 2511 504 2546 rupta,
529 2505 658 2537 scilicet
681 2506 713 2537 in
735 2505 964 2540 fundamento.

270 2547 309 2579 Π.
354 2547 536 2591 Legitimus
559 2559 642 2580 usus
666 2549 970 2583 Sacramentorum.

255 2591 309 2624 111.
356 2592 554 2665 Obeqientia
582 2592 767 2626 Ministerio
795 2595 907 2627 debita
932 2596 1024 2628 imita
1051 2595 1162 2629 Evan-

396 2646 439 2678 ge
454 2647 528 2668 ium.

942 148 1133 182 EXAMEN
1157 148 1540 181 ORDINANDORUM.
2172 150 2216 183 38

1222 247 1293 287 An
1325 262 1490 288 necesse
1523 255 1602 299 est,
1634 248 1812 303 singulos
1833 249 2020 288 homines
2053 249 2214 289 salvan-

1345 318 1418 357 dos
1450 317 1537 357 fieri
1569 318 1678 358 cives
1710 333 1832 358 verae
1864 317 2093 358 Ecclesiae?

1310 442 1524 485 Respondeo.
1559 442 1704 474 Prorsus
1727 454 1868 475 necesse
1889 450 1952 482 est,
1975 443 2127 495 singulos
2147 445 2213 476 sal-

1223 487 1352 518 vandos
1376 488 1508 519 iunctos
1532 497 1609 518 esse
1635 499 1708 518 cnm
1734 498 1813 518 vera
1838 487 2004 527 Ecclesia,
2030 489 2106 528 nde,
2133 499 2212 521 con-

1221 530 1390 569 sessione,
1420 531 1630 562 invocatione
1652 531 1733 569 Dei,
1771 538 1802 562 et
1830 530 2003 562 voluntate
2026 533 2214 564 servandae

1221 574 1414 612 Ecclesiae,
1456 585 1517 606 seu
1552 575 1795 606 coniunctionis
1835 575 1867 606 in
1901 573 2077 614 Ecclesia,
2121 576 2214 607 iuxta

1222 619 1326 649 dicta:

1312 704 1340 734 l.
1365 702 1515 735 Corinth.
1542 705 1570 735 l.
1616 704 1692 735 Non
1717 705 1782 735 sint
1805 705 1891 735 inter
1914 715 1976 736 vos
2001 705 2194 737 schismata.

1309 747 1460 779 Ebraeos
1492 749 1541 778 10.
1587 748 1662 779 Non
1693 748 1886 779 deserentes
1917 751 2213 791 congregationem

1221 797 1379 823 vestram.

1310 834 1450 865 Galatas
1476 835 1504 865 1.

1222 878 1401 909 anathema
1425 879 1477 909 sit.

1311 920 1446 952 Psalmo
1470 921 1523 952 26.
1558 920 1668 952 Unum
1690 922 1767 962 petii
1791 932 1809 952 a
1833 920 1991 960 Domino,
2018 922 2081 953 hoc
2105 922 2213 964 requi-

1222 974 1307 1003 ram,
1337 972 1371 996 ut
1399 964 1579 997 inhabitem
1607 967 1639 996 in
1670 965 1767 997 domo
1797 964 1931 996 Domini
1963 966 2115 997 omnibus
2146 966 2214 997 die-

1223 1009 1284 1040 bus
1309 1008 1394 1039 vitae
1418 1019 1525 1040 meae.

1311 1050 1444 1083 Psalmo
1475 1051 1528 1083 83.
1573 1051 1667 1083 Beati
1696 1053 1752 1094 qui
1780 1051 1931 1083 habitant
1967 1052 2000 1083 in
2031 1052 2129 1083 domo
2159 1057 2214 1084 tua

1220 1094 1375 1127 Domine.

1309 1137 1442 1169 Psalmo
1461 1138 1514 1169 51¹1.
1560 1138 1705 1170 Plantati
1729 1139 1761 1169 in
1781 1139 1879 1170 domo
1893 1138 2040 1178 Domini,
2065 1140 2097 1170 in
2121 1139 2212 1170 atriis

1221 1182 1339 1213 domus
1363 1181 1426 1212 Dei
1450 1183 1567 1220 nostri,
1592 1183 1775 1220 florebunt,
1801 1189 1864 1213 etc.

1308 1225 1478 1257 Romanos
1502 1226 1533 1257 S.
1576 1225 1669 1261 Quos
1693 1226 1839 1265 vocavit,
1863 1225 1927 1257 hos
1951 1231 1983 1257 et
2007 1224 2121 1268 elegit,
2147 1231 2211 1258 etc.

1551 835 1586 867 Si
1616 835 1688 877 quis
1723 833 1813 866 aliud
1847 833 2067 877 Evangelium
2102 836 2213 874 docet,

1245 1408 1363 1460 Quae
1395 1424 1458 1450 res
1490 1416 1585 1450 sunt,
1616 1409 1865 1449 necessariae
1899 1410 1953 1450 ad
1984 1410 2186 1451 unitatem

1601 1470 1804 1511 Ecclesiae
1813 1470 1831 1512 ’ζ

1307 1595 1503 1628 Consensus
1527 1597 1558 1627 in
1579 1595 1805 1635 fundamento,
1831 1595 1985 1628 videlicet
2002 1598 2034 1628 in
2056 1598 2208 1631 doctrina

1218 1639 1390 1683 Evangelii
1409 1641 1613 1682 incorrupta,
1639 1647 1671 1671 et
1693 1641 1725 1671 in
1742 1651 1803 1671 usu
1820 1641 2111 1673 Sarrainentorum
2127 1640 2208 1684 legi-

1217 1685 1312 1722 timo,
1344 1691 1373 1715 et
1398 1685 1585 1715 obedientia
1618 1685 1727 1715 debita
1752 1683 1964 1724 Ministerio.
1984 1687 2075 1716 iuxta
2097 1685 2209 1717 Evan-

1217 1726 1348 1770 gelium.

1304 1814 1507 1845 Testimonia
1535 1812 1709 1845 manifesta
1738 1820 1815 1845 sunt.
1839 1815 1879 1845 (le
1910 1815 2065 1846 doctrina
2090 1816 2118 1847 l.
2143 1815 2208 1847 Co-

1217 1858 1314 1889 rinth.
1336 1858 1366 1890 3.
1414 1858 1674 1888 Fundamentum
1698 1856 1787 1889 aliud
1812 1868 1907 1889 nemo
1932 1864 2043 1899 potest
2067 1869 2207 1900 ponere,

1216 1909 1351 1943 praeter
1374 1902 1405 1932 id
1430 1902 1518 1943 qnod
1542 1902 1686 1943 positum
1710 1909 1779 1937 cst.
1806 1903 1892 1943 quod
1919 1909 1969 1932 est
1995 1902 2088 1933 lesus
2113 1902 2208 1934 Chri-

1216 1956 1300 1977 scus.
1345 1945 1426 1976 Item
1461 1945 1571 1977 Galat.
1603 1945 1631 1976 1.
1684 1944 1719 1976 Si
1754 1946 1828 1987 quis
1862 1944 1953 1976 aliud
1983 1945 2208 1989 Evangelium

1216 1990 1326 2028 docet,
1351 1988 1529 2020 anathema
1553 1989 1606 2020 sit.

1302 2075 1355 2107 De
1381 2075 1586 2113 obedientia,
1620 2075 1648 2105 1.
1674 2073 1823 2106 Corinth.
1851 2076 1877 2106 l.
1924 2075 2000 2106 Non
2029 2076 2095 2107 sint
2124 2077 2210 2107 inter

1215 2130 1277 2151 vos
1311 2120 1504 2150 schismata.
1550 2118 1592 2149 Et
1620 2117 1774 2150 Ebraeos
1809 2119 1859 2149 10.
1904 2119 1979 2150 Non
2012 2120 2208 2151 deserentes

1215 2163 1512 2205 congregationem
1539 2168 1698 2193 vestram.
1749 2162 1846 2193 ltem:
1887 2162 2029 2194 obedite
2063 2163 2116 2194 his
2152 2163 2208 2205 qui

1214 2213 1373 2248 praesunt
1396 2207 1510 2244 vobis,
1541 2204 1671 2236 scilicet
1694 2206 1727 2236 in
1750 2205 1820 2244 his,
1852 2216 1938 2248 quae
1961 2212 2042 2238 sunt
2071 2207 2208 2248 propria

1213 2250 1388 2283 Ministerii
1409 2250 1503 2281 iuxta
1523 2248 1757 2292 Evangelium.

1301 2337 1370 2368 Sed
1393 2334 1572 2367 similitudo
1595 2336 1732 2373 ritimm,
1761 2336 1816 2377 qui
1840 2341 1917 2367 sunt
1940 2336 1984 2367 ab
2016 2335 2205 2367 hominibus

1211 2381 1366 2418 instituti,
1402 2390 1612 2421 nequaqnam
1646 2380 1839 2410 neccssaria
1873 2385 1943 2416 est,
1977 2379 2052 2410 ideo
2087 2385 2206 2411 contra

1211 2423 1482 2465 superstitionem
1510 2422 1614 2454 multa
1645 2423 1833 2453 testimonia
1861 2422 1981 2453 tradita
2005 2427 2094 2453 sunt.
2139 2421 2205 2454 Ro-

1211 2477 1330 2499 manos
1362 2467 1413 2498 14.
1457 2466 1610 2509 Regnum
1639 2467 1701 2498 Dei
1730 2477 1796 2497 non
1828 2471 1880 2496 est
1914 2476 1994 2497 esca
2029 2471 2062 2497 et.
2090 2471 2204 2507 potuS,

1212 2511 1274 2542 sed
1297 2511 1432 2549 iustitia,
1455 2521 1522 2552 pax
1540 2516 1573 2542 et
1591 2511 1746 2552 gaudium
1764 2510 1795 2540 in
1810 2509 1934 2550 Spiritu
1956 2515 2083 2541 sancto.
2118 2509 2205 2540 Nam

1212 2554 1268 2596 qui
1291 2555 1324 2585 in
1344 2553 1396 2585 his
1415 2554 1518 2586 servit
1531 2552 1678 2591 Christo,
1702 2551 1812 2594 placet
1832 2553 1919 2591 Deo,
1943 2558 1976 2584 et
1994 2553 2203 2595 approbatus

1212 2603 1265 2629 est
1298 2597 1498 2629 hominibus,
1544 2596 1624 2629 Item
1659 2596 1885 2628 Colossenses
1916 2596 1948 2628 2.
1993 2596 2101 2629 Nemo
2120 2596 2202 2628 iudi-

1213 2646 1269 2673 cet
1289 2651 1353 2673 vos
1375 2642 1410 2672 in
1434 2641 1522 2680 cibo,
1545 2646 1640 2682 potu,
1663 2646 1727 2673 etc.

1961 2699 1996 2725 3.
