2383 2990
151 116 218 150 353
792 116 835 148 V.
869 115 1138 149 EXPLICATIO
1162 116 1368 150 SYMBOLI
1389 118 1552 151 NICENI.
2131 123 2197 155 354

151 213 250 243 lenter
270 211 391 242 trahere
411 221 447 241 ac
470 210 654 251 detorquere
672 212 850 242 testimonia
868 212 996 242 aliorum
1014 216 1078 242 toto
1099 212 1187 242 coelo
1211 214 1249 242 ab
1274 224 1311 243 eo
1336 224 1433 244 sensu
1458 215 1676 256 discrepantia,
1701 215 1759 245 sed
1784 220 1901 246 erutam
1925 226 1962 246 ex
1985 221 2049 247 tota
2067 219 2196 258 antiqui-

152 260 215 286 tate
237 265 347 295 magna
366 265 438 284 cura
460 259 491 285 et
510 255 614 285 studio
640 255 818 291 doctrinam,
843 259 1047 295 accurateque
1071 257 1254 296 pensitatam
1273 261 1365 296 atque
1386 258 1423 287 ad
1447 269 1581 288 normam
1602 263 1632 289 et
1659 259 1830 299 analogiam
1854 261 2008 290 doctrinae
2037 260 2195 301 Propheti-

151 309 206 329 cae
229 302 260 328 et
282 298 485 338 Apostolicae
509 298 697 338 exploratam
720 299 837 339 colligit
860 303 892 329 et
915 299 1066 339 explanat,
1091 304 1122 330 et
1146 310 1224 339 quae
1247 299 1304 330 fuit
1335 301 1404 330 eius
1427 302 1596 333 moderatio
1629 313 1665 332 ac
1694 304 1810 343 pietas,
1846 314 1969 344 semper
1997 314 2054 334 sua
2081 307 2196 346 scripta

149 341 315 372 Ecclesiae
338 342 450 372 iudicio
471 342 614 372 subiecit.

359 419 446 449 Hanc
465 420 630 450 editionem
652 423 841 459 postremam
863 420 1007 459 princeps
1027 419 1241 450 Illustrissime
1278 424 1310 450 et
1333 420 1465 450 Domine
1497 421 1741 452 clementissime
1775 423 1811 453 T.
1836 423 2021 454 Celsitudini
2053 426 2196 456 dedicare

149 462 244 496 volui,
270 463 358 492 cuius
383 463 505 492 consilii
526 463 639 493 multas
659 463 759 494 habeo
784 467 814 493 et
837 464 1037 502 gravissimas
1058 474 1188 494 causas:
1213 463 1349 494 Primum
1373 465 1455 503 quod
1479 463 1515 496 C.
1530 465 1565 496 T.
1586 466 1728 505 amplecti
1752 468 1818 496 scio
1843 474 1873 497 et
1897 469 2030 507 profiteri
2053 473 2117 499 toto
2141 481 2195 510 pe-

150 509 232 536 ctore
256 510 431 535 constanter
455 507 595 546 exemplo
618 508 713 547 patris
737 507 781 537 tui
805 507 951 546 principis
964 507 1044 536 omni
1064 508 1208 537 virtutum
1228 518 1350 546 genere,
1374 508 1535 547 prudentia
1553 513 1583 538 et
1603 511 1717 548 pietate
1736 512 2004 549 praestantissimi,
2030 513 2196 543 doctrinam

148 553 319 579 nostrarum
343 549 555 579 Ecclesiamm
581 550 830 589 comprehensam
851 551 880 579 in
901 561 937 579 ea
957 550 1155 580 confessione
1175 561 1254 590 quae
1274 551 1410 581 exhibita
1434 556 1483 582 est
1508 551 1620 582 Car-olo
1641 552 1681 582 V.
1707 552 1882 593 Imperatori
1907 556 1935 584 in
1960 554 2102 586 Comitiis
2133 558 2196 587 Au-

149 594 291 632 gustanis
311 595 487 623 anni1530.
535 593 635 629 Quam
658 604 726 622 cum
747 593 827 622 idem
852 598 940 623 autor
963 598 1034 623 tunc
1059 595 1229 633 scripserit,
1254 599 1285 624 et
1304 599 1412 634 postea
1436 600 1586 635 perpetuo
1611 597 1765 626 doctrinae
1789 608 1945 627 consensu
1965 610 2032 628 cum
2057 600 2194 639 plurimis

148 636 228 671 aliis,
253 641 316 666 tum
340 636 399 666 hoc
423 638 489 676 ipso
514 638 729 666 commentario
754 637 853 666 fusius
879 636 1037 676 explicarit
1059 648 1095 666 ac
1119 638 1264 673 lucidius,
1289 649 1347 667 non
1373 639 1477 668 dubito
1503 644 1533 669 et
1556 639 1637 669 hunc
1651 642 1895 671 commentarium
1914 643 1967 671 tibi
1988 645 2197 682 gratissimum

147 679 302 714 futurum,
338 684 369 709 et
392 681 420 709 in
445 680 580 710 lectione
611 680 821 709 consessionis
846 681 1049 719 Augustanae
1080 685 1172 720 atque
1204 682 1233 710 in
1263 682 1474 721 intelligendis
1505 684 1628 722 scriptis
1652 683 1847 723 Propheticis
1879 689 1908 715 et
1936 686 2129 725 Apostolicis
2161 698 2197 717 ac

149 723 303 762 symbolis
327 723 487 763 plurimum
508 728 539 753 te
563 724 737 753 adiuturum
763 734 846 753 esse.
911 723 1034 753 Deinde
1054 728 1087 753 ut
1112 724 1164 753 filii
1191 724 1344 754 haeredes
1370 726 1443 755 fiunt
1466 728 1598 756 nominis
1619 729 1737 767 paterni
1763 733 1793 758 et
1816 730 1964 759 bonorum
1989 741 2067 768 quae
2091 735 2195 770 patres

149 766 351 806 reliquerunt,
377 768 424 796 sic
449 768 594 796 existimo
619 767 772 796 haeredes
797 778 853 796 eos
878 777 952 796 esse
977 768 1090 797 debere
1115 769 1332 804 amicitiarum,
1359 780 1435 808 quas
1463 774 1565 809 patres
1590 771 1758 801 coluerunt.
1806 771 1926 802 Eximie
1957 778 2056 803 autem
2089 775 2198 805 dilexit

146 814 234 850 pater
257 809 292 840 C.
317 814 389 840 tuae
409 814 439 839 et
462 810 557 840 coluit
581 812 720 850 impense
744 814 906 850 utrumque
931 810 1100 840 Lutherum
1125 816 1155 841 et
1179 811 1365 851 Philippum.
1412 813 1568 843 Honorum
1597 818 1627 844 et
1652 826 1762 844 nomen
1789 819 1819 845 et
1842 817 1956 856 scripta
1983 819 2072 856 cupio
2098 816 2134 847 C.
2160 818 2195 847 T.

147 854 311 883 notissima
331 858 362 883 et
386 854 689 883 commendatissima
713 864 804 889 esse,
830 859 863 883 ut
886 855 961 893 patri
987 855 1117 889 suerunt,
1143 865 1221 893 quae
1235 856 1261 884 si
1277 856 1438 895 diligenter
1450 857 1559 896 legerit
1583 861 1614 887 et
1637 859 1686 897 pie
1711 863 1829 889 sectata
1854 860 1945 889 suerit
1965 860 2000 890 C.
2016 861 2050 891 T.
2077 872 2196 891 conser-

146 897 230 927 vabit
254 908 288 926 ac
311 897 445 927 tuebitur
469 898 527 926 imo
552 898 678 937 augebit
701 908 769 927 eam
792 899 916 937 pietatis
941 898 1083 937 gloriam,
1110 908 1199 937 quam
1223 904 1310 938 pater
1336 901 1469 930 omnium
1493 903 1713 940 praestantium
1748 904 1877 933 w'roruin
1909 904 2021 933 iudicio
2053 915 2088 933 ac
2112 905 2197 935 testi-

146 941 249 970 monio
275 944 488 980 consequutus
513 945 562 971 est
581 946 611 971 et
635 941 770 980 reliquit,
803 940 917 976 Tertio,
943 942 1027 980 quod
1050 952 1100 971 me
1119 943 1171 981 qui
1191 944 1249 972 sub
1270 942 1305 973 T.
1327 942 1363 974 C.
1385 945 1511 983 imperio
1536 949 1626 975 natus
1651 956 1731 981 sum,
1757 946 1848 976 decet
1873 957 1930 976 non
1955 951 2070 978 tantum
2089 950 2196 978 testari

147 988 178 1014 et
199 985 281 1024 piam
306 994 341 1013 ac
365 985 477 1014 iustam
496 995 594 1014 meam
619 985 658 1014 de
670 984 827 1014 Ecâ€˜clesiis
852 986 966 1024 patriae
991 995 1093 1015 curam
1117 995 1152 1014 ac
1171 985 1422 1021 sollicitudinem,
1449 991 1479 1017 et
1503 993 1686 1028 perpetuum
1706 990 1900 1020 obedientiae
1915 1001 1949 1020 ac
1970 991 2041 1020 fidei
2062 992 2197 1022 studium
2218 1022 2221 1026 ,

147 1038 219 1067 erga
243 1026 278 1057 C.
299 1027 333 1058 T.
359 1028 416 1057 sed
437 1031 580 1067 quantum
612 1029 641 1057 in
665 1039 714 1058 me
734 1033 784 1058 est
809 1028 880 1057 dare
905 1039 1043 1068 operam,
1080 1033 1111 1058 ut
1131 1029 1169 1058 ad
1192 1031 1310 1068 piorum
1335 1032 1516 1070 scriptorum
1541 1032 1705 1063 lectionem
1732 1034 1889 1063 assiduam
1914 1045 1949 1063 ac
1968 1036 2198 1065 meditationem

146 1071 298 1106 inviteris,
334 1075 365 1101 et
396 1075 428 1101 ut
459 1072 696 1111 suppeditentur
725 1071 880 1101 Ecclesiis
905 1073 1021 1111 patriae
1052 1072 1148 1102 multa
1171 1074 1221 1112 pia
1245 1078 1274 1103 et
1298 1074 1384 1103 utilia
1414 1076 1537 1114 scripta.
1584 1075 1709 1106 Nullius
1734 1082 1835 1107 autem
1860 1080 2067 1108 commentarii
2098 1080 2197 1118 magis

146 1115 298 1149 erudiunt,
323 1125 412 1154 quam
437 1114 571 1155 Philippi
597 1115 817 1146 Melanthonis.
843 1116 954 1154 quibus
981 1116 1039 1144 11119
1063 1117 1126 1145 iure
1156 1117 1285 1147 refertur
1309 1122 1486 1157 acceptum,
1513 1120 1594 1158 quod
1626 1121 1764 1150 doctrina
1783 1125 1953 1151 nostrarum
1984 1122 2198 1152 Ecclesiarum

146 1159 176 1187 in
201 1162 315 1188 certum
329 1169 441 1198 corpus
462 1159 595 1192 redacta,
621 1164 652 1189 et
677 1160 870 1188 convenienti
891 1159 996 1188 ordine
1017 1161 1159 1199 exposita
1183 1164 1233 1191 est
1256 1165 1348 1200 atque
1373 1162 1606 1201 comprehensa.
1654 1164 1722 1193 Hoc
1747 1169 1865 1204 oportet
1895 1166 1979 1195 fateri
2006 1177 2113 1196 01111195
2137 1178 2197 1196 non

144 1212 274 1241 prorsus
295 1212 407 1231 caecos
432 1206 462 1231 et
486 1202 621 1231 furentes
646 1203 736 1233 odiis.
758 1206 861 1232 contra
881 1213 960 1242 quos
985 1213 1052 1232 cum
1077 1208 1194 1233 mortuo
1220 1205 1311 1234 etiam
1331 1216 1389 1234 non
1415 1210 1538 1245 parcant
1558 1207 1662 1246 aliqui,
1687 1212 1719 1237 ut
1732 1210 1863 1238 nominis
1884 1210 1952 1238 eius
1973 1214 2002 1239 et
2015 1211 2197 1250 scriptorum

145 1245 181 1275 T.
208 1243 245 1276 C.
269 1246 421 1285 suscipiat
443 1247 643 1284 patrocinium
668 1256 704 1275 ac
729 1246 952 1281 defensionem,
974 1246 1030 1275 hac
1056 1258 1178 1286 quoque
1203 1248 1397 1278 dedicatione
1422 1259 1489 1278 eam
1513 1250 1677 1280 admonere
1700 1251 1794 1286 volui,
1830 1253 1869 1281 de
1897 1263 1957 1292 qua
1990 1257 2021 1282 ut
2050 1264 2142 1294 spero
2168 1257 2199 1284 et

146 1288 297 1328 polliceor
319 1288 393 1318 mihi
414 1290 527 1328 optima
552 1291 663 1323 omnia,
685 1289 756 1319 facit
780 1294 811 1319 et
835 1290 956 1319 affectio
982 1300 1053 1329 erga
1076 1291 1240 1320 Ecclesias
1261 1290 1297 1321 C.
1318 1292 1353 1321 T.
1380 1294 1512 1332 egregia,
1538 1298 1568 1323 et
1581 1294 1676 1325 forma
1696 1294 1906 1325 Ecclesiarum
1927 1298 1955 1325 in
1975 1298 2069 1336 patria
2083 1299 2197 1337 optime

146 1333 325 1367 constituta,
349 1336 381 1362 et
404 1333 531 1372 sapiens
554 1343 590 1362 ac
612 1333 768 1362 moderata
791 1334 979 1371 gubernatio.
1016 1333 1057 1363 Ut
1081 1344 1153 1373 ergo
1178 1346 1301 1374 operam
1326 1335 1403 1365 hanc
1423 1347 1520 1366 meam
1541 1336 1577 1367 C.
1592 1336 1626 1367 T.
1647 1339 1779 1378 benigne
1803 1343 1894 1378 atque
1915 1340 2082 1371 clementer
2099 1343 2196 1372 susci-

144 1376 209 1414 piat
232 1385 269 1404 ea
293 1385 353 1414 qua
375 1385 429 1414 par
453 1379 501 1405 est
524 1377 615 1405 animi
641 1376 836 1405 subiectione
855 1381 937 1415 pete,
962 1377 1003 1406 Et
1022 1388 1074 1406 oro
1099 1378 1201 1407 Deum
1224 1383 1380 1408 aeternum
1410 1384 1526 1419 patrem
1550 1380 1675 1411 Domini
1696 1384 1793 1412 nostri
1824 1381 1895 1412 Iesu
1920 1382 2037 1414 Christi
2064 1386 2196 1415 crucifixi

143 1428 198 1458 pro
222 1418 314 1447 nobis
336 1422 367 1448 et
390 1420 585 1453 resuscitati,
610 1423 643 1449 ut
666 1430 721 1459 per
744 1424 774 1449 et
798 1424 922 1459 propter
941 1424 1096 1450 aeternum
1119 1421 1213 1451 filium
1238 1422 1326 1462 Î»á½¹Î³Î¿Î½
1350 1423 1450 1462 ipsius
1473 1426 1524 1454 ÎºÎ±á½¶
1547 1424 1648 1455 Îµá¿Îºá½·Î½Î±
1671 1424 1773 1456 á¼€á¿“Î´Î¹Î¿Î½
1797 1426 1923 1466 colligat
1952 1429 2012 1457 sibi
2043 1429 2072 1458 in
2102 1430 2198 1469 patria

143 1471 214 1491 mea
237 1465 392 1492 aeternam
417 1461 595 1492 Ecclesiam
619 1473 696 1492 voce
721 1467 751 1492 et
769 1463 939 1492 ministerio
963 1463 1125 1504 Evangelii
1150 1467 1215 1500 sui,
1242 1470 1272 1495 et
1296 1467 1467 1496 sanctificet
1498 1478 1565 1497 eam
1590 1468 1707 1508 Spiritu
1730 1475 1837 1499 sancto
1858 1481 1931 1506 suo,
1962 1476 2098 1512 praestet
2121 1477 2196 1503 tran-

144 1504 273 1544 quillam
293 1515 329 1534 ac
348 1505 513 1535 salutarem
534 1506 797 1548 gubernationem,
823 1507 978 1537 custodiat
998 1518 1033 1537 ac
1058 1513 1144 1547 regat
1169 1514 1199 1539 et
1219 1507 1446 1540 celsitudinem
1470 1514 1550 1541 tuam
1580 1516 1672 1552 atque
1702 1512 1944 1545 lllustrissimam
1973 1517 2135 1556 coniugem
2167 1521 2198 1547 et

143 1547 361 1584 Consiliarios,
393 1553 424 1579 et
454 1550 564 1579 nectos
595 1551 713 1579 animos
747 1554 867 1581 vestros
900 1552 937 1581 ad
961 1552 1011 1591 pia
1034 1552 1191 1582 moderata
1221 1557 1251 1583 et
1283 1554 1429 1584 salutaria
1458 1555 1596 1585 consilia.
1643 1556 1731 1587 Bene
1755 1562 1786 1588 et
1809 1558 1960 1589 foeliciter
1982 1560 2084 1590 valeat
2103 1559 2138 1590 C.
2161 1560 2195 1591 T.

143 1591 244 1622 Datae
260 1592 469 1631 Î‡Witebergae
490 1593 540 1623 die
560 1599 666 1633 quarta
684 1593 797 1629 Martii,
823 1606 884 1634 qua
906 1605 984 1624 anno
1012 1598 1104 1633 14:34.
1126 1597 1227 1626 editus
1256 1602 1306 1627 est
1331 1599 1359 1627 in
1384 1598 1486 1629 lucem
1507 1598 1740 1631 lllustrissimus
1764 1602 1908 1643 princeps
1940 1603 2093 1643 Georgius
2118 1604 2196 1634 MarÎ‡

144 1635 215 1666 chio
239 1636 539 1676 Brandeburgensis,
576 1636 610 1667 C.
635 1637 670 1667 Î¤.
696 1642 792 1677 pater,
817 1639 868 1677 qui
894 1643 925 1668 et
948 1640 1063 1679 pietate
1089 1639 1284 1670 Christianae
1304 1645 1335 1671 et
1357 1646 1483 1672 sanctae
1502 1644 1733 1680 moderationis,
1754 1650 1785 1675 et
1807 1647 1950 1676 virtutum
1975 1649 2108 1677 omnium
2132 1647 2197 1677 bel-

142 1679 269 1709 licarum
288 1683 318 1710 at
341 1679 526 1720 Togatarum
550 1682 693 1711 eximium
717 1681 773 1712 suit
798 1682 968 1723 exemplar,
993 1682 1085 1714 huius
1106 1688 1138 1715 ut
1160 1686 1295 1725 vestigia
1318 1688 1460 1726 sequaris
1480 1691 1618 1727 praestet
1644 1689 1761 1729 Spiritu
1785 1700 1843 1720 suo
1867 1695 1974 1721 sancto
2009 1691 2110 1722 Filius
2134 1691 2193 1722 Dei

142 1722 296 1754 Dominus
316 1727 422 1754 noster
445 1723 536 1754 lesus
561 1723 719 1757 Christus.

354 1801 420 1835 Cel.
446 1801 483 1832 Î¤.

1083 1865 1244 1897 addictiss.

1675 1932 1717 1964 M.
1741 1933 1894 1965 Iohannes
1918 1935 2030 1967 Sturio.

304 2665 453 2684 namma.
468 2665 552 2687 OPER.
568 2665 632 2685 Ï„Î¿Î¹.
647 2666 733 2687 xxm.
1969 2673 2002 2697 23
