2383 2990
990 83 1019 113 0

167 139 231 173 709

163 234 334 268 horribilis
359 234 586 277 blasphemia,
625 237 770 268 tribuere
794 235 859 268 hoc
882 237 976 278 operi
999 236 1160 268 sacerdo-

165 281 218 319 tis,
243 280 333 322 quod
352 285 406 311 est
430 278 536 312 solius
556 279 694 318 Christi,
719 288 750 312 et
776 279 923 322 fingere,
958 280 1050 322 quod
1074 289 1160 322 opus

163 325 207 355 sit
239 322 306 356 alio
341 324 511 355 sacrificio
536 324 567 355 in
592 323 760 362 Ecclesia,
785 324 881 366 quasi
905 322 1031 355 Christi
1055 324 1159 355 sacri-

162 367 273 399 ficium
295 365 402 400 semel
426 365 550 398 factum
575 377 643 398 non
667 368 749 398 satis
774 368 815 398 sit
840 367 882 398 ad
909 366 1058 399 tollenda
1080 377 1158 409 pee-

163 416 250 451 cata,
284 417 317 443 et
350 411 591 453 impetrandam
626 411 875 448 remissionem,
910 418 966 443 aut
992 410 1077 442 fides
1100 411 1158 442 niti

164 455 287 487 debeat
311 465 413 498 opere
437 455 639 487 sacerdotis.

485 656 675 699 Secunda
708 656 840 697 Ratio.

250 759 285 791 ln
309 770 398 791 novo
422 756 449 790 T
452 764 638 794 estannento
661 756 773 789 nullus
798 757 922 796 cultus,
947 757 1040 790 nulla
1065 768 1158 791 cere—

162 804 271 835 monia
296 801 385 835 valet
409 813 450 834 ex
470 812 572 844 opere
591 809 749 844 operatoz
786 801 899 838 Quare
934 813 996 834 nec
1021 800 1157 834 facienti

162 853 308 879 meretur
342 847 592 884 remissionem,
627 856 690 877 nec
724 852 835 887 potest
870 845 1032 887 adplicari
1067 845 1153 878 aliis.

161 890 246 923 Nam
282 901 405 923 novum
438 896 673 922 testamentum
706 890 842 932 requirit
867 889 978 922 cultus
1003 891 1156 932 spiritua·
1180 905 1184 955 1

161 934 224 973 185,
249 933 417 973 videlicet,
442 944 542 965 veros
567 942 678 965 motus
703 934 825 968 cordis,
850 944 962 965 veram
978 933 1089 972 fidem,
1109 935 1157 966 in·

159 979 381 1017 vocationem,
416 978 503 1009 sicut
539 976 695 1009 Christus
721 978 825 1019 inquit
861 977 951 1009 loan.
975 979 1006 1009 4.
1075 977 1156 1009 Veri

158 1023 356 1054 adoratores
381 1022 570 1054 adorabunt
594 1020 725 1052 Patrem
748 1022 781 1052 in
806 1021 923 1063 spiritu
947 1028 979 1053 et
1003 1022 1154 1060 veritate,

158 1075 234 1098 nam
259 1072 291 1098 et
315 1066 415 1097 Pater
434 1065 519 1097 tales
539 1065 688 1107 requirit,
713 1066 767 1107 qui
784 1066 925 1097 adorent
943 1076 1033 1097 eum:
1058 1065 1154 1098 Deus

158 1115 210 1141 est
233 1110 381 1152 spiritus,
406 1116 438 1141 et
463 1121 523 1141 eos
547 1110 603 1151 qui
627 1109 769 1140 adorant
794 1120 891 1148 eum,
927 1110 959 1141 in
983 1110 1101 1151 spiritu
1121 1116 1154 1141 et

158 1154 299 1185 veritate
329 1159 462 1195 oportet
484 1154 637 1185 adorare.
708 1152 748 1183 Et
767 1152 924 1194 Apostoli
959 1153 1081 1185 Petrus
1113 1164 1154 1184 ac

157 1195 284 1229 Paulus
314 1197 523 1239 praecipiunt
559 1197 725 1238 praestari
751 1195 837 1228 tales
866 1195 976 1229 cultus
1001 1198 1154 1239 spiritua-

156 1238 221 1279 les,
256 1240 288 1272 id
323 1246 388 1279 est,
423 1251 490 1272 non
525 1247 700 1272 externam
734 1250 873 1282 operum
897 1239 1153 1280 simulationem,

157 1283 218 1315 sed
243 1293 344 1316 veros
367 1290 476 1316 motus
496 1284 623 1322 cordis,
648 1283 757 1323 fidem,
781 1285 946 1323 timorem,
971 1285 1152 1316 invocatio-

156 1337 231 1359 nem
251 1333 284 1359 et
307 1326 470 1370 reliquos.
515 1328 588 1360 Nee
612 1326 746 1369 placent
770 1327 845 1360 Deo
869 1330 1079 1360 ceremoniae
1092 1339 1153 1361 seu

156 1371 414 1403 observationes
438 1382 524 1414 quae
548 1372 629 1403 finnt
655 1372 728 1403 sine
752 1371 815 1403 hac
841 1382 922 1403 vera
941 1370 1027 1411 luce,
1052 1379 1085 1404 et
1109 1373 1152 1404 si-

155 1424 199 1446 ne
216 1415 304 1446 vivis
327 1415 474 1447 motibus
499 1416 623 1451 cordis,
658 1425 744 1457 quae
767 1422 845 1446 sunt
868 1426 949 1448 vera
973 1416 1071 1455 fides,
1106 1417 1153 1448 in-

154 1459 291 1491 vocatio
315 1464 349 1490 et
372 1458 500 1492 similes
524 1465 634 1491 motus
658 1466 722 1490 etc.
791 1458 906 1495 Quare
928 1470 1029 1502 saepe
1053 1462 1151 1493 etlam
1176 1485 1180 1519 Ι

154 1502 188 1533 111
210 1501 392 1544 Prophetis
416 1504 635 1545 repudiantur
658 1501 743 1534 tales
763 1502 874 1534 cultus
909 1514 1060 1545 operum,
1096 1505 1152 1547 qui

157 1544 327 1589 linguntur
350 1556 429 1578 esse
453 1546 564 1579 cultus
589 1557 629 1578 ex
654 1556 757 1588 opere
780 1554 931 1588 operato.
964 1548 1151 1581 Hieremiae

156 1589 187 1620 7.
232 1589 310 1622 Non
334 1600 408 1621 sum
431 1588 566 1622 locutus
590 1590 742 1631 patribus
767 1591 889 1622 vestris
914 1592 945 1623 in
977 1592 1048 1630 die,
1085 1602 1152 1634 qua

154 1633 252 1665 eduxi
276 1643 336 1666 eos
361 1634 403 1665 de
427 1641 518 1666 terra
540 1634 705 1676 Aegypti,
739 1634 781 1665 118
806 1633 1016 1667 holocaustis
1048 1643 1080 1668 et
1104 1636 1150 1667 vi-

154 1677 276 1716 ctimis,
301 1677 362 1709 sed
385 1676 452 1709 hoc
476 1679 614 1710 verbum
644 1678 803 1719 praecepi
832 1680 882 1709 eis
911 1679 1046 1711 dicens:
1081 1678 1150 1711 Au-

154 1720 221 1752 dite
244 1731 330 1753 voce
355 1731 474 1760 meam,
509 1728 541 1753 et
565 1732 622 1753 ero
647 1722 744 1753 vobis
763 1720 857 1753 Deus
881 1729 947 1754 etc.
1016 1722 1150 1755 Similes

153 1763 233 1796 sunt
269 1765 455 1796 sententiae
491 1772 523 1797 et
562 1764 659 1803 alibi,
694 1766 894 1806 praesertim
926 1767 957 1797 in
993 1765 1148 1798 Psalmis.

151 1807 279 1839 Psalm.
310 1806 363 1840 39.
432 1808 640 1841 Sacrificium
686 1815 717 1840 et
764 1808 966 1841 oblationem
1001 1809 1148 1842 noluisti.

153 1851 234 1883 ltem
259 1850 383 1883 Psalm.
407 1851 459 1884 49.
507 1852 581 1883 Non
595 1863 734 1895 arguam
757 1859 788 1884 te
812 1854 845 1885 in
869 1853 1045 1885 sacrificiis
1071 1855 1148 1886 tuis.

152 1893 210 1926 Et:
234 1894 402 1937 Numquid
427 1896 638 1927 manducabo
663 1906 784 1928 carnes
808 1904 979 1929 taurorum
1000 1905 1062 1930 etc.
1099 1898 1148 1930 ln·

152 1949 238 1970 voca
262 1949 314 1970 me
336 1940 369 1970 in
395 1940 447 1971 die
471 1938 713 1978 tribulationis,
747 1946 779 1972 et
802 1941 941 1983 eripiam
965 1948 1010 1980 te,
1034 1949 1066 1974 et
1090 1941 1148 1974 ho-

151 1981 346 2014 norificabis
370 1993 432 2014 me.
481 1983 520 2015 Hi
544 1982 610 2015 loci
636 1981 728 2015 clare
741 1984 899 2017 damnant
921 1986 1054 2028 impiam
1078 1987 1147 2029 opi-

151 2027 283 2058 nionem
308 2027 349 2058 de
373 2037 476 2069 opere
499 2033 650 2068 operato.
1171 2042 1176 2120 Ι

238 2111 312 2145 Etsi
346 2119 455 2145 autem
486 2114 518 2145 in
543 2115 647 2146 veten'
671 2121 871 2147 testamento
896 2123 1033 2158 propter
1056 2128 1146 2149 man-

151 2156 263 2188 datum
297 2156 361 2189 Dei
396 2158 559 2198 praestari
592 2160 769 2200 oportebat
793 2157 870 2190 illos
890 2160 973 2191 ritus
998 2167 1030 2192 et
1054 2171 1147 2194 cere-

149 2200 291 2239 monias,
328 2210 415 2242 quae
450 2207 544 2232 erant
579 2201 748 2234 institutae
782 2203 814 2234 in
849 2201 964 2245 politia
994 2203 1147 2237 Mosaica

173 2250 288 2286 ropter
322 2243 545 2286 disciplinam,
582 2256 647 2287 qua
670 2245 765 2278 Deus
789 2244 881 2278 illum
904 2247 1064 2289 populum
1087 2259 1146 2281 vo-

149 2254 209 2319 lixit
228 2287 403 2320 coherceri
423 2295 453 2319 et
478 2289 568 2331 regi,
603 2297 712 2321 tamen
735 2300 799 2322 nec
822 2288 881 2322 illa
904 2301 1007 2333 opera
1031 2292 1145 2324 divini-

149 2338 204 2362 tus
228 2332 385 2363 mandata
408 2329 454 2363 iili
477 2330 615 2373 populu,
640 2340 735 2365 erant
757 2334 828 2365 veri
853 2333 963 2366 cultus
986 2334 1062 2367 Deo
1075 2335 1146 2378 pla-

150 2381 277 2414 centes,
305 2375 370 2407 nisi
392 2376 426 2407 in
449 2375 501 2407 his
525 2377 581 2418 qui
603 2376 775 2409 habebant
805 2388 917 2409 veram
941 2380 1145 2421 agnitionem

148 2417 213 2450 Dei
237 2425 269 2451 et
294 2418 404 2458 fidem,
427 2430 491 2451 nec
514 2419 742 2453 iustificabant
772 2427 829 2453 aut
853 2423 1068 2455 merebantur
1091 2434 1143 2456 re·

146 2461 343 2494 missionem
376 2470 610 2505 peccatorum:
644 2463 760 2508 Multo¹
788 2465 897 2498 minus
933 2468 1144 2501 ceremoniae

147 2513 202 2537 aut
228 2512 388 2538 externae
410 2508 670 2540 observationes
693 2509 828 2541 innovo
852 2516 1053 2543 testamento
1065 2518 1145 2544 sunt

147 2547 256 2582 cultus
276 2560 316 2582 ex
340 2560 443 2592 opere
467 2558 617 2594 operato.

234 2636 353 2681 ltaque
385 2637 469 2671 haec
504 2640 590 2673 ratio
625 2640 667 2672 de
702 2639 794 2672 cultu
836 2642 914 2673 novi
947 2643 1140 2676 testamenti

665 132 669 137 ’
695 140 751 172 ΙΧ.
799 116 1053 173 ΒΕΡΠΤΑῇΟ
1078 141 1301 174 ABUSUUM
1325 142 1508 175 COENAE
1533 143 1705 177 DOMINI.

2146 149 2212 180 710

1213 236 1304 270 clare
1339 240 1502 278 ostendit,
1538 241 1628 282 quod
1662 240 1769 274 Missa
1803 253 1870 274 non
1902 244 2008 285 possit
2039 254 2116 276 esse
2141 243 2207 277 tale

1213 292 1310 322 opus,
1335 283 1425 323 quod
1449 284 1491 315 sit
1514 283 1635 323 cultus,
1659 286 1714 327 qui
1738 297 1779 318 ex
1803 296 1905 327 opere
1930 295 2068 328 operato
2095 288 2208 321 valeat

1212 335 1326 357 coram
1349 324 1436 358 Deo.
1500 326 1615 363 Quare
1638 328 1833 370 simpliciter
1856 330 1939 362 haec
1968 332 2066 372 impia
2092 343 2132 363 ac
2156 343 2208 363 re-

1212 379 1291 400 vera
1316 369 1449 401 ethnica
1472 373 1668 412 persuasio,
1698 384 1785 415 quae
1809 373 1904 416 fingit
1928 374 2068 406 Missam
2092 374 2207 408 valere

1211 411 1369 487 proEaliils
1395 424 1436 445 ex
1460 425 1563 456 opere
1586 424 1738 457 operato,
1762 428 1903 459 prorsus
1918 417 2127 460 explodenda
2153 427 2207 452 est

1212 466 1253 487 ex
1307 468 1345 488 cc
1361 467 1440 489 8513.

1559 610 1695 651 Tertia
1728 611 1859 652 Ratio,

1299 716 1466 758 Opinione
1507 717 1687 751 oblationis
1722 728 1755 752 et
1795 721 2031 763 applicationis
2067 723 2208 764 Missae,

1211 759 1406 802 simpliciter
1439 769 1566 805 pugnat
1601 773 1674 795 cum
1711 765 1863 797 doctrina
1899 766 1940 798 118
1971 767 2093 799 iustitia
2118 768 2208 808 tidei,

1210 815 1296 846 quae
1331 805 1443 842 docet,
1480 807 1570 849 quod
1595 809 1826 840 remissionem
1850 818 2065 851 peccatorum
2089 822 2208 845 conse·

1210 858 1352 889 quamur
1375 847 1466 881 nulla
1489 860 1526 882 re
1550 851 1611 882 nisi
1636 851 1713 889 fide,
1739 863 1827 894 quae
1846 855 1961 885 statuit
1976 854 2083 886 Deum
2109 857 2207 888 nobis

1208 892 1388 934 ignoscere
1411 901 1550 935 propter
1574 893 1742 928 Christum
1766 898 1884 938 gratis,
1909 908 1975 930 non
1999 906 2136 940 propter
2158 899 2208 932 ul-

1208 934 1275 967 lum
1299 947 1386 978 opus
1410 935 1465 969 vel
1489 946 1640 970 nostrum
1664 938 1718 981 vel
1741 939 1893 973 aliorum.
1924 941 2016 974 ilaec
2041 942 2126 975 fides
2151 954 2207 975 50-

1207 977 1240 1011 la
1263 981 1366 1012 vincit
1390 987 1541 1013 terrores
1566 985 1694 1024 peccati
1719 992 1750 1016 et
1765 986 1893 1016 mortis.
1941 985 2001 1017 Est
2024 987 2123 1029 igitur
2147 988 2205 1020 im-

1208 1024 1328 1065 pietas,
1353 1025 1477 1056 senti-:e
1502 1027 1593 1068 quod
1616 1034 1755 1069 propter
1778 1038 1864 1070 opus
1888 1031 2078 1062 sacerdotis
2111 1031 2208 1064 detur

1207 1068 1359 1099 remissio
1384 1075 1609 1110 peccatorum.
1642 1070 1682 1102 Et
1702 1072 1835 1113 quidem
1859 1084 2002 1105 necesse
2026 1081 2077 1106 est
2092 1086 2206 1108 unum-

1208 1122 1376 1154 quemque
1400 1113 1536 1154 propria
1560 1113 1625 1146 fide
1649 1116 1804 1157 accipere
1829 1118 2060 1150 remissionem
2085 1129 2205 1160 peeca-

1207 1161 1327 1194 torum,
1351 1166 1411 1188 seu
1434 1155 1569 1189 liberari
1592 1168 1612 1190 a
1635 1166 1778 1199 peccato
1802 1167 1831 1192 et
1849 1168 1965 1200 morte,
1989 1163 2077 1194 sicut
2104 1169 2205 1195 testa·

1207 1206 1259 1230 tur
1283 1200 1405 1232 dictum
1429 1200 1587 1234 Abacuc:
1622 1202 1736 1235 lustus
1760 1203 1826 1236 fide
1850 1216 1912 1236 sua
1942 1207 2042 1238 vivet.
2112 1206 2204 1249 Ergo

1206 1253 1272 1274 non
1296 1244 1435 1285 prodest
1459 1243 1602 1277 alienum
1626 1256 1712 1289 opus
1735 1249 1924 1280 sacerdotis
1959 1250 2002 1281 ad
2034 1252 2203 1283 remissio-

1205 1297 1292 1325 nem,
1326 1287 1388 1319 scd
1411 1298 1473 1320 sua
1497 1290 1638 1332 quisque
1666 1290 1731 1323 fide
1754 1291 1976 1333 apprehendit
2001 1294 2202 1327 beneficium

1206 1329 1341 1362 Christi.
1388 1331 1481 1364 Haec
1506 1334 1590 1365 ratio
1615 1332 1705 1366 clare
1728 1334 1986 1377 adplicationem
2012 1339 2203 1371 sacerdotis

1205 1374 1339 1414 refutat,
1374 1381 1406 1407 et
1431 1377 1610 1418 perspicue
1634 1379 1796 1417 ostendit,
1826 1380 1926 1412 fidem
1950 1387 2079 1414 tantum
2102 1383 2203 1416 unico

1205 1416 1329 1450 Christi
1353 1419 1520 1452 sacrificio
1544 1423 1614 1460 niti,
1645 1423 1678 1454 in
1697 1433 1765 1465 quo
1790 1424 1862 1465 ipse
1886 1422 1964 1457 sese
1989 1425 2078 1457 Patri
2105 1428 2202 1460 obtu-

1204 1461 1253 1500 lit,
1279 1469 1309 1494 et
1329 1474 1390 1505 pro
1404 1465 1500 1496 nobis
1518 1463 1628 1498 lactus
1643 1474 1695 1498 est
1709 1467 1854 1506 victima,
1867 1479 1928 1509 pro
1941 1470 2039 1501 nohis
2054 1472 2202 1513 rogavit,

1204 1506 1289 1538 sicut
1315 1507 1435 1550 inquit:
1462 1509 1532 1540 Oro
1552 1517 1663 1542 autem
1683 1521 1749 1543 non
1768 1522 1829 1553 pro
1845 1513 1893 1543 eis
1908 1518 2045 1552 tantum,
2061 1515 2123 1546 sed
2139 1525 2202 1557 pro

1204 1551 1358 1582 omnibus
1383 1552 1437 1594 qui
1454 1553 1612 1586 credituri
1635 1560 1712 1586 sunt
1725 1566 1786 1596 per
1797 1556 1938 1588 verbum
1956 1567 2083 1589 eorum.
2107 1558 2202 1591 Haec

1203 1600 1254 1625 est
1278 1596 1364 1626 enim
1384 1606 1450 1628 vox
1485 1595 1610 1630 Christi
1638 1597 1840 1640 adplicantis
1869 1610 1965 1633 suum
1996 1602 2202 1636 sacrificium

1202 1647 1264 1679 pro
1287 1639 1398 1671 nobis.

1536 1791 1692 1843 Quarta
1732 1794 1863 1835 Ratio.

1288 1899 1380 1933 Haec
1414 1900 1594 1942 adplicatio
1629 1911 1792 1946 repugnat
1827 1905 2025 1939 institutioni
2058 1907 2198 1949 Christi,

1201 1944 1279 1986 quia
1314 1943 1469 1977 Christus
1504 1946 1645 1978 instituit
1680 1947 1768 1979 hanc
1802 1951 2038 1990 ceremoniam,
2075 1963 2142 1984 non
2161 1959 2198 1986 ut

1199 1989 1296 2019 fieret
1318 1999 1379 2030 pro
1404 1987 1478 2021 aliis
1503 2000 1569 2020 non
1592 1992 1773 2031 utentibus,
1797 1993 1857 2025 sed
1881 1994 2021 2026 instituit
2044 1997 2087 2028 ad
2100 2007 2198 2030 usum

1200 2031 1429 2074 singulorum,
1464 2032 1640 2073 videlicet,
1674 2042 1710 2067 ut
1740 2037 1882 2079 quisque
1905 2048 2067 2075 vescens,
2098 2040 2198 2074 fidem

1199 2076 1383 2116 exuscitet,
1414 2083 1447 2108 et
1470 2087 1510 2109 se
1533 2079 1767 2112 recordatione
1792 2081 1944 2113 beneficii
1969 2082 2094 2116 Christi
2118 2095 2197 2118 con-

1199 2118 1344 2159 soletur,
1380 2121 1660 2162 quemadmodum
1694 2125 1798 2156 verba
1830 2125 2046 2158 institutionis
2071 2133 2197 2161 testan-

1199 2169 1267 2195 tur:
1290 2164 1460 2206 Accipite,
1485 2165 1651 2198 comedite
1674 2174 1706 2199 et
1731 2168 1843 2200 bibite.
1890 2168 1982 2212 Ergo
2005 2182 2073 2203 non
2096 2173 2196 2214 prod-

1198 2214 1250 2238 est
1275 2209 1465 2240 ceremonia
1487 2209 1551 2248 iis,
1585 2210 1640 2253 qui
1664 2221 1732 2243 non
1756 2212 1819 2254 ipsi
1843 2219 2001 2253 utuntur,
2038 2216 2104 2248 hoc
2128 2224 2193 2257 est,

1197 2258 1380 2284 vescuntur
1402 2262 1546 2294 corpore
1556 2252 1746 2294 Dominico,
1770 2261 1803 2287 et
1827 2257 1943 2290 bibunt
1967 2259 2038 2291 eius
2058 2262 2195 2303 sangui·

1196 2305 1282 2327 nem.
1306 2295 1380 2327 Nee
1403 2302 1517 2338 potest
1540 2298 1638 2330 unius
1662 2299 1875 2332 manducatio
1899 2300 1995 2334 alteri
2019 2303 2193 2344 adplicari.

1195 2337 1323 2381 Estque
1356 2338 1458 2382 plane
1493 2347 1609 2373 contra
1632 2349 1785 2374 naturam
1809 2343 2114 2387 sacramentorum,
2152 2360 2193 2382 ea

1195 2381 1355 2423 adplicari
1389 2382 1482 2416 aliis:
1518 2384 1613 2417 Sicut
1636 2385 1799 2428 Baptismi
1822 2398 1904 2420 usus
1925 2400 1992 2421 non
2017 2389 2106 2423 valet
2127 2403 2192 2434 pro

1196 2424 1283 2465 aliis,
1308 2437 1371 2459 nee
1394 2433 1507 2469 potest
1530 2426 1626 2460 alteri
1649 2429 1830 2472 adplicari,
1865 2432 1920 2474 qui
1943 2444 2012 2465 non
2034 2435 2109 2476 ipse
2134 2438 2191 2469 ba-

1194 2470 1346 2510 ptizatur.
1377 2470 1458 2503 ltem
1480 2481 1579 2503 nemo
1602 2479 1714 2514 potest
1736 2485 1798 2516 pro
1821 2473 1887 2507 alio
1911 2478 2068 2519 accipere
2090 2481 2190 2513 abso-

1193 2512 1360 2546 lutionem.
1429 2514 1492 2547 Est
1515 2522 1627 2549 autem
1654 2517 1806 2560 impietas
1831 2525 1864 2551 et
1887 2519 2062 2563 impudens
2086 2525 2190 2557 auda·

1193 2557 1263 2597 eia,
1298 2557 1425 2590 Christi
1459 2559 1699 2593 institutionem
1733 2570 1941 2604 pervertere,
1977 2572 2010 2598 et
2043 2566 2188 2611 fingere,

1192 2602 1284 2644 quod
1306 2612 1391 2645 opus
1410 2603 1598 2635 sacerdotis
1621 2605 1729 2647 prosit
1751 2603 1826 2638 aliis
1849 2618 1916 2640 non
1939 2611 2122 2644 utentibus,

1974 2712 2031 2741 45·
