2383 2990
96 140 161 173 625

96 235 174 277 quia
196 233 384 271 crediderit,
406 243 474 264 non
497 238 623 264 tantum
641 233 683 265 de
705 234 901 275 posteritate
924 243 999 271 sua,
1024 233 1084 264 sed

95 277 326 310 remissionem
348 282 574 319 peccatorum.

180 362 281 395 Tales
315 363 499 394 sententiae
522 363 647 403 passim
670 363 790 395 obviae
814 363 901 403 apud
925 361 1084 404 Augusti-

95 418 183 445 num,
206 407 288 438 satis
313 407 491 438 ostendunt
516 416 589 437 eum
612 406 653 437 de
677 406 784 448 gratia
808 413 839 437 et
865 406 906 436 de
921 405 984 436 lide
998 406 1084 436 idem

94 451 218 483 sentire
242 450 331 492 quod
354 460 416 480 nos
440 450 617 487 docemus,
653 450 746 480 Sicut
770 449 866 480 etiam
896 449 937 479 de
960 449 1083 489 Spiritu

95 500 128 526 et
150 493 247 525 litera
271 493 391 534 inquit:
416 492 466 524 Ex
489 491 565 534 lege
585 493 736 523 timemus
760 491 879 529 Deum,
904 502 962 531 per
987 491 1084 522 tidem

93 543 204 569 autem
227 535 437 578 confugimus
460 537 502 567 ad
527 536 797 574 misericordiam,
811 534 872 565 Hic
892 536 1015 566 diserte
1036 535 1083 566 di-

93 581 218 612 scernit
241 578 350 623 legem
373 585 406 611 et
428 578 656 621 Evangelium.

179 665 251 697 Etsi
285 672 394 696 autem
428 665 589 696 interdum
625 665 657 695 in
692 665 762 695 eius
797 665 929 705 scriptis
955 664 1082 706 figurae

93 709 254 740 orationis
277 714 458 740 occurrunt
481 719 546 739 non
570 708 652 738 satis
676 706 860 748 explicatae
884 714 939 738 aut
959 708 1082 738 11100111-

91 753 229 791 modae,
265 752 329 783 hae
364 752 568 792 temporibus
604 752 845 782 condonandae
875 757 968 788 sunt,
1005 751 1082 792 quia

91 795 184 837 vulgi
208 795 414 827 consuetudo
439 794 599 836 quasdam
624 794 750 836 figuras
780 800 961 835 receperat,
977 800 1009 824 ut
1026 805 1082 834 ap·

92 837 304 881 pellationem
328 838 445 875 meriti,
470 843 502 868 et
525 837 609 868 alias
634 838 807 878 quasdam,
829 844 859 868 et
883 837 943 867 has
969 835 1082 877 explo-

91 883 172 913 dere
195 882 284 913 docti
306 891 373 912 non
397 886 568 921 poterant,
604 879 734 911 Deinde
765 891 826 911 nec
850 881 911 921 ipsi
936 880 1082 921 Scripto-

90 935 146 955 res
170 925 252 955 satis
275 922 456 955 assuefacti
479 921 610 954 fuerunt
634 924 674 954 ad
699 930 875 954 accuratas
889 923 1081 964 ‹lisputatio-

91 977 164 1005 1185,
189 973 222 998 81
245 972 369 1008 quanta
392 972 471 997 tunc
494 964 591 997 suerit
616 965 723 1008 caligo
748 967 780 997 in
805 966 974 1003 Ecclesia,
1006 967 1081 997 inde

91 1005 257 1042 aestimari
291 1015 419 1051 potest,
453 1010 542 1051 quod
567 1009 693 1051 Pelagii
728 1010 825 1050 impia
854 1010 964 1051 opinio
989 1016 1079 1040 tanto

91 1063 164 1085 cum
186 1051 306 1094 plausu
331 1060 471 1094 excepta
494 1051 573 1090 fuit,
609 1059 644 1084 ut
666 1053 891 1094 Augustinus,
928 1060 960 1083 et
984 1053 1080 1094 pauci

89 1097 221 1138 quidam
244 1095 298 1127 alii
321 1107 388 1127 non
412 1096 485 1126 sine
510 1097 638 1137 magnis
664 1097 901 1128 certaminibus
925 1106 1080 1127 831111111-

88 1150 148 1171 5115
172 1150 213 1171 ex
235 1138 398 1171 Ecclesiis
422 1137 601 1180 explodere
626 1140 803 1180 potuerint.

175 1225 353 1257 Caeterum
388 1226 429 1256 de
464 1226 662 1256 ceremoniis
695 1226 725 1257 si
749 1226 822 1267 quis
845 1231 989 1256 aetatem
1012 1225 1079 1256 Au-

88 1269 211 1311 gustini
235 1269 332 1300 nobis
357 1269 504 1310 opponit,
529 1269 624 1307 sciat,
661 1279 703 1299 ne
726 1269 789 1310 ipsi
813 1270 942 1310 quidem
967 1269 1079 1311 Augu-

87 1313 176 1343 stino
210 1311 381 1353 placuisse
417 1322 532 1342 01111185
566 1313 649 1343 ritus
685 1317 717 1343 et
756 1313 994 1353 persuasiones
1029 1312 1079 1343 sui

88 1356 262 1396 temporis,
294 1354 456 1395 >Queritur
478 1355 564 1386 enim
587 1354 709 1386 multas
734 1356 986 1396 superstitiosas
1011 1356 1079 1397 opi-

87 1399 206 1429 niones
230 1398 369 1429 haerere
392 1399 425 1428 in
448 1396 615 1436 Ecclesia,
649 1398 807 1429 anteferri
830 1399 991 1430 humanas
1015 1405 1079 1430 tra-

88 1442 232 1473 ditiones
255 1441 443 1482 praeceptis
456 1440 532 1480 Dei,
553 1447 585 1472 et
607 1441 658 1472 510
683 1440 866 1473 cumulatas
892 1452 967 1473 esse
987 1452 1079 1473 cere-

87 1486 228 1523 monias,
263 1490 298 1515 ut
321 1484 517 1516 ludaeorum
551 1485 694 1516 servitus
730 1484 936 1516 tolerabilior
970 1484 1079 1524 fuerit,

89 1539 188 1570 quam
211 1527 396 1559 Ecclesiae.
446 1527 558 1558 Verba
593 1528 662 1559 eius
691 1527 775 1559 haec
799 1534 874 1559 sunt
897 1529 938 1560 ad
964 1528 1078 1560 lanua-

92 1572 177 1602 rium
200 1569 353 1611 Epistola
380 1570 450 1601 119.
486 1570 595 1611 Ipsam
619 1577 728 1602 tamen
748 1570 954 1614 religionem,
979 1583 1079 1614 quam

88 1614 296 1656 paucissimis
320 1620 353 1644 et
376 1613 654 1645 manifestissimis
678 1613 936 1647 celebrationum
967 1626 1079 1647 sacra-

88 1657 219 1695 mentis,
243 1657 475 1688 misericordia
498 1656 563 1688 Dei
588 1668 663 1688 csse
684 1657 822 1689 liberam
847 1658 952 1690 voluit
976 1660 1079 1690 servi-

87 1700 177 1732 libus
202 1701 358 1731 oneribus
381 1707 554 1741 premunt,
590 1706 625 1731 ut
649 1699 855 1732 tolerabilior
879 1701 977 1733 fucrit
1001 1713 1079 1733 con-

89 1744 168 1775 ditio
181 1743 390 1781 ludaeorum,
415 1744 470 1784 qui
493 1749 601 1774 tamen
625 1744 744 1775 divinis
767 1743 911 1787 legibuS,
935 1756 1001 1776 11011
1020 1745 1078 1777 1111-

88 1787 207 1824 manis,
229 1786 351 1817 subditi
375 1792 479 1818 erant.
535 1786 577 1817 Et
599 1788 738 1827 primum
763 1788 803 1819 tle
827 1789 943 1819 ritibus
966 1789 1080 1820 huma-

87 1830 140 1860 nis
163 1829 285 1870 inquit:
320 1829 437 1860 Totum
460 1829 526 1861 hoc
549 1840 655 1872 genus
679 1841 807 1869 rerum,
832 1830 955 1862 liberas
978 1831 1079 1864 habet

88 1873 356 1904 observationes.

85 1915 251 1947 humanos
275 1917 434 1956 praccidI,
458 1916 549 1958 Ergo
573 1928 639 1948 non
664 1917 708 1948 ita
731 1919 850 1958 probat
870 1918 1078 1960 Augustinus

87 1959 295 1991 ceremonias
319 1959 370 1989 sui
394 1961 564 2000 temporis,
588 1967 622 1991 ut
635 1959 822 1992 Ecclesiam
846 1962 888 1992 ad
912 1972 984 1992 83111
1002 1973 1078 1993 nor—

86 2013 172 2033 mam
196 2002 353 2033 constitui
376 2001 585 2040 x'elit,)lulta
605 2005 691 2034 enim
714 2010 847 2045 recepta
862 2011 967 2043 erant,
993 2016 1077 2047 quae

86 2055 128 2077 ne
151 2045 224 2086 ipse
249 2046 380 2087 quidem
403 2047 543 2087 probat,
578 2047 642 2078 imo
677 2048 875 2088 reprehendi
899 2054 932 2079 et
956 2050 1077 2091 corripi

86 2087 169 2126 vult,
204 2089 365 2129 quaedam
395 2099 488 2120 more
516 2088 603 2121 illius
637 2092 796 2131 temporis
832 2093 1007 2130 observat,
1041 2099 1077 2124 ut

86 2141 203 2163 omnes
227 2132 457 2173 praesentibus
481 2134 628 2164 moribus
652 2133 755 2166 multa
775 2136 1014 2166 condonamus.

173 2216 279 2248 Huius
312 2223 420 2249 aetate
444 2219 705 2259 percrebescere
728 2220 910 2252 Sermones
935 2221 975 2252 de
999 2232 1075 2262 pur-

87 2260 217 2303 gatorio
242 2267 441 2301 coeperunt,
476 2271 561 2303 quos
585 2263 658 2303 ipse
680 2274 743 2294 nec
766 2262 889 2295 refutat
912 2274 973 2294 nec
998 2275 1076 2296 con-

86 2304 207 2342 firmat,
231 2309 357 2335 tantum
380 2310 506 2343 narrat,
529 2305 692 2346 inquiens,
717 2307 879 2348 quosdam
903 2308 952 2338 sic
965 2308 1075 2339 existi-

85 2357 177 2378 mare
210 2358 345 2389 purgari
380 2348 508 2378 animas
531 2348 673 2389 piorum,
706 2357 884 2392 postquam
910 2351 1075 2382 discesse-

85 2396 161 2421 runt
195 2400 215 2421 a
262 2392 470 2431 corporibus.
527 2391 595 2422 Sed
628 2391 714 2423 libro
758 2392 1007 2425 confessionum
1043 2394 1073 2426 9.

85 2433 165 2474 petit
189 2433 240 2464 his
265 2434 378 2465 verbis
403 2435 625 2475 precationem
643 2447 704 2477 pro
724 2443 852 2468 mortua
876 2444 994 2468 matre:
1023 2437 1074 2469 ln-

85 2476 177 2517 spira
200 2476 344 2508 Domine
367 2478 475 2509 servis
500 2479 584 2516 tuis,
618 2485 655 2510 ut
678 2480 718 2511 ad
742 2479 845 2511 311318
870 2481 1075 2513 meminerint

85 2520 199 2555 matris
230 2529 323 2551 meae
347 2526 379 2552 et
401 2522 516 2562 patris.
561 2521 634 2553 Nec
656 2524 738 2563 petit
766 2523 918 2565 amplius.
965 2524 1075 2560 Quan-

86 2573 183 2604 quam
207 2570 317 2594 autem
339 2563 405 2595 1100
428 2566 616 2596 verecunde
640 2566 758 2598 dicitur
780 2568 869 2608 apud
888 2566 995 2606 illum,
1027 2575 1074 2600 ta-

85 2616 160 2638 men
193 2617 282 2638 nunc
315 2606 461 2639 sceleste
494 2609 710 2651 detorquetur
732 2611 775 2642 ad
799 2609 1000 2643 oblationem
1021 2622 1075 2644 sa-

248 2676 397 2696 MELAMTH.
414 2677 494 2696 OPER,
510 2677 575 2699 ΥΟΕ.
589 2677 674 2697 11111.

401 1871 531 1904 Deinde
568 1874 691 1905 diserte
724 1875 815 1905 iubet
838 1873 970 1906 inutiles
995 1876 1078 1907 ritus
1104 1871 1107 1880 ¹

542 138 601 170 vt.
628 137 690 170 DE
712 137 932 170 ECCLESIA
954 137 1010 170 ET
1033 137 1095 169 DE
1118 138 1402 170 AUTORITATE
1426 138 1562 171 VERBI
1584 139 1672 171 DEI.

1108 231 1113 450 ι

1100 2178 1105 2201 l

2062 141 2127 173 626

1137 234 1299 264 cramenti
1322 245 1383 275 pro
1406 235 1557 274 mortuis,
1583 233 1689 277 qualis
1713 235 1860 266 nondum
1882 234 1943 266 fuit
1966 235 2126 279 Augusti-

1136 277 1170 308 ni
1193 283 1353 318 tempore.

1222 362 1370 394 Fuerunt
1393 370 1426 395 et
1449 370 1528 395 vota
1551 365 1672 395 usitata
1703 374 1743 395 eo
1768 370 1932 405 tempore,
1969 371 2000 396 et
2025 375 2126 407 quae·

1136 406 1196 437 stio
1215 407 1338 445 incidit,
1362 417 1404 438 an
1429 409 1584 449 coniugia
1602 414 1676 448 post
1691 414 1804 439 votum
1819 414 1991 439 contracta
2005 407 2126 439 dissol-

1137 450 1168 480 vi
1192 449 1347 480 debeant.
1393 450 1465 482 Hac
1490 451 1531 481 de
1554 461 1591 482 re
1615 456 1702 481 extat
1722 452 1887 482 sententia
1901 451 2078 493 Augustini
2092 452 2125 483 in

1136 492 1290 523 Decretis
1314 493 1367 524 27.
1388 505 1420 535 q.
1446 494 1474 524 l.
1500 505 1529 525 0.
1554 495 1748 535 nuptiarum.
1796 494 1856 525 Hic
1880 495 1942 525 etsi
1966 495 2125 536 Augusti-

1136 545 1198 566 nus
1232 534 1308 576 plus
1343 537 1456 567 tribuit
1490 538 1577 568 votis
1605 547 1709 578 quam
1745 538 1981 575 conveniebat,
2016 544 2126 570 tamen

1135 579 1326 619 pronuntiat
1350 580 1505 622 coniugia
1529 586 1604 621 post
1623 588 1736 611 votum
1761 587 1933 612 contracta
1956 592 2025 612 non
2048 592 2127 613 8558

1135 620 1369 660 dissolvenda,
1406 628 1438 653 et
1461 621 1605 654 affirmat
1631 634 1708 654 vere
1733 634 1809 655 esse
1840 625 2011 665 coniugia,
2048 625 2126 666 quia

1134 663 1241 695 altera
1264 675 1412 705 persona
1435 676 1501 696 11011
1526 667 1623 697 (181181
1648 677 1721 697 011111
1745 668 1860 698 iniuria
1884 666 2020 699 alterius
2041 668 2126 698 redi-

1135 718 1171 738 re
1204 708 1247 738 ad
1284 714 1405 740 votum.
1453 708 1524 739 Nec
1558 709 1594 740 fit
1628 708 1788 751 obligatio
1818 711 1910 741 irrita
1934 711 2018 742 inter
2042 711 2126 742 duas

1134 760 1310 791 personas,
1344 753 1473 783 etiamsi
1509 751 1614 783 altera
1638 753 1745 784 attulit
1768 755 1982 785 mutationem
2006 755 2126 794 prioris

1134 795 1307 835 propositi.
1355 795 1445 826 Haec
1476 796 1508 826 in
1532 805 1659 826 Summa
1684 797 1761 827 (11011
1790 797 1823 827 111
1847 807 1886 828 80
1911 803 2011 828 textu.
2058 798 2126 829 Sed

1135 836 1210 878 plus
1224 836 1436 869 valuiterror
1460 839 1501 869 de
1526 840 1624 876 10115,
1648 849 1746 880 quam
1769 839 1855 871 11380
1878 841 2040 881 mitigatio
2059 841 2126 872 Au-

1135 881 1270 923 gustini.
1316 882 1392 912 Ideo
1429 883 1682 913 constitntiones
1707 889 1823 923 postea
1848 890 1985 914 secutae
2008 884 2126 915 distra-

1133 930 1252 955 xerunt
1277 925 1440 966 coniugia.
1489 925 1578 957 vidit
1592 926 1800 967 Augustinus
1825 925 1914 957 illam
1938 927 2126 958 distractio-

1135 978 1209 998 nem
1244 968 1399 999 vitiosam
1434 978 1529 1006 esse,
1573 969 1634 999 sed
1669 979 1735 999 non
1770 971 1852 1000 satis
1889 970 2126 1008 consideravit,

1133 1010 1210 1052 qnid
1233 1011 1266 1041 in
1290 1011 1372 1051 ipsis
1396 1012 1495 1043 etiam
1518 1013 1605 1043 votis
1630 1013 1697 1043 vitii
1721 1012 1832 1050 fuerit,
1858 1014 1946 1054 quod
1970 1019 2043 1044 erat
2067 1014 2126 1045 ob—

1133 1054 1276 1085 scurius.
1323 1054 1528 1086 Vincebatur
1563 1056 1648 1086 cnim
1684 1054 1879 1098 vulgaribus
1916 1057 2126 1097 opinionibus

1133 1098 1186 1128 sui
1215 1095 1332 1128 seculi.
1378 1097 1445 1129 Iam
1480 1109 1552 1129 mos
1578 1105 1733 1139 receptus
1758 1105 1828 1130 erat
1862 1098 2004 1131 faciendi
2036 1106 2125 1131 vota.

1132 1140 1256 1182 Magna
1280 1146 1352 1172 erat
1374 1141 1547 1172 admiratio
1573 1141 1749 1173 multorum
1768 1144 1800 1173 111
1824 1153 1864 1173 80
1888 1144 1976 1174 vitae
2001 1154 2126 1186 genere

1133 1184 1331 1225 degentium.
1378 1185 1561 1215 Admiratio
1598 1193 1709 1216 autem
1738 1186 1859 1217 iudicio
1885 1184 2001 1218 officit.
2048 1187 2125 1218 Non

1133 1227 1231 1268 igitur
1266 1227 1466 1268 disputabat,
1503 1239 1545 1259 an
1580 1228 1728 1260 valerent
1762 1236 1858 1267 vota,
1895 1240 1970 1261 cum
1993 1230 2125 1271 quidem

1132 1268 1225 1301 multi
1249 1276 1363 1301 essent
1387 1281 1520 1302 errores
1543 1271 1690 1312 impliciti
1713 1271 1796 1311 illis,
1830 1272 2042 1304 habebantur
2063 1284 2124 1314 pro

1132 1311 1286 1352 cultibus,
1320 1324 1381 1355 pro
1408 1313 1568 1356 singulari
1593 1316 1709 1346 merito
1733 1316 1897 1353 iustitiae,
1932 1326 1994 1358 pro
2018 1317 2124 1357 perfe-

1133 1356 1254 1395 ctione,
1289 1357 1366 1387 item
1390 1356 1560 1399 plerisque
1586 1364 1681 1389 erant
1704 1358 1934 1400 impossibilia,
1980 1359 2072 1391 Haec
2095 1361 2124 1391 51

1131 1401 1224 1441 prius
1257 1398 1460 1439 refutasset,
1508 1400 1626 1433 melius
1661 1402 1840 1444 prohibere
1873 1403 2125 1437 distractionem

1131 1444 1362 1486 coniugiorum
1380 1445 1555 1486 potuisset.

1219 1528 1360 1562 Constat
1393 1531 1493 1572 igitur
1527 1530 1650 1563 multos
1675 1533 1800 1563 abusus
1823 1531 1881 1563 illa
1911 1538 2020 1564 aetate
2058 1533 2124 1564 iam

1131 1571 1283 1605 haesisse
1307 1574 1338 1605 in
1364 1572 1535 1612 Ecclesia,
1567 1586 1706 1616 quorum
1731 1576 1792 1606 etsi
1816 1575 1982 1617 aliquibus
2006 1577 2123 1608 adver-

1132 1622 1226 1648 satus
1251 1617 1532 1659 estAugustinus‚
1557 1624 1665 1649 tamen
1690 1617 1821 1661 aliquos
1845 1620 1922 1650 boni
1946 1618 2124 1658 consuluit,

1132 1661 1186 1701 qui
1210 1666 1388 1702 postquam
1411 1662 1528 1692 retecti
1553 1668 1642 1700 sunt,
1666 1673 1732 1693 non
1757 1663 1877 1694 debent
1892 1662 2034 1694 defendi.
2054 1663 2123 1694 De-

1131 1704 1207 1735 inde
1231 1705 1358 1735 etiamsi
1381 1710 1530 1735 veterum
1554 1704 1705 1747 exempla
1730 1713 1956 1747 suotempore
1970 1707 2122 1738 dissimu-

1131 1746 1199 1777 lata
1223 1754 1310 1788 sunt,
1335 1753 1443 1779 tamen
1468 1759 1556 1794 nupc
1579 1749 1621 1779 ad
1646 1749 1892 1780 confirmandos
1907 1751 2050 1782 maiores
2063 1751 2122 1782 ab·

1131 1800 1212 1821 usus
1247 1801 1455 1833 nequaquam
1489 1793 1735 1823 accommodari
1767 1794 1906 1831 debent,
1941 1800 1976 1825 ut
1998 1804 2122 1835 nequa·

1132 1844 1230 1876 quain
1254 1833 1343 1865 valet
1368 1836 1622 1876 consequentia:
1668 1836 1878 1877 Augustinus
1902 1837 1990 1868 iubet
2013 1838 2055 1868 ad
2075 1835 2121 1868 al-

1131 1883 1203 1908 tare
1226 1879 1452 1919 precationem
1475 1879 1546 1909 fieri
1570 1889 1630 1920 pro
1655 1886 1773 1918 matre,
1808 1880 1899 1922 Ergo
1933 1882 2121 1922 approban-

1131 1921 1193 1951 dae
1216 1927 1294 1952 sunt
1316 1920 1442 1953 Missae
1465 1932 1525 1962 pro
1549 1923 1697 1954 mortuis,
1733 1923 1818 1954 Aut:
1842 1924 2018 1965 Augustini
2041 1931 2121 1956 tem-

1129 1974 1212 2005 pore
1232 1965 1364 2006 quidam
1387 1965 1634 1997 arbitrabantur
1657 1976 1734 1997 esse
1758 1968 2003 2008 purgatorium,
2027 1967 2119 2009 Ergo

1130 2009 1368 2048 approbandae
1402 2014 1480 2039 sunt
1508 2008 1653 2047 Missae,
1688 2010 1934 2052 indulgentiae,
1969 2017 2002 2042 et
2033 2010 2121 2044 aliae.

1130 2049 1355 2089 fundationes,
1386 2063 1446 2093 pro
1471 2053 1607 2083 mortuis
1629 2054 1851 2095 excogitatae.
1897 2054 1981 2085 Nam
2003 2054 2119 2096 Augu-

1129 2095 1206 2125 stini
1230 2100 1379 2135 tempore
1403 2096 1549 2126 nondum
1573 2102 1667 2127 erant
1690 2097 1753 2127 hae
1776 2098 1990 2139 prodigiosae
2007 2098 2118 2140 impie-

1129 2143 1226 2176 tates,
1249 2139 1312 2169 etsi
1335 2136 1495 2179 paulatim
1518 2140 1643 2170 semina
1668 2150 1788 2182 sparsa
1810 2147 1899 2172 sunt.

1467 2305 1532 2345 De
1566 2305 1772 2361 Gregorio.

1212 2439 1311 2470 Anno
1338 2438 1413 2471 590.
1448 2440 1516 2471 iniit
1545 2440 1777 2473 Pontificatum
1803 2442 2004 2485 Gregorius,
2040 2454 2115 2477 cum

1125 2488 1240 2514 essent
1263 2483 1370 2514 exacti
1393 2484 1470 2514 anni
1494 2490 1570 2525 post
1594 2485 1771 2526 Augustini
1796 2492 1935 2517 mortem
1961 2487 2033 2518 157.
2064 2487 2114 2519 ln-

1125 2532 1215 2557 terea
1235 2526 1433 2558 influxerant
1457 2526 1628 2559 inltaliam
1651 2527 1772 2560 multae
1795 2530 1959 2561 barbarae
1983 2537 2112 2572 gentes,

1126 2568 1239 2608 Gothi,
1262 2570 1490 2612 Longobardi,
1515 2576 1547 2601 et
1571 2570 1686 2603 horum
1709 2573 1804 2604 socii.
1850 2572 1891 2604 Et
1913 2584 1981 2605 non
2003 2574 2113 2607 solum

1125 2614 1235 2645 studia
1257 2612 1426 2645 literarum
1439 2613 1679 2655 conti-caeram,
1703 2622 1734 2648 et
1745 2615 1919 2649 Ecclesiae
1937 2614 2112 2660 neglectae

1903 2679 1937 2702 40
