2383 2990
167 114 232 147 389
821 112 864 145 V.
888 111 1158 144 EXPLICATIO
1183 113 1383 147 SYMBOLI
1405 114 1567 147 NICENL
2147 119 2212 152 390

166 209 351 242 Zachariae
377 208 405 239 1.
454 207 694 240 Convertimini
718 209 759 240 ad
784 219 848 248 me,
872 215 904 240 et
928 218 993 250 ego
1019 219 1159 240 conver-

165 261 216 286 tar
240 254 282 285 ad
306 262 380 284 vos.
426 251 543 283 Lucae
566 252 619 283 21.
644 252 765 291 Orate,
790 260 825 284 ut
849 253 987 294 possitis
1012 251 1159 294 effugere

163 303 307 329 ventura
337 294 436 327 mala.
496 294 596 327 Deut.
620 295 651 327 8.
710 296 786 328 Non
810 298 843 327 in
867 295 943 327 solo
968 306 1055 337 pane
1079 296 1159 327 vivit

162 340 283 379 homo,
318 340 379 371 sed
414 340 445 371 in
481 340 569 370 omni
603 341 708 372 verbo
745 340 834 382 quod
858 341 1010 381 procedit
1035 349 1075 370 ex
1101 350 1160 371 ore

162 384 235 416 Dei.
304 382 420 414 Mattb.
445 383 498 414 21.
570 384 688 415 Omnia
714 395 799 426 quae
823 384 944 425 petetis
969 383 1159 422 credentes,

161 428 345 470 accipietis,
369 427 402 459 Si
427 428 574 458 dixeritis
600 428 676 459 huic
695 428 815 459 monti:
841 428 929 458 iacta
954 433 985 458 te
1010 427 1043 458 in
1056 438 1159 466 mare,

160 471 226 503 fiet.
297 469 432 502 Psalmo
456 471 509 502 23.
573 471 712 503 Etiamsi
744 469 961 503 ambulavero
994 472 1025 502 in
1050 471 1157 502 medio

159 517 298 547 umbrae
319 516 450 553 mortis,
476 525 542 546 non
566 516 688 546 timebo
713 514 848 553 malum,
874 515 950 556 quia
974 521 1008 546 tu
1028 525 1158 546 mecum

160 569 208 591 es.
233 558 370 590 Psalmo
394 559 426 591 9.
450 558 586 590 Exaltes
611 569 664 590 me
688 559 729 590 (le
754 559 859 600 portis
884 559 1012 589 mortis.
1039 557 1156 589 Matth.

159 603 190 635 8.
237 602 273 634 Si
299 603 360 641 viS,
384 608 480 644 potes
505 613 556 634 me
582 602 753 640 mundare,
779 600 876 640 volo,
903 602 1046 634 mundus
1071 609 1155 634 esto.

158 645 252 678 Talia
277 647 365 678 dicta
389 647 499 678 onmia
518 652 684 678 testantur
696 646 805 677 Deum
827 656 903 677 esse
928 656 1035 688 agens
1058 644 1157 677 liber-

157 691 288 726 rimum,
326 696 358 721 et
393 700 496 731 saepe
530 688 649 721 tollere
673 697 728 721 aut
760 688 866 721 lenire
894 701 1035 732 poenas,
1071 700 1158 731 quae

157 735 221 765 iam
245 734 362 765 ordine
387 733 492 777 legis,
527 740 560 765 et
584 744 763 765 causarum
787 734 1012 765 secundarum
1037 734 1068 765 in
1094 744 1156 764 nos

156 778 295 809 irruunt.

244 855 287 887 Ut
322 856 422 898 igitur
456 866 602 887 necesse
637 861 689 887 est
736 856 768 887 in
811 856 899 887 omni
944 856 1158 888 invocatione

154 900 396 942 promissiones
421 900 584 941 cogitare,
608 906 660 931 ut:
686 897 795 931 Petite
820 906 851 930 et
876 901 1059 941 accipietis.
1106 899 1156 930 ln-

155 954 242 976 voca
274 954 325 975 mc
356 945 387 975 in
423 943 476 975 die
502 942 740 982 tribulationis,
765 950 796 975 ct
820 954 884 986 ego
910 945 1048 986 eripiam
1068 950 1099 975 te
1124 949 1156 975 et

155 986 295 1020 similes.
321 988 377 1019 Sic
401 994 434 1018 et
458 988 672 1029 cogitandum
697 994 760 1025 est,
787 986 895 1019 Deum
919 988 1044 1019 adesse
1063 998 1156 1019 crea-

155 1033 254 1070 turis,
290 1039 322 1063 et
358 1042 435 1063 esse
466 1029 670 1063 liberrimum
694 1042 813 1073 agens,
849 1038 882 1063 et
907 1041 1009 1072 posse
1035 1030 1154 1063 tollere

154 1081 210 1107 aut
234 1075 384 1117 mitigare
409 1073 507 1113 mala,
529 1075 658 1106 etiamsi
683 1085 808 1106 causae
844 1076 1016 1107 secundae
1041 1075 1154 1107 viden-

153 1126 207 1150 tur
231 1119 423 1157 adversari,
459 1119 534 1150 ideo
559 1119 683 1150 dictum
707 1126 757 1150 est
784 1119 826 1149 ‹le
850 1119 1040 1150 Abraham:
1076 1118 1154 1150 Cre-

153 1163 234 1194 didit
264 1169 385 1195 contra
420 1173 514 1203 spem
550 1164 581 1193 in
607 1172 711 1203 spem.
776 1162 817 1193 Et
841 1173 899 1194 rex
925 1162 1083 1203 losaphat
1107 1163 1154 1194 in-

154 1207 239 1248 quit:
266 1206 349 1237 Cum
370 1206 538 1237 nescimus
563 1206 640 1247 quid
667 1206 709 1236 sit
729 1206 908 1248 agendum,
933 1205 1022 1237 oculi
1048 1208 1153 1238 nostri

154 1250 196 1281 ad
216 1249 397 1281 Dominum
421 1247 591 1281 tollantur.
638 1248 680 1280 Et
703 1248 808 1290 Ephe.
834 1250 865 1280 3.
891 1250 1022 1287 dicitur,
1043 1249 1153 1281 Deum

154 1304 258 1336 posse
283 1292 463 1326 excellenti
486 1294 598 1331 modo,
623 1299 655 1324 et
679 1292 881 1325 excellentia
907 1294 1029 1332 facere,
1067 1304 1153 1336 quae

153 1338 298 1378 petimus
335 1347 437 1378 supra
473 1348 571 1379 quam
608 1335 835 1378 intelligimus.
905 1336 945 1368 Et
982 1336 1071 1368 Psal.
1099 1338 1152 1368 71.

155 1380 328 1411 Liberavit
352 1391 534 1421 pauperem
559 1381 610 1411 cui
636 1390 702 1411 non
727 1387 799 1411 erat
823 1380 966 1412 adiutor.
992 1380 1152 1412 Psawo.

153 1422 237 1455 Cum
261 1424 334 1465 ipso
359 1434 433 1454 sum
457 1424 488 1454 in
514 1422 739 1455 tribulatione.
787 1423 910 1455 Oseae.
938 1425 964 1454 l.
1002 1424 1152 1457 Salvaho

152 1477 212 1499 eos
236 1478 303 1499 non
328 1467 360 1499 in
385 1478 467 1499 arcu
490 1478 552 1498 nec
572 1468 604 1499 in
625 1466 749 1509 gladio,
769 1469 830 1499 sed
854 1469 886 1499 in
908 1467 1050 1499 Domino
1065 1467 1152 1507 Deo,

151 1512 184 1543 id
208 1518 272 1550 est,
297 1510 380 1543 Filio
404 1522 479 1543 suo.
534 1511 576 1543 Et
600 1510 721 1543 Zacha.
748 1511 778 1543 4.
835 1511 910 1543 Non
934 1512 966 1543 in
991 1513 1153 1551 exercitu,

150 1566 213 1587 nec
244 1556 274 1587 in
307 1556 449 1594 robore,
485 1555 546 1586 sed
570 1556 602 1586 in
634 1556 759 1597 Spiritu
782 1566 856 1587 meo
883 1555 1060 1588 defendam
1079 1566 1151 1591 eos,

151 1600 229 1631 dicit
252 1599 417 1631 Dominus
442 1600 658 1631 exercituum.

237 1678 331 1711 Talia
366 1678 455 1710 dicta
490 1677 595 1710 multa
624 1678 691 1709 sint
724 1678 758 1709 in
793 1684 990 1720 conspectu,
1026 1685 1060 1710 ut
1083 1679 1151 1711 sint

152 1721 417 1763 consolationes,
452 1723 642 1754 accendant
676 1722 925 1754 invocationem
960 1728 992 1754 et
1028 1722 1149 1754 confir-

150 1772 241 1798 ment
276 1766 375 1797 fidem
411 1772 443 1797 et
477 1776 585 1808 spem,
622 1772 654 1796 et
683 1772 718 1797 ut
743 1766 976 1798 consideretur
998 1767 1150 1808 potentia

149 1809 227 1848 Dei,
251 1809 443 1851 praesentia
468 1816 498 1841 et
523 1808 679 1853 gloriatio
702 1810 736 1841 in
760 1808 927 1842 Ecclesia.

238 1887 299 1919 Est
335 1894 447 1919 autem
481 1887 622 1919 libertas
657 1888 690 1919 in
724 1887 800 1920 Deo
834 1898 938 1930 posse
974 1894 1148 1921 creaturas

149 1932 296 1964 condere
332 1938 364 1963 et
398 1942 464 1963 non
491 1932 650 1971 condere,
680 1942 783 1974 posse
807 1943 1012 1964 conservare
1036 1939 1069 1965 et
1092 1934 1148 1965 de-

149 1982 292 2016 struere,
312 1982 345 2009 et
368 1977 485 2008 invare
504 1976 648 2007 mediate
671 1987 731 2018 per
755 1983 942 2015 creaturas,
980 1983 1013 2008 et
1036 1977 1148 2009 imme-

148 2020 236 2052 diate
269 2027 367 2052 extra
401 2026 589 2058 creaturaS,
619 2026 652 2052 et
682 2031 872 2062 quanquam
908 2027 1034 2052 tantum
1060 2022 1147 2053 bona

147 2064 239 2103 facit,
274 2071 382 2096 tamen
419 2074 521 2106 posse
557 2065 646 2095 bona
680 2063 876 2106 multiplicia
911 2071 943 2096 et
972 2063 1147 2096 dissimilia

146 2107 271 2140 facere.
340 2108 432 2140 Haec
455 2109 595 2149 primum
621 2108 760 2140 scienda
785 2115 873 2147 sunt,
906 2109 983 2151 quia
1007 2107 1146 2141 libertas

98 2186 104 2190 ,
147 2154 179 2184 in
204 2152 278 2184 Deo
303 2159 355 2185 est
377 2151 455 2184 fons
480 2153 728 2195 contingentiae
752 2158 786 2185 et
808 2152 973 2184 libertatis
997 2154 1031 2185 in
1055 2163 1146 2185 crea-

147 2197 242 2228 turis,

207 2366 282 2407 DE
317 2364 756 2407 CONTINGENTIA
788 2366 858 2407 ET
893 2365 1089 2408 CAUSA

509 2443 768 2486 PECCATI.

232 2573 378 2604 Primum
414 2573 631 2604 considerent
665 2572 826 2612 Studiosi,
862 2573 940 2615 quid
962 2572 1143 2605 .vocabula

146 2617 352 2659 significent:
398 2616 610 2648 Necessitas:
657 2616 935 2659 Impossibilitas,
974 2617 1172 2662 Libertas,¹

1212 209 1465 284 fontipgentia,
1505 217 1538 244 et
1577 212 1755 244 traduntur
1792 211 2034 256 explicationes
2069 215 2102 247 in
2132 215 2213 247 Dia-

1227 261 1354 286 ecttcis.

1301 333 1386 365 Sunt
1409 340 1519 365 autem
1543 339 1686 376 quatuor
1710 334 1846 367 Gradus
1870 336 2092 368 necessitatis-

1302 411 1431 442 Primus
1467 419 1516 443 est
1552 414 1818 454 propositionum
1853 415 1894 447 de
1925 416 2073 447 essentia
2108 421 2142 447 et
2171 416 2213 449 de

1212 456 1472 497 proprietatibus
1503 455 1578 494 Dei,
1609 464 1663 488 ut:
1699 456 1793 489 Deus
1829 465 1880 490 est
1915 460 2062 500 sapiens,
2095 470 2212 499 verax,

1212 497 1334 530 volens
1369 500 1467 537 iusta,
1492 507 1596 532 casta.
1656 500 1716 531 Est
1741 508 1850 533 autem
1876 502 2070 545 simpliciter
2093 513 2212 535 neces-

1213 544 1349 581 sarium,
1374 544 1463 585 quod
1488 550 1540 575 est
1564 555 1704 585 prorsus
1729 545 1942 580 immutabile,
1969 553 2001 578 et
2021 547 2116 579 cuius
2131 558 2212 579 con-

1212 588 1444 618 tradictorium
1469 594 1521 619 est
1544 587 1740 628 simpliciter
1764 589 1983 631 impossibile,
2008 592 2053 622 ita
2076 598 2109 622 ut
2136 603 2212 623 cau-

1212 642 1252 662 sa
1275 641 1341 661 non
1366 632 1473 672 possit
1501 632 1634 673 quidem
1659 630 1755 663 aliter
1778 643 1893 675 agere,
1929 633 2017 666 hanc
2040 635 2213 667 nominant

1211 673 1403 706 absolutam
1428 676 1676 707 necessitatem.

1300 754 1476 786 Secundus
1514 753 1649 785 Gradus
1686 760 1737 785 est
1773 754 1998 787 definitionum
2019 762 2050 787 et
2075 756 2210 789 demon-

1210 799 1420 835 strationum,
1445 808 1532 840 quae
1557 798 1655 829 etiam
1680 808 1820 840 prorsus
1845 805 1923 831 sunt
1952 799 2185 833 immutabiles.

1298 876 1430 908 Tertius
1455 876 1589 907 Gradus
1613 883 1665 908 est
1689 878 1879 909 necessitas
1905 877 2065 920 Physica,
2095 877 2211 910 videli-

1211 927 1263 951 cet
1295 921 1378 952 ordo
1409 921 1440 951 in
1470 922 1650 959 creaturis,
1688 929 1721 953 ut
1756 927 1864 952 motus
1889 920 1971 952 solis
2004 928 2037 953 et
2071 923 2104 953 in
2137 921 2211 954 aliis

1210 965 1387 1003 creaturis,
1411 965 1579 996 actionum
1605 965 1700 1003 ordo,
1726 965 1782 1007 qui
1802 976 1868 997 non
1884 972 1994 1007 potest
2009 967 2127 997 mutari
2152 978 2211 1008 po-

1210 1009 1311 1040 tentia
1337 1015 1524 1046 creaturae,
1545 1009 1603 1039 sed
1629 1009 1795 1050 potuisset
1819 1008 1916 1040 aliter
1941 1009 2059 1047 condi,
2096 1017 2128 1041 et
2152 1021 2211 1052 po-

1210 1058 1275 1084 test
1299 1063 1319 1084 a
1344 1052 1417 1083 Deo
1442 1052 1572 1091 mutari,
1592 1060 1622 1083 et
1649 1052 1743 1084 Deus
1768 1054 1915 1085 ostendit
1929 1051 2031 1085 multa
2045 1052 2211 1095 exempla,

1209 1103 1244 1127 ut
1281 1107 1356 1128 cuin
1381 1096 1477 1128 iussit
1502 1097 1691 1128 consistere
1716 1095 1822 1128 solem
1846 1104 1902 1129 aut
1938 1097 2096 1141 regredi,
2135 1109 2211 1131 cum

1209 1138 1288 1171 fecit
1311 1150 1396 1172 anus
1420 1139 1554 1171 steriles
1580 1140 1776 1172 foecundas.

1297 1218 1446 1254 Quartus
1471 1218 1608 1250 Gradus
1634 1225 1685 1250 est
1717 1217 1942 1257 mutabilium,
1978 1229 2065 1261 quae
2100 1225 2212 1253 tamen

1207 1263 1410 1294 necessitate
1446 1264 1707 1305 consequentiae
1743 1264 1898 1295 dicuntur
1930 1264 2143 1303 necessaria,
2177 1264 2212 1297 id

1208 1313 1272 1344 est,
1298 1317 1385 1349 quae
1409 1313 1487 1338 sunt
1512 1307 1645 1349 quidem
1670 1317 1705 1338 re
1731 1308 1806 1348 ipsa
1830 1305 2021 1346 mutabilia,
2056 1308 2118 1339 sed
2142 1318 2212 1340 non

1209 1357 1395 1389 mutantur,
1430 1348 1484 1382 vel
1519 1351 1595 1393 quia
1626 1351 1675 1382 sic
1711 1362 1730 1382 a
1756 1350 1830 1381 Deo
1863 1351 1999 1382 decreta
2023 1357 2120 1390 sunt,
2155 1351 2212 1384 vel

1209 1395 1286 1436 quia
1310 1400 1495 1436 sequuntur
1519 1405 1560 1426 ex
1585 1396 1698 1426 causis
1723 1404 1808 1436 quae
1833 1405 1899 1425 non
1923 1400 2108 1435 mutantur,
2135 1407 2211 1428 cum

1208 1444 1318 1469 tamen
1344 1438 1462 1470 mutari
1487 1439 1689 1480 potuissent,
1714 1437 1769 1469 vel
1793 1438 1871 1480 quia
1896 1448 1970 1470 cum
1996 1439 2099 1478 liunt,
2131 1450 2211 1471 con-

1207 1482 1423 1513 tradictoriae
1443 1480 1541 1514 simul
1566 1493 1666 1513 verae
1687 1492 1766 1513 esse
1791 1492 1857 1512 non
1882 1489 2046 1523 possunt,
2076 1493 2118 1514 ac
2142 1494 2210 1515 ma·

1207 1536 1275 1567 gna
1295 1525 1529 1557 dissimilitudo
1565 1532 1619 1557 est
1654 1526 1920 1567 propositionum
1945 1526 2044 1558 huius
2069 1528 2209 1569 gradus,

1206 1571 1283 1611 quia
1307 1568 1405 1601 aliter
1424 1570 1635 1602 iudicandum
1656 1576 1705 1601 est
1732 1570 1772 1601 de
1786 1570 1887 1601 rebus
1902 1570 2000 1601 bonis
2014 1581 2101 1612 quae
2126 1570 2210 1603 flunt

1206 1614 1344 1646 decreto
1370 1612 1444 1652 Dei,
1470 1613 1563 1651 Item,
1587 1612 1723 1646 volente
1748 1620 1779 1644 et
1799 1613 1979 1645 adiuvante
2003 1613 2090 1646 Deo.
2138 1615 2209 1647 Ali-

1206 1664 1257 1688 ter
1292 1658 1334 1689 de
1364 1659 1466 1689 rebus
1491 1657 1606 1696 malis,
1643 1668 1731 1699 quae
1756 1657 1837 1689 fiunt
1861 1658 1935 1689 sine
1962 1658 2098 1690 decreto
2130 1658 2207 1698 Dei,

1204 1711 1268 1732 nec
1292 1701 1446 1740 volente,
1473 1712 1534 1733 nec
1555 1700 1762 1743 impellente,
1799 1712 1861 1733 nec
1886 1703 2096 1743 approbante
2119 1702 2207 1736 Deo.

1204 1743 1257 1776 De
1281 1746 1346 1777 hac
1370 1747 1585 1778 distinctione
1609 1752 1728 1788 postea
1753 1746 1925 1787 copiosius
1957 1746 2096 1778 dicetur.

1290 1824 1495 1856 Necessaria
1529 1831 1581 1856 est
1617 1826 1832 1856 resuscitatio
1856 1832 2080 1864 mortuorum,
2128 1826 2207 1868 quia

1202 1866 1298 1900 Deus
1323 1869 1423 1900 edidit
1449 1870 1490 1900 de
1514 1880 1554 1900 ea
1579 1869 1761 1900 decretum.
1812 1868 1935 1900 Paulus
1950 1869 2075 1911 inquit:
2101 1868 2206 1911 Opor-

1203 1918 1249 1943 tet
1284 1913 1444 1944 haereses
1479 1923 1569 1951 esse,
1606 1911 1735 1944 scilicet
1759 1914 1963 1944 necessitate
1993 1924 2205 1956 consequen-

1202 1957 1286 1995 tiae,
1322 1957 1399 1999 quia
1423 1958 1455 1988 in
1481 1957 1593 1989 multis
1618 1957 1761 2000 ingeniis
1792 1968 1915 1999 magna
1939 1963 1989 1988 est
2010 1956 2205 1998 petulantia,

1203 2006 1235 2032 et
1255 2001 1388 2032 incitata
1412 2012 1432 2032 a
1456 1999 1625 2039 Diabolis,
1663 2001 1718 2043 qui
1751 1999 1962 2032 delectantur
1986 2000 2074 2032 ludis
2099 2012 2204 2034 nova-

1202 2055 1275 2076 rum
1299 2045 1510 2086 opinionum,
1541 2056 1583 2077 ex
1607 2045 1658 2076 his
1684 2046 1796 2076 causis
1821 2051 2009 2087 sequuntur
2028 2044 2204 2085 haereses,

1202 2099 1278 2120 cum
1301 2095 1411 2121 tamen
1436 2088 1560 2121 frenari
1585 2095 1616 2120 et
1642 2089 1791 2130 impediri
1816 2095 1968 2131 possent.

1289 2175 1372 2208 Saul
1396 2177 1592 2208 necessario
1617 2176 1764 2218 punitur,
1790 2178 1867 2219 quia
1892 2187 2014 2209 causas
2038 2188 2107 2209 non
2132 2189 2201 2209 mu-

1200 2226 1260 2259 tat,
1291 2232 1366 2252 cum
1390 2227 1508 2262 posset
1532 2231 1599 2252 non
1631 2221 1779 2252 insidiari
1804 2220 1927 2252 Davidi
1953 2228 1985 2253 et
2009 2232 2076 2253 non
2101 2222 2201 2253 inter-

1199 2264 1300 2297 ficere
1325 2264 1542 2297 Sacerdotes.
1589 2263 1745 2307 Denique
1770 2266 1880 2296 omnia
1905 2276 1980 2297 cum
2005 2265 2097 2304 fiunt,
2123 2266 2199 2297 ideo

1198 2314 1278 2341 tunc
1302 2309 1498 2341 necessaria
1522 2309 1677 2341 (licuntur
1700 2310 1906 2340 necessitate
1925 2309 2198 2351 consequentiae,

1199 2354 1276 2395 quia
1299 2353 1582 2384 contradictoriae
1605 2363 1671 2384 non
1697 2360 1839 2394 possunt
1864 2352 1961 2384 simul
1983 2363 2083 2384 verae
2107 2363 2198 2392 esse,

1197 2404 1232 2429 ut
1256 2409 1330 2429 cum
1357 2396 1453 2428 Plato
1478 2397 1585 2434 sedet,
1611 2396 1868 2428 contradictoria
1893 2395 1981 2428 falsa
2006 2403 2068 2428 est.
2100 2395 2198 2429 Plato

1197 2451 1264 2472 non
1289 2442 1395 2479 sedet,
1422 2439 1500 2472 Vult
1520 2441 1605 2472 enim
1620 2439 1714 2472 Deus
1740 2441 1985 2473 distinctionem
2009 2451 2087 2472 esse
2111 2443 2197 2473 inter

1197 2485 1373 2517 veritatem
1398 2491 1430 2517 et
1450 2483 1641 2522 falsitatem,
1665 2492 1697 2516 et
1721 2483 1791 2516 vult
1815 2495 1891 2517 esse
1923 2485 2162 2517 certitudinem.

1284 2573 1377 2606 Haec
1412 2572 1690 2609 commonefactio
1726 2573 1768 2604 de
1792 2572 2020 2616 appellatione
2043 2574 2195 2605 necessi-

1196 2618 1275 2649 tatis
1299 2617 1353 2649 hic
1378 2617 1620 2650 consideretur.

1982 2678 2039 2704 25⁸
