2383 2990
172 128 236 161 681
726 127 813 159 vlu.
860 126 1083 160 DEFENSIO
1109 126 1307 176 CONlUGll
1333 126 1653 159 SACERDOTUM.
1734 167 1736 171 ,
2150 127 2214 158 552

172 223 259 256 haec
281 226 402 255 verba:
426 222 589 254 Promitto
613 224 812 263 castitatem,
837 229 1001 266 quatenus
1026 223 1171 254 humana
1195 261 1197 264 Α
1223 233 1276 255 me
1299 224 1464 255 mandatis
1486 224 1667 256 hominum.
1735 222 1832 255 ltein:
1866 223 1942 254 Non
1973 222 2066 254 Deus
2098 222 2214 254 volens

172 265 338 309 fragilitas
372 267 544 308 permittit.
598 267 638 298 Hi
675 274 767 299 certe
802 278 868 299 non
903 267 1098 309 promittunt
1132 276 1171 297 se
1224 267 1423 308 impietatem
1448 275 1483 299 tn
1508 277 1554 300 es,
1624 267 1698 299 Hoc
1730 274 1842 299 votum
1877 273 1928 298 est
1958 267 2215 308 superstitiosus

172 321 240 343 non
263 320 386 343 usuros
405 320 483 342 esse
507 312 675 342 coniuwio.
720 311 805 343 Nam
830 312 976 343 conditio
1001 321 1067 342 non
1091 319 1169 341 con-
1223 309 1347 349 euhus,
1382 318 1414 343 et
1448 310 1572 343 multos
1607 321 1740 343 errores
1777 309 2026 353 complectitur:
2052 309 2130 342 ldeo
2149 320 2216 341 non

172 355 261 387 cedit
284 355 536 390 scortationem,
581 336 647 386 Alii
676 355 789 387 dicunt
813 354 899 387 hacc
924 355 1042 386 verba:
1089 354 1171 386 Pro·
1195 393 1197 395 Ι
1222 353 1335 396 placet
1368 354 1456 387 Deo.
1524 355 1610 386 Nam
1644 360 1714 386 tota
1737 365 1794 386 res
1818 364 1859 386 ex
1883 354 2120 396 superstitione
2143 360 2217 385 orta

172 399 266 430 mitto
291 408 344 430 me
363 399 669 441 obtemperaturum
693 410 772 432 esse
796 398 1002 431 Canonibus.
1026 397 1068 430 Et
1085 398 1170 430 haec
1196 425 1197 431 ,
1223 406 1276 430 est
1310 397 1455 438 illorum,
1491 399 1547 442 qui
1580 409 1648 432 non
1682 397 1915 443 intelligebant
1948 398 2104 434 iustitiam
2128 397 2216 440 fidei,

171 448 224 474 est
247 440 355 474 forma
378 443 558 475 verborum
578 443 610 475 in
623 444 864 476 vetustioribus
877 441 1053 474 Ecclesiis.
1083 441 1170 473 Vide
1196 451 1197 454 ’
1223 453 1287 474 nec
1310 450 1432 475 norant
1454 444 1539 476 haec
1563 445 1780 476 oeconomica
1803 451 1835 477 et
1858 443 1996 487 politica
2009 443 2121 477 osticia
2139 455 2217 476 con-

171 491 285 517 autem
310 486 446 523 Lector,
481 497 567 529 quae
602 487 656 518 hic
688 489 731 518 sit
754 487 966 529 ambiguitas.
1012 485 1170 518 Canones
1223 494 1360 518 sect-ata
1394 488 1499 519 verbo
1532 486 1596 519 Dei
1632 498 1710 520 esse
1734 489 1823 520 bona
1853 499 1957 530 opera
1980 496 2012 520 et
2032 488 2107 521 Deo
2143 488 2214 531 pla-

149 527 296 561 'diversi
320 536 410 568 sunt,
424 529 568 562 Veteres
592 541 658 562 non
683 540 824 572 prorsus
849 530 1038 561 adimebant
1057 530 1171 561 coniu·
1196 562 1198 565 r
1225 530 1348 569 centia,
1383 531 1415 561 in
1440 531 1562 573 quibus
1586 530 1680 563 Deus
1705 531 1776 564 vult
1800 542 1862 564 nos
1887 533 1976 564 iuxta
2000 533 2140 564 verbum
2163 543 2217 564 su·

170 573 260 615 gium
285 573 483 605 Pastor-ibus
505 572 737 606 Ecclesiarnm
759 579 815 605 aut
841 572 1022 612 Diacouis,
1058 573 1118 604 sed
1142 573 1170 603 si
1223 584 1279 605 um
1303 575 1443 613 servire,
1467 585 1628 607 exercere
1653 576 1763 615 tidem,
1787 582 1818 607 et
1832 574 2056 615 dilectionem,
2079 587 2143 608 nec
2162 586 2217 608 ex-

171 616 246 658 quis
282 617 427 649 ducebat
461 628 622 656 uxorem,
657 619 875 649 removebant
920 628 939 648 a
976 617 1170 655 ministerio,
1224 618 1376 660 cogitare
1400 628 1509 650 novos
1534 618 1657 657 cultus,
1683 630 1768 661 quos
1787 620 1861 660 ipse
1884 621 1982 652 nobis
2005 631 2071 651 non
2097 631 2217 662 propo·
2250 640 2253 644 ν

170 659 263 692 Haec
287 662 404 692 missio
428 667 508 692 tunc
528 661 680 693 beneficii
703 659 780 693 loco
805 671 882 692 esse
906 668 1055 702 poterat,
1094 671 1171 692 cuin
1224 662 1301 693 suit.
1369 660 1514 703 Fingunt
1548 663 1648 704 igitur
1673 662 1874 695 coelibatum
1898 674 1976 695 csse
1996 675 2081 705 opus
2106 662 2215 695 excel-

171 714 240 735 non
264 711 337 736 erat
361 705 462 736 otium
487 705 735 743 sacerdotibus,
759 703 858 746 quale
883 715 971 736 nunc
992 705 1088 736 estin
1103 703 1171 736 col·
1223 703 1314 743 lens,
1350 713 1486 747 propter
1510 706 1599 747 quod
1624 704 1717 738 Deus
1743 706 1800 738 liat
1823 706 1990 748 placatior
2013 708 2216 746 hominibus.

173 745 289 790 legiis,
322 749 384 780 sed
409 748 569 779 l'astores
604 748 637 779 in
667 749 740 780 acie
774 749 928 786 stabant,
965 755 997 779 et
1019 748 1170 780 maximis
1223 748 1351 781 Arcent
1386 750 1548 792 coniuges
1573 761 1592 780 a
1616 748 1705 789 Deo,
1739 758 1895 792 tanquam
1918 752 2118 791 immundos,
2152 751 2218 783 hoc

171 789 333 832 periculis
367 792 620 834 gubernationis
656 798 689 823 et
718 791 943 824 consessionis
968 792 1170 823 exerceban-
1196 801 1197 804 ’
1223 802 1287 831 est,
1310 804 1378 825 non
1402 792 1579 835 placentes
1602 792 1697 832 Deo,
1731 801 1789 826 aut
1813 802 1905 826 certe
1929 795 2108 836 implicitos
2130 796 2219 827 vitae

173 842 238 866 tur.
285 835 409 867 Postea
433 834 590 867 Canones
616 837 780 872 tyrannici
817 835 940 867 conditi
966 842 1062 874 sunt,
1097 837 1171 867 sine
1223 838 1338 878 generi
1362 835 1464 868 inulto
1490 836 1733 879 periculosiori,
1757 839 1847 879 quod
1872 839 1926 870 vix
1950 841 2055 880 possit
2081 838 2218 881 plaeere

171 879 351 910 autoritate
375 878 601 921 Synodornnt,
628 871 816 921 ‘loquentes
841 880 882 910 de
906 887 1069 921 perpetuo
1094 890 1170 911 coe·
1222 879 1310 919 Deo,
1335 881 1420 912 sicut
1447 887 1589 916 constat,
1615 880 1737 913 multos
1762 882 1803 913 de
1828 882 2064 925 coniugalibus
2095 882 2215 915 officiis

171 920 287 954 libatu.
327 922 397 954 Sed
422 932 559 964 quoquo
583 924 684 954 modo
708 922 793 955 haec
818 924 921 954 verba
945 924 1170 965 accipiuntur:
1223 924 1409 963 dubitasse,
1446 936 1488 956 an
1523 924 1598 956 Deo
1629 924 1796 967 placeant.
1866 926 1938 958 Hae
1961 928 2218 968 superstitiosae

171 965 333 997 Promitto
369 966 591 997 obedientiam
622 967 837 1005 Canonibus,
873 973 1007 998 constat
1041 967 1171 998 erudita
1224 969 1397 1010 opiniones
1422 979 1489 1000 non
1513 970 1654 1011 exiguas
1679 966 1837 1001 tenebras
1866 970 2067 1002 induxerunt
2097 971 2218 1003 doctri-

171 1014 204 1040 et
227 1018 308 1041 vera
330 1010 617 1051 interpretatione,
642 1017 767 1042 tantuin
786 1009 874 1053 lege,
901 1021 966 1041 non
992 1017 1070 1042 voto
1095 1021 1171 1052 pro·
1224 1022 1286 1043 nae
1309 1013 1351 1044 de
1376 1013 1498 1044 iustitia
1521 1012 1611 1051 fidei,
1631 1020 1662 1044 et
1687 1014 1729 1044 de
1755 1014 1844 1045 veris
1863 1013 1928 1045 Dei
1953 1013 2107 1046 cultibus.
2128 1015 2215 1047 Con-

170 1052 276 1084 hiberi
312 1053 522 1096 coniugium,
559 1054 647 1085 sicut
682 1053 758 1096 lege
792 1056 974 1096 adiguntur
1007 1055 1050 1086 ad
1085 1053 1169 1086 alias
1223 1062 1288 1087 stat
1313 1062 1423 1088 autem
1443 1067 1484 1087 ex
1508 1057 1591 1098 ipsis
1616 1056 1812 1089 Canonibus
1836 1064 1917 1089 vota
1941 1057 2135 1091 hocerrore
2159 1059 2217 1091 ssav

169 1094 292 1127 multas
323 1098 535 1129 ceremonias
566 1098 598 1128 in
623 1096 818 1130 Canonibus
844 1098 995 1130 traditas.
1041 1097 1170 1140 Estque
1195 1134 1197 1142 4
1223 1100 1320 1142 gitari
1345 1106 1377 1131 et
1426 1100 1600 1132 raedicari.
1636 1100 1766 1139 Canon,
1792 1100 2014 1143 Proposuisti,
2039 1103 2150 1135 distin.
2164 1103 2217 1135 3⁴2.

168 1145 249 1172 nota
268 1141 432 1172 sententia
457 1139 570 1172 talium
594 1142 866 1183 promissionum,
887 1139 1171 1183 cuntpolhceinur
1195 1172 1197 1185 ἶ
1223 1144 1347 1175 diserte
1381 1154 1401 1175 a
1417 1142 1505 1185 legat
1539 1144 1626 1176 hanc
1663 1156 1817 1177 causam:
1854 1145 1919 1181 Qui
1944 1146 1975 1177 in
2001 1157 2102 1178 carne
2127 1155 2216 1185 sunt,

169 1193 233 1214 nos
252 1181 386 1226 legibus
407 1185 698 1225 obtemperaturos
723 1196 810 1217 esse.
859 1184 1058 1228 Obligatnus
1084 1186 1169 1217 enim
1194 1193 1196 1198 ·
1222 1187 1296 1218 Deo
1315 1186 1450 1229 placere
1475 1198 1542 1219 non
1567 1195 1721 1229 possunt.
1747 1188 1844 1224 Quod
1869 1190 2018 1222 dicemus
2043 1201 2119 1222 esse
2140 1189 2217 1223 falsi

168 1236 233 1258 nos
256 1229 298 1259 ad
323 1238 466 1269 poenam
491 1229 712 1261 subeundam.
738 1230 782 1260 At
802 1228 882 1261 nulli
907 1228 1064 1260 Canones
1089 1240 1167 1271 poe·
1222 1232 1360 1269 crimen,
1385 1231 1413 1262 si
1437 1231 1503 1262 hoc
1527 1242 1595 1263 non
1619 1234 1696 1265 est?
1720 1232 1907 1275 Flagitiose
1930 1235 2017 1265 enim
2042 1235 2218 1278 detorquet

168 1280 245 1302 nam
266 1270 447 1313 capitalem
467 1271 633 1313 irrogant:
659 1273 726 1304 lino
746 1272 930 1305 crudelitas
943 1273 1168 1315 estindignis-
1222 1273 1314 1316 Papa
1338 1275 1462 1307 dictum
1487 1274 1582 1307 Pauli
1607 1277 1649 1307 ad
1673 1276 1929 1318 prohibitionem
1954 1278 2117 1320 coniugii,
2142 1290 2217 1311 cum

168 1314 254 1346 sima
278 1314 454 1354 Ecclesia,
489 1314 627 1348 afficere
652 1315 785 1358 capitali
811 1316 977 1359 supplicio
1001 1315 1168 1349 hominem
1194 1316 1195 1351 J
1221 1316 1322 1350 lonae
1341 1317 1431 1350 aliud
1454 1318 1544 1350 velit'
1559 1319 1702 1352 Paulus:
1738 1320 1800 1352 llic
1825 1319 1925 1353 ludus
1950 1332 2161 1365 nequaquam
2184 1324 2216 1354 in

168 1365 308 1399 propter
331 1360 532 1401 coniugium.
568 1360 634 1391 Sed
660 1361 773 1392 omitto
798 1359 860 1392 has
885 1367 1003 1391 tenues
1017 1371 1168 1393 excusa·
1193 1396 1196 1408 ’
1219 1344 1376 1394 Εοοῖθείο
1400 1361 1597 1395 tolerandus
1621 1372 1685 1395 est.
1743 1365 1797 1396 Ac
1821 1366 1937 1397 mirum
1962 1373 2027 1404 est,
2050 1372 2098 1398 tot
2121 1377 2216 1399 secu-

167 1401 289 1440 tiones,
312 1413 398 1444 quae
422 1403 553 1434 etiamsi
579 1403 704 1442 valent,
729 1410 837 1435 tamen
857 1405 1086 1436 conscientiae
1109 1404 1166 1438 ssa-
1193 1436 1195 1442 ,
1219 1405 1261 1437 lis
1286 1406 1437 1438 homines
1463 1407 1596 1447 doctos,
1630 1408 1686 1450 qui
1711 1407 1869 1441 Canones
1893 1408 2060 1452 legerunt,
2096 1409 2216 1442 tulisse

168 1444 277 1488 gitant
300 1446 491 1488 graviorem
516 1452 550 1478 et
577 1447 755 1479 firmiorem
780 1448 977 1480 doctrinam.
1192 1448 1195 1475 l
1218 1449 1281 1481 has
1307 1451 1452 1493 coniugii
1477 1450 1710 1483 contumelias.
1778 1451 1876 1484 Alius
1901 1452 2031 1492 Canon,
2054 1453 2217 1486 Decerni-

1192 1477 1195 1530 ζ
1218 1504 1312 1533 ntus,
1341 1493 1467 1537 allegat
1503 1506 1640 1527 causam
1665 1494 1822 1538 prohibiti
1847 1498 2013 1539 coniugii,
2048 1498 2125 1541 quia
2149 1509 2216 1530 non

254 1531 471 1574 Exaggerent
492 1534 595 1576 igitur
619 1541 753 1573 votum,
784 1541 941 1577 quantum
967 1534 1092 1574 volent,
1117 1543 1166 1567 ta-
1192 1531 1194 1547 ¹
1219 1538 1339 1570 debeat
1363 1538 1561 1570 sacerdotes
1585 1541 1714 1572 sen-ire
1734 1539 1901 1572 cubilibus
1931 1550 1963 1573 et
1992 1542 2215 1574 immunditiis.

166 1585 242 1608 men
267 1576 467 1618 opponenda
491 1583 545 1608 est
567 1577 654 1609 haec
678 1579 854 1621 sententia,
878 1590 965 1622 quae
983 1577 1166 1611 labefacta·
1191 1587 1193 1597 ⁴

165 1619 193 1651 ri
217 1617 310 1651 nullo
334 1620 434 1651 inodo
458 1627 581 1662 potest.
628 1622 749 1653 Omnia
772 1623 870 1664 impia
895 1629 984 1661 vota,
1020 1630 1051 1654 et
1076 1621 1166 1654 sacta
1191 1608 1193 1663 Ι
1307 1624 1401 1658 Haec
1435 1625 1534 1668 impie
1569 1627 1657 1659 dicta
1686 1628 1888 1670 reprehendi
1917 1629 1950 1660 in
1980 1627 2137 1661 Ecclesia
2160 1640 2215 1662 ne-

165 1669 284 1695 contra
308 1664 466 1695 mandata
490 1663 567 1703 Dei,
590 1671 667 1697 sunt
690 1666 793 1697 irrita.
829 1665 954 1698 Votum
977 1665 1164 1698 coelibatus
1190 1688 1193 1708 3
1219 1678 1320 1700 cesse
1343 1676 1408 1707 est,
1444 1676 1477 1701 et
1500 1669 1563 1702 hac
1586 1673 1811 1712 persuasione
1829 1670 1920 1704 facta
1942 1679 2021 1705 vota
2044 1672 2134 1706 haud
2158 1674 2216 1705 du·

163 1712 217 1739 est
235 1707 384 1748 impium,
407 1713 440 1739 et
459 1706 585 1740 sactum
609 1717 728 1741 contra
751 1710 941 1742 mandatum
956 1709 1031 1749 Dei,
1051 1709 1164 1746 Quare
1217 1713 1271 1746 bie
1294 1719 1373 1744 sunt
1396 1713 1499 1746 irrita.
1547 1713 1745 1758 Coniugium
1770 1717 1855 1748 enim
1880 1722 1933 1748 est
1953 1717 2125 1756 munditia,
2149 1717 2216 1750 hoc

164 1755 217 1782 est
239 1750 377 1782 irritum.
1217 1762 1280 1795 est,
1306 1767 1413 1799 genus
1438 1758 1524 1789 vitae
1548 1757 1623 1791 Deo
1648 1759 1808 1801 placens,
1845 1761 1932 1792 sicut
1963 1767 2104 1793 testatur
2128 1760 2212 1794 Pau-

1217 1798 1283 1839 lus,
1308 1801 1480 1843 inquiensz
1505 1800 1664 1835 Salvatur
1688 1803 1806 1835 mulier
1829 1814 1888 1846 per
1912 1803 2055 1837 filiorum
2074 1816 2214 1848 genera—

252 1836 346 1869 Haec
379 1838 465 1869 ratio
496 1837 588 1870 nulla
612 1837 827 1871 cavillatione
851 1838 939 1871 eludi
963 1846 1094 1882 potest,
1131 1848 1163 1873 et
1217 1843 1351 1876 tionem.
1399 1844 1531 1878 Laudat
1554 1845 1700 1879 officium
1724 1847 1914 1890 coniugale.
1959 1848 2044 1880 Nam
2058 1850 2128 1882 veri
2142 1848 2213 1883 cul-

165 1891 246 1913 vere
279 1879 400 1912 liberat
434 1882 506 1922 pias
542 1888 671 1914 mentes
695 1884 934 1925 superstitione
957 1884 1056 1915 huius
1080 1885 1161 1917 voti.
1187 1905 1192 1946 Ι
1215 1894 1270 1919 tus
1294 1887 1357 1920 Dei
1381 1896 1460 1921 sunt
1483 1900 1598 1931 opera,
1635 1902 1722 1932 quae
1746 1893 1788 1923 ab
1813 1893 1888 1934 ipso
1911 1893 2008 1924 nobis
2034 1899 2214 1935 praecepta

163 1923 308 1956 Constat
331 1925 417 1956 enini
443 1933 521 1957 vota
544 1926 635 1958 sacta
661 1933 778 1958 contra
803 1928 958 1959 mandata
983 1926 1066 1967 Dei,
1089 1928 1162 1960 irri-
1215 1937 1313 1970 sunt,
1347 1943 1434 1975 quae
1457 1933 1540 1965 fiunt
1563 1935 1782 1975 praelucente
1805 1935 1912 1977 ipsius
1936 1937 2052 1968 verbo.
2120 1937 2213 1969 Haec

162 1975 197 2000 ta
232 1978 321 2000 esse.
370 1968 445 2000 Non
479 1970 565 2001 enim
597 1969 718 2002 colitur
743 1970 837 2001 Deus
858 1972 897 2002 iis
921 1971 1040 2010 factis,
1077 1983 1163 2014 quae
1216 1975 1369 2007 doctrina
1403 1977 1436 2008 in
1471 1976 1627 2010 Ecclesia
1661 1978 1772 2011 multis
1809 1980 1850 2012 de
1880 1981 1993 2012 causis
2019 1982 2213 2013 necessaria

162 2012 337 2055 prohibet,
360 2018 395 2044 ut
419 2013 523 2055 inquit
545 2012 718 2046 psalmus:
742 2014 817 2045 Non
842 2014 937 2046 Deus
962 2013 1081 2047 volens
1104 2017 1162 2048 im-
1215 2025 1278 2050 est.
1324 2019 1409 2051 Cum
1433 2022 1519 2053 enini
1544 2020 1655 2054 cultus
1675 2024 1907 2066 excogitamus
1932 2030 2050 2057 nostro
2064 2026 2212 2064 arbitrio,

162 2056 320 2097 pietatem
344 2062 378 2087 tu
398 2066 448 2088 ες.
477 2057 620 2092 Quoties
645 2056 816 2089 clamitant
839 2057 1009 2098 canones,
1029 2059 1061 2090 in
1085 2070 1162 2101 pro·
1215 2063 1398 2095 disceditur
1421 2075 1442 2096 a
1466 2066 1570 2097 verbo
1594 2065 1676 2106 Dei,
1712 2078 1792 2099 vera
1816 2069 1932 2100 notitia
1955 2067 2018 2100 Dei
2042 2069 2213 2108 amittitur,

161 2100 286 2138 missis,
322 2109 409 2141 quae
441 2100 514 2132 sine
548 2108 692 2143 peccato
727 2102 892 2143 praestari
918 2113 983 2134 non
1007 2109 1162 2145 possunt,
1214 2117 1256 2138 ac
1280 2105 1375 2139 firma
1399 2109 1588 2141 consolatio
1612 2111 1645 2142 in
1670 2111 1758 2142 veris
1783 2113 1949 2154 agonibus
1974 2113 2149 2145 excutitur.

162 2149 262 2185 pacta
287 2143 510 2175 rescindenda
534 2149 633 2176 esse!
667 2143 801 2188 Pugnat
824 2153 932 2177 autem
957 2146 1023 2178 hoc
1047 2153 1160 2179 votum
1625 2165 1628 2168 -

162 2197 238 2219 cum
263 2187 427 2218 mandatis
451 2187 583 2227 divinis,
607 2195 641 2220 et
663 2189 735 2220 iure
751 2195 905 2228 naturae,
929 2197 964 2221 ut
989 2200 1092 2232 supra
1115 2190 1161 2222 di·
1304 2194 1435 2237 Ubique
1446 2196 1544 2238 igitur
1564 2197 1720 2230 damnant
1737 2197 1925 2241 Prophetae
1943 2194 2210 2243 ἐθελοθρησκείάς,

162 2237 252 2263 ctum
277 2237 339 2262 est.
383 2229 479 2263 Deus
504 2232 665 2274 praecipit
690 2231 755 2271 his,
778 2234 833 2275 qni
858 2245 924 2265 non
949 2240 1027 2265 sunt
1050 2234 1161 2266 idonei
1214 2245 1378 2270 revocant
1402 2250 1466 2271 nos
1488 2241 1531 2272 ad
1552 2252 1656 2283 opera
1674 2250 1857 2285 praecepta
1881 2244 2049 2275 divinitus.
2096 2244 2131 2276 ln
2156 2245 2207 2276 his

161 2275 204 2306 ad
224 2272 438 2314 coelibatum,
462 2282 497 2306 ut
521 2276 677 2319 coniugio
701 2282 849 2315 utantur,
873 2278 959 2309 idem
978 2278 1087 2309 sancit
1109 2278 1161 2310 ius
1213 2280 1325 2313 luceat
1348 2281 1445 2321 tides,
1470 2294 1555 2326 quae
1579 2292 1669 2326 petat
1693 2287 1875 2328 gubernari
1898 2286 2056 2329 pericula,
2082 2289 2208 2320 exitus:

163 2324 317 2350 naturae.
364 2318 439 2350 Non
474 2326 589 2360 potest
622 2327 732 2352 autem
756 2328 836 2352 voto
860 2319 932 2352 tuiti
957 2328 1013 2353 aut
1036 2320 1090 2353 lex
1115 2322 1161 2354 di·
1214 2324 1249 2356 ln
1281 2325 1334 2356 his
1366 2334 1587 2359 exerceantur
1622 2328 1758 2361 dilectio
1799 2337 1832 2362 et
1868 2340 2023 2363 caeterae
2059 2332 2210 2364 virtutes.

161 2363 250 2401 vina,
280 2367 336 2394 aut
358 2362 409 2394 ius
433 2371 592 2401 naturae,
627 2370 664 2395 ut
687 2365 716 2396 si
740 2364 814 2407 quis
837 2365 1008 2406 promittat
1032 2375 1070 2397 se
1094 2375 1161 2397 non
1214 2367 1335 2409 Porro,
1370 2376 1406 2402 ut
1429 2372 1605 2403 inundities
1629 2384 1710 2405 vere
1733 2373 1900 2415 significat
1930 2375 2017 2406 hanc
2052 2376 2210 2408 obedien-

160 2405 357 2437 affectui-um
380 2406 510 2438 honore
532 2413 702 2449 parentes.
1213 2412 1292 2444 tiam
1328 2412 1402 2446 Deo
1435 2413 1635 2456 placentem,
1673 2423 1707 2448 ut
1731 2417 1807 2457 dixi,
1845 2419 1891 2450 ita
1913 2419 2081 2451 immunda
2105 2430 2210 2462 opera

1212 2463 1303 2495 sunt,
1326 2468 1392 2489 non
1417 2457 1526 2490 solum
1550 2461 1785 2500 scortationes,
1809 2462 1869 2493 sed
1894 2463 1992 2494 etiam
2011 2473 2128 2496 omnes
2152 2474 2208 2496 su-

248 2491 310 2524 Est
334 2498 367 2524 et
389 2491 455 2524 alia
485 2503 601 2533 causa,
637 2504 697 2526 cur
719 2493 787 2528 hoc
810 2502 924 2528 votum
948 2495 989 2527 sit
1013 2496 1159 2538 impium,
1211 2501 1371 2541 perstiosi
1396 2500 1506 2534 cultus
1525 2514 1591 2535 non
1616 2505 1763 2536 mandati
1782 2516 1802 2537 a
1825 2505 1911 2538 Deo.
1980 2506 2095 2544 Quare
2129 2518 2207 2540 con—

161 2546 248 2579 quae
281 2542 333 2568 est
367 2537 498 2580 quidem
534 2537 736 2578 firmissima,
770 2540 830 2571 sed
857 2540 957 2572 rudes
982 2540 1158 2572 doctrinae
1209 2543 1336 2586 iugalia
1359 2544 1472 2577 osticia
1507 2557 1585 2579 vere
1609 2556 1688 2580 sunt
1710 2549 1897 2589 mundities,
1933 2556 1967 2581 ut
1999 2557 2092 2583 recte
2127 2551 2207 2584 dixit

161 2579 371 2612 Christianae
394 2591 461 2612 non
481 2581 564 2613 satis
587 2592 660 2614 eam
684 2581 894 2625 intelligunt,
924 2583 1157 2626 Superstitiosi
1210 2587 1433 2629 Paphnutius,
1470 2591 1656 2623 castitatem
1692 2602 1770 2624 esse
1793 2594 2069 2627 consuetudinem
2093 2597 2206 2628 coniu-

160 2622 271 2656 cultus
294 2635 362 2657 non
385 2623 521 2667 placent
532 2624 619 2665 Deo,
642 2626 733 2659 iuxta
757 2625 855 2660 illud:
877 2627 1019 2660 Frustra
1042 2626 1157 2660 colunt
1209 2630 1332 2674 galem.
