<?xml version="1.0" encoding="UTF-8"?>
<!DOCTYPE html PUBLIC "-//W3C//DTD XHTML 1.0 Transitional//EN"
    "http://www.w3.org/TR/xhtml1/DTD/xhtml1-transitional.dtd">
<html xmlns="http://www.w3.org/1999/xhtml" xml:lang="en" lang="en">
 <head>
  <title>
</title>
<meta http-equiv="Content-Type" content="text/html;charset=utf-8" />
  <meta name='ocr-system' content='tesseract 3.04.00' />
  <meta name='ocr-capabilities' content='ocr_page ocr_carea ocr_par ocr_line ocrx_word'/>
</head>
<body>
  <div class='ocr_page' id='page_1' title='image "./operaquaesupersu23melauoft_0214.png"; bbox 0 0 2383 2990; ppageno 0'>
   <div class='ocr_carea' id='block_1_1' title="bbox 158 109 218 141">
    <p class='ocr_par' dir='ltr' id='par_1_1' title="bbox 158 109 218 141">
     <span class='ocr_line' id='line_1_1' title="bbox 158 109 218 141; baseline 0 -1"><span class='ocrx_word' id='word_1_1' title='bbox 158 109 218 141; x_wconf 83' lang='lat'><strong>291</strong></span> 
     </span>
    </p>
   </div>
   <div class='ocr_carea' id='block_1_2' title="bbox 155 200 1149 503">
    <p class='ocr_par' dir='ltr' id='par_1_2' title="bbox 155 200 1149 503">
     <span class='ocr_line' id='line_1_2' title="bbox 156 200 1148 246; baseline -0.001 -11"><span class='ocrx_word' id='word_1_2' title='bbox 156 203 203 236; x_wconf 81' lang='lat' dir='ltr'><strong>At</strong></span> <span class='ocrx_word' id='word_1_3' title='bbox 214 203 434 246; x_wconf 71' lang='lat' dir='ltr'><strong>Evangelium</strong></span> <span class='ocrx_word' id='word_1_4' title='bbox 458 213 519 235; x_wconf 87' lang='lat' dir='ltr'><strong>seu</strong></span> <span class='ocrx_word' id='word_1_5' title='bbox 542 203 721 244; x_wconf 82' lang='lat' dir='ltr'><strong>promissio</strong></span> <span class='ocrx_word' id='word_1_6' title='bbox 745 204 873 245; x_wconf 83' lang='lat' dir='ltr'><strong>gratiae</strong></span> <span class='ocrx_word' id='word_1_7' title='bbox 897 208 929 233; x_wconf 94' lang='lat' dir='ltr'><strong>et</strong></span> <span class='ocrx_word' id='word_1_8' title='bbox 952 200 1148 234; x_wconf 88' lang='lat' dir='ltr'><strong>reconcilia-</strong></span> 
     </span>
     <span class='ocr_line' id='line_1_3' title="bbox 158 246 1149 288; baseline -0.003 -9"><span class='ocrx_word' id='word_1_9' title='bbox 158 248 270 286; x_wconf 91' lang='lat' dir='ltr'><strong>tionis,</strong></span> <span class='ocrx_word' id='word_1_10' title='bbox 295 259 362 279; x_wconf 93' lang='lat' dir='ltr'><strong>non</strong></span> <span class='ocrx_word' id='word_1_11' title='bbox 387 253 437 278; x_wconf 91' lang='lat' dir='ltr'><strong>est</strong></span> <span class='ocrx_word' id='word_1_12' title='bbox 461 258 528 278; x_wconf 80' lang='lat' dir='ltr'><strong>vox</strong></span> <span class='ocrx_word' id='word_1_13' title='bbox 548 246 662 288; x_wconf 80' lang='lat' dir='ltr'><strong>LegiS,</strong></span> <span class='ocrx_word' id='word_1_14' title='bbox 687 252 717 277; x_wconf 91' lang='lat' dir='ltr'><strong>et</strong></span> <span class='ocrx_word' id='word_1_15' title='bbox 742 256 951 287; x_wconf 80' lang='lat' dir='ltr'>nequaquam</span> <span class='ocrx_word' id='word_1_16' title='bbox 974 246 1149 277; x_wconf 83' lang='lat' dir='ltr'><strong>nobiscum</strong></span> 
     </span>
     <span class='ocr_line' id='line_1_4' title="bbox 156 288 1147 331; baseline -0.003 -8"><span class='ocrx_word' id='word_1_17' title='bbox 156 292 317 323; x_wconf 83' lang='lat' dir='ltr'><strong>nascitur.</strong></span> <span class='ocrx_word' id='word_1_18' title='bbox 364 291 429 322; x_wconf 90' lang='lat' dir='ltr'><strong>Sed</strong></span> <span class='ocrx_word' id='word_1_19' title='bbox 452 288 624 331; x_wconf 88' lang='lat' dir='ltr'><strong>singulare</strong></span> <span class='ocrx_word' id='word_1_20' title='bbox 647 295 679 320; x_wconf 92' lang='lat' dir='ltr'><strong>et</strong></span> <span class='ocrx_word' id='word_1_21' title='bbox 701 290 885 320; x_wconf 91' lang='lat' dir='ltr'><strong>mirandum</strong></span> <span class='ocrx_word' id='word_1_22' title='bbox 910 289 1080 321; x_wconf 87' lang='lat' dir='ltr'><strong>decretum</strong></span> <span class='ocrx_word' id='word_1_23' title='bbox 1101 290 1147 320; x_wconf 82' lang='lat' dir='ltr'><strong>tli—</strong></span> 
     </span>
     <span class='ocr_line' id='line_1_5' title="bbox 157 332 1149 374; baseline -0.003 -8"><span class='ocrx_word' id='word_1_24' title='bbox 157 335 303 366; x_wconf 86' lang='lat' dir='ltr'><strong>vinitatis</strong></span> <span class='ocrx_word' id='word_1_25' title='bbox 317 332 442 365; x_wconf 86' lang='lat' dir='ltr'><strong>factum</strong></span> <span class='ocrx_word' id='word_1_26' title='bbox 456 334 656 374; x_wconf 81' lang='lat' dir='ltr'>deprecante</span> <span class='ocrx_word' id='word_1_27' title='bbox 669 343 729 374; x_wconf 90' lang='lat' dir='ltr'><strong>pro</strong></span> <span class='ocrx_word' id='word_1_28' title='bbox 749 333 847 364; x_wconf 86' lang='lat' dir='ltr'><strong>nobis</strong></span> <span class='ocrx_word' id='word_1_29' title='bbox 862 332 960 370; x_wconf 77' lang='lat' dir='ltr'><strong>Fil-io,</strong></span> <span class='ocrx_word' id='word_1_30' title='bbox 985 338 1015 363; x_wconf 87' lang='lat' dir='ltr'><strong>et</strong></span> <span class='ocrx_word' id='word_1_31' title='bbox 1029 338 1149 374; x_wconf 89' lang='lat' dir='ltr'><strong>postea</strong></span> 
     </span>
     <span class='ocr_line' id='line_1_6' title="bbox 156 375 1149 420; baseline -0.002 -11"><span class='ocrx_word' id='word_1_32' title='bbox 156 377 322 420; x_wconf 87' lang='lat' dir='ltr'><strong>prolatum</strong></span> <span class='ocrx_word' id='word_1_33' title='bbox 356 387 397 408; x_wconf 83' lang='lat' dir='ltr'><strong>ex</strong></span> <span class='ocrx_word' id='word_1_34' title='bbox 429 375 488 407; x_wconf 93' lang='lat' dir='ltr'><strong>illo</strong></span> <span class='ocrx_word' id='word_1_35' title='bbox 524 386 647 407; x_wconf 85' lang='lat' dir='ltr'><strong>arcano</strong></span> <span class='ocrx_word' id='word_1_36' title='bbox 679 375 841 414; x_wconf 76' lang='lat' dir='ltr'><strong>consilio,</strong></span> <span class='ocrx_word' id='word_1_37' title='bbox 877 376 918 407; x_wconf 87' lang='lat' dir='ltr'><strong>de</strong></span> <span class='ocrx_word' id='word_1_38' title='bbox 952 377 1149 407; x_wconf 81' lang='lat' dir='ltr'>remissione</span> 
     </span>
     <span class='ocr_line' id='line_1_7' title="bbox 155 419 1149 462; baseline -0.001 -10"><span class='ocrx_word' id='word_1_39' title='bbox 155 427 381 462; x_wconf 88' lang='lat' dir='ltr'><strong>peccatorum,</strong></span> <span class='ocrx_word' id='word_1_40' title='bbox 406 426 437 450; x_wconf 88' lang='lat' dir='ltr'><strong>et</strong></span> <span class='ocrx_word' id='word_1_41' title='bbox 462 420 502 450; x_wconf 94' lang='lat' dir='ltr'><strong>de</strong></span> <span class='ocrx_word' id='word_1_42' title='bbox 525 420 734 451; x_wconf 82' lang='lat' dir='ltr'><strong>restitutione</strong></span> <span class='ocrx_word' id='word_1_43' title='bbox 762 419 905 451; x_wconf 88' lang='lat' dir='ltr'><strong>iustitiae</strong></span> <span class='ocrx_word' id='word_1_44' title='bbox 929 425 961 451; x_wconf 89' lang='lat' dir='ltr'><strong>et</strong></span> <span class='ocrx_word' id='word_1_45' title='bbox 984 420 1071 451; x_wconf 89' lang='lat' dir='ltr'><strong>vitae</strong></span> <span class='ocrx_word' id='word_1_46' title='bbox 1095 430 1149 451; x_wconf 89' lang='lat' dir='ltr'><strong>ae-</strong></span> 
     </span>
     <span class='ocr_line' id='line_1_8' title="bbox 156 463 1083 503; baseline -0.008 -7"><span class='ocrx_word' id='word_1_47' title='bbox 156 470 283 503; x_wconf 85' lang='lat' dir='ltr'><strong>ternae,</strong></span> <span class='ocrx_word' id='word_1_48' title='bbox 307 469 343 495; x_wconf 88' lang='lat' dir='ltr'><strong>ut</strong></span> <span class='ocrx_word' id='word_1_49' title='bbox 366 463 484 494; x_wconf 89' lang='lat' dir='ltr'><strong>deinde</strong></span> <span class='ocrx_word' id='word_1_50' title='bbox 503 463 621 493; x_wconf 84' lang='lat' dir='ltr'><strong>dicam.</strong></span> <span class='ocrx_word' id='word_1_51' title='bbox 1078 464 1083 467; x_wconf 70' lang='grc'><strong><em>’</em></strong></span> 
     </span>
    </p>
   </div>
   <div class='ocr_carea' id='block_1_3' title="bbox 211 531 1087 574">
    <p class='ocr_par' dir='ltr' id='par_1_3' title="bbox 211 531 1087 574">
     <span class='ocr_line' id='line_1_9' title="bbox 211 531 1087 574; baseline -0.002 -9"><span class='ocrx_word' id='word_1_52' title='bbox 211 532 309 565; x_wconf 82' lang='lat' dir='ltr'><strong>Nunc</strong></span> <span class='ocrx_word' id='word_1_53' title='bbox 326 542 409 564; x_wconf 86' lang='lat' dir='ltr'><strong>vero</strong></span> <span class='ocrx_word' id='word_1_54' title='bbox 432 532 525 563; x_wconf 87' lang='lat' dir='ltr'><strong>initio</strong></span> <span class='ocrx_word' id='word_1_55' title='bbox 548 532 703 574; x_wconf 89' lang='lat' dir='ltr'><strong>ponenda</strong></span> <span class='ocrx_word' id='word_1_56' title='bbox 725 537 779 563; x_wconf 86' lang='lat' dir='ltr'><strong>est</strong></span> <span class='ocrx_word' id='word_1_57' title='bbox 801 531 904 574; x_wconf 90' lang='lat' dir='ltr'><strong>Legis</strong></span> <span class='ocrx_word' id='word_1_58' title='bbox 929 531 1087 564; x_wconf 87' lang='lat' dir='ltr'><strong>definitio.</strong></span> 
     </span>
    </p>
   </div>
   <div class='ocr_carea' id='block_1_4' title="bbox 155 660 1150 911">
    <p class='ocr_par' dir='ltr' id='par_1_4' title="bbox 155 660 1150 911">
     <span class='ocr_line' id='line_1_10' title="bbox 242 660 1149 703; baseline -0.001 -10"><span class='ocrx_word' id='word_1_59' title='bbox 242 661 315 693; x_wconf 87' lang='lat' dir='ltr'><strong>Lex</strong></span> <span class='ocrx_word' id='word_1_60' title='bbox 349 667 401 693; x_wconf 86' lang='lat' dir='ltr'><strong>est</strong></span> <span class='ocrx_word' id='word_1_61' title='bbox 430 663 582 693; x_wconf 78' lang='lat' dir='ltr'><strong>doctrina</strong></span> <span class='ocrx_word' id='word_1_62' title='bbox 610 672 630 693; x_wconf 92' lang='lat' dir='ltr'><strong>a</strong></span> <span class='ocrx_word' id='word_1_63' title='bbox 658 660 732 693; x_wconf 87' lang='lat' dir='ltr'><strong>Deo</strong></span> <span class='ocrx_word' id='word_1_64' title='bbox 762 662 905 700; x_wconf 87' lang='lat' dir='ltr'><strong>tradita,</strong></span> <span class='ocrx_word' id='word_1_65' title='bbox 938 661 1149 703; x_wconf 86' lang='lat' dir='ltr'><strong>praecipiens</strong></span> 
     </span>
     <span class='ocr_line' id='line_1_11' title="bbox 156 703 1149 748; baseline -0.001 -12"><span class='ocrx_word' id='word_1_66' title='bbox 156 703 273 748; x_wconf 82' lang='lat' dir='ltr'><strong>quales</strong></span> <span class='ocrx_word' id='word_1_67' title='bbox 302 715 365 737; x_wconf 88' lang='lat' dir='ltr'><strong>nos</strong></span> <span class='ocrx_word' id='word_1_68' title='bbox 397 715 494 744; x_wconf 88' lang='lat' dir='ltr'><strong>esse,</strong></span> <span class='ocrx_word' id='word_1_69' title='bbox 528 711 560 737; x_wconf 85' lang='lat' dir='ltr'><strong>et</strong></span> <span class='ocrx_word' id='word_1_70' title='bbox 591 715 677 747; x_wconf 88' lang='lat' dir='ltr'><strong>quae</strong></span> <span class='ocrx_word' id='word_1_71' title='bbox 710 703 842 744; x_wconf 88' lang='lat' dir='ltr'><strong>facere,</strong></span> <span class='ocrx_word' id='word_1_72' title='bbox 877 715 964 746; x_wconf 89' lang='lat' dir='ltr'><strong>quae</strong></span> <span class='ocrx_word' id='word_1_73' title='bbox 998 706 1149 736; x_wconf 77' lang='lat' dir='ltr'><strong>omittere</strong></span> 
     </span>
     <span class='ocr_line' id='line_1_12' title="bbox 156 747 1150 790; baseline -0.001 -10"><span class='ocrx_word' id='word_1_74' title='bbox 156 754 290 790; x_wconf 84' lang='lat' dir='ltr'><strong>oportet</strong></span> <span class='ocrx_word' id='word_1_75' title='bbox 323 755 356 780; x_wconf 88' lang='lat' dir='ltr'><strong>et</strong></span> <span class='ocrx_word' id='word_1_76' title='bbox 384 750 557 790; x_wconf 88' lang='lat' dir='ltr'><strong>requirens</strong></span> <span class='ocrx_word' id='word_1_77' title='bbox 592 747 776 790; x_wconf 85' lang='lat' dir='ltr'><strong>perfectam</strong></span> <span class='ocrx_word' id='word_1_78' title='bbox 812 749 1032 780; x_wconf 74' lang='lat' dir='ltr'><strong>obedientiam</strong></span> <span class='ocrx_word' id='word_1_79' title='bbox 1067 758 1150 790; x_wconf 90' lang='lat' dir='ltr'><strong>erga</strong></span> 
     </span>
     <span class='ocr_line' id='line_1_13' title="bbox 156 791 1150 834; baseline -0.001 -11"><span class='ocrx_word' id='word_1_80' title='bbox 156 792 277 830; x_wconf 90' lang='lat' dir='ltr'><strong>Deum,</strong></span> <span class='ocrx_word' id='word_1_81' title='bbox 302 798 335 823; x_wconf 91' lang='lat' dir='ltr'><strong>et</strong></span> <span class='ocrx_word' id='word_1_82' title='bbox 356 793 575 834; x_wconf 87' lang='lat' dir='ltr'><strong>pronuntians</strong></span> <span class='ocrx_word' id='word_1_83' title='bbox 592 793 692 823; x_wconf 81' lang='lat' dir='ltr'><strong>irasci</strong></span> <span class='ocrx_word' id='word_1_84' title='bbox 712 791 822 824; x_wconf 89' lang='lat' dir='ltr'><strong>Deum</strong></span> <span class='ocrx_word' id='word_1_85' title='bbox 842 793 994 823; x_wconf 92' lang='lat' dir='ltr'><strong>omnibus</strong></span> <span class='ocrx_word' id='word_1_86' title='bbox 1010 801 1150 833; x_wconf 90' lang='lat' dir='ltr'><strong>peccan-</strong></span> 
     </span>
     <span class='ocr_line' id='line_1_14' title="bbox 156 835 1150 878; baseline -0.002 -11"><span class='ocrx_word' id='word_1_87' title='bbox 156 835 256 874; x_wconf 86' lang='lat' dir='ltr'><strong>tibus,</strong></span> <span class='ocrx_word' id='word_1_88' title='bbox 279 841 311 867; x_wconf 89' lang='lat' dir='ltr'><strong>et</strong></span> <span class='ocrx_word' id='word_1_89' title='bbox 328 836 445 877; x_wconf 88' lang='lat' dir='ltr'><strong>punire</strong></span> <span class='ocrx_word' id='word_1_90' title='bbox 463 837 608 868; x_wconf 88' lang='lat' dir='ltr'><strong>aeternis</strong></span> <span class='ocrx_word' id='word_1_91' title='bbox 627 836 745 878; x_wconf 87' lang='lat' dir='ltr'><strong>poenis</strong></span> <span class='ocrx_word' id='word_1_92' title='bbox 764 846 832 867; x_wconf 92' lang='lat' dir='ltr'><strong>non</strong></span> <span class='ocrx_word' id='word_1_93' title='bbox 850 841 1062 877; x_wconf 79' lang='lat' dir='ltr'><strong>praestantes</strong></span> <span class='ocrx_word' id='word_1_94' title='bbox 1075 845 1150 877; x_wconf 86' lang='lat' dir='ltr'><strong>per-</strong></span> 
     </span>
     <span class='ocr_line' id='line_1_15' title="bbox 155 878 535 911; baseline -0.003 0"><span class='ocrx_word' id='word_1_95' title='bbox 155 878 277 911; x_wconf 80' lang='lat' dir='ltr'><strong>tectam</strong></span> <span class='ocrx_word' id='word_1_96' title='bbox 301 880 535 911; x_wconf 80' lang='lat' dir='ltr'><strong>obedientiam.</strong></span> 
     </span>
    </p>
   </div>
   <div class='ocr_carea' id='block_1_5' title="bbox 156 946 1178 1290">
    <p class='ocr_par' dir='ltr' id='par_1_5' title="bbox 157 946 1152 1076">
     <span class='ocr_line' id='line_1_16' title="bbox 245 946 1152 987; baseline -0.001 -8"><span class='ocrx_word' id='word_1_97' title='bbox 245 948 343 984; x_wconf 81' lang='lat' dir='ltr'><strong>Quod</strong></span> <span class='ocrx_word' id='word_1_98' title='bbox 365 954 473 980; x_wconf 87' lang='lat' dir='ltr'><strong>autem</strong></span> <span class='ocrx_word' id='word_1_99' title='bbox 498 949 634 987; x_wconf 87' lang='lat' dir='ltr'><strong>dicitur,</strong></span> <span class='ocrx_word' id='word_1_100' title='bbox 661 947 798 979; x_wconf 78' lang='lat' dir='ltr'><strong>Tradita</strong></span> <span class='ocrx_word' id='word_1_101' title='bbox 821 958 841 978; x_wconf 90' lang='lat' dir='ltr'><strong>a</strong></span> <span class='ocrx_word' id='word_1_102' title='bbox 864 947 953 985; x_wconf 80' lang='lat' dir='ltr'><strong>Deo,</strong></span> <span class='ocrx_word' id='word_1_103' title='bbox 977 947 1010 978; x_wconf 87' lang='lat' dir='ltr'><strong>id</strong></span> <span class='ocrx_word' id='word_1_104' title='bbox 1033 946 1152 979; x_wconf 88' lang='lat' dir='ltr'><strong>intelli-</strong></span> 
     </span>
     <span class='ocr_line' id='line_1_17' title="bbox 157 990 1152 1035; baseline -0.002 -12"><span class='ocrx_word' id='word_1_105' title='bbox 157 997 256 1035; x_wconf 84' lang='lat' dir='ltr'><strong>gatur</strong></span> <span class='ocrx_word' id='word_1_106' title='bbox 278 998 421 1034; x_wconf 85' lang='lat' dir='ltr'><strong>utroque</strong></span> <span class='ocrx_word' id='word_1_107' title='bbox 443 992 554 1030; x_wconf 90' lang='lat' dir='ltr'><strong>modo,</strong></span> <span class='ocrx_word' id='word_1_108' title='bbox 577 999 609 1023; x_wconf 90' lang='lat' dir='ltr'><strong>et</strong></span> <span class='ocrx_word' id='word_1_109' title='bbox 626 992 790 1022; x_wconf 86' lang='lat' dir='ltr'><strong>mentibus</strong></span> <span class='ocrx_word' id='word_1_110' title='bbox 814 990 984 1022; x_wconf 89' lang='lat' dir='ltr'><strong>hominum</strong></span> <span class='ocrx_word' id='word_1_111' title='bbox 1008 991 1039 1022; x_wconf 94' lang='lat' dir='ltr'><strong>in</strong></span> <span class='ocrx_word' id='word_1_112' title='bbox 1058 1002 1152 1022; x_wconf 89' lang='lat' dir='ltr'><strong>crea-</strong></span> 
     </span>
     <span class='ocr_line' id='line_1_18' title="bbox 159 1035 1151 1076; baseline 0 -10"><span class='ocrx_word' id='word_1_113' title='bbox 159 1036 251 1066; x_wconf 86' lang='lat' dir='ltr'><strong>tione</strong></span> <span class='ocrx_word' id='word_1_114' title='bbox 274 1036 384 1073; x_wconf 87' lang='lat' dir='ltr'><strong>insita,</strong></span> <span class='ocrx_word' id='word_1_115' title='bbox 408 1041 441 1066; x_wconf 91' lang='lat' dir='ltr'><strong>et</strong></span> <span class='ocrx_word' id='word_1_116' title='bbox 466 1041 586 1076; x_wconf 83' lang='lat' dir='ltr'><strong>postea</strong></span> <span class='ocrx_word' id='word_1_117' title='bbox 609 1035 720 1066; x_wconf 85' lang='lat' dir='ltr'><strong>statim</strong></span> <span class='ocrx_word' id='word_1_118' title='bbox 737 1044 823 1066; x_wconf 80' lang='lat' dir='ltr'><strong>voce</strong></span> <span class='ocrx_word' id='word_1_119' title='bbox 847 1035 956 1065; x_wconf 81' lang='lat' dir='ltr'><strong>divina</strong></span> <span class='ocrx_word' id='word_1_120' title='bbox 980 1044 1083 1076; x_wconf 84' lang='lat' dir='ltr'><strong>saepe</strong></span> <span class='ocrx_word' id='word_1_121' title='bbox 1099 1045 1151 1066; x_wconf 88' lang='lat' dir='ltr'><strong>re—</strong></span> 
     </span>
    </p>

    <p class='ocr_par' dir='ltr' id='par_1_6' title="bbox 156 1076 1178 1290">
     <span class='ocr_line' id='line_1_19' title="bbox 183 1076 1151 1119; baseline -0.001 -9"><span class='ocrx_word' id='word_1_122' title='bbox 183 1079 273 1110; x_wconf 82' lang='lat' dir='ltr'><strong>etita.</strong></span> <span class='ocrx_word' id='word_1_123' title='bbox 318 1078 403 1109; x_wconf 84' lang='lat' dir='ltr'><strong>Nam</strong></span> <span class='ocrx_word' id='word_1_124' title='bbox 432 1079 464 1110; x_wconf 93' lang='lat' dir='ltr'><strong>in</strong></span> <span class='ocrx_word' id='word_1_125' title='bbox 495 1080 569 1119; x_wconf 85' lang='lat' dir='ltr'><strong>ipsa</strong></span> <span class='ocrx_word' id='word_1_126' title='bbox 600 1079 787 1116; x_wconf 84' lang='lat' dir='ltr'><strong>creatione,</strong></span> <span class='ocrx_word' id='word_1_127' title='bbox 823 1088 897 1109; x_wconf 90' lang='lat' dir='ltr'><strong>cum</strong></span> <span class='ocrx_word' id='word_1_128' title='bbox 926 1077 1020 1109; x_wconf 77' lang='lat' dir='ltr'><strong>Deus</strong></span> <span class='ocrx_word' id='word_1_129' title='bbox 1048 1076 1151 1109; x_wconf 75' lang='lat' dir='ltr'><strong>vellet</strong></span> 
     </span>
     <span class='ocr_line' id='line_1_20' title="bbox 181 1121 1151 1163; baseline -0.002 -9"><span class='ocrx_word' id='word_1_130' title='bbox 181 1122 322 1154; x_wconf 87' lang='lat' dir='ltr'><strong>ominem</strong></span> <span class='ocrx_word' id='word_1_131' title='bbox 353 1132 430 1153; x_wconf 90' lang='lat' dir='ltr'><strong>esse</strong></span> <span class='ocrx_word' id='word_1_132' title='bbox 463 1122 639 1163; x_wconf 84' lang='lat' dir='ltr'><strong>imaginem</strong></span> <span class='ocrx_word' id='word_1_133' title='bbox 670 1121 868 1159; x_wconf 78' lang='lat' dir='ltr'><strong>conditoriS‚</strong></span> <span class='ocrx_word' id='word_1_134' title='bbox 903 1121 1083 1152; x_wconf 82' lang='lat' dir='ltr'><strong>transfudit</strong></span> <span class='ocrx_word' id='word_1_135' title='bbox 1117 1122 1151 1152; x_wconf 91' lang='lat' dir='ltr'><strong>in</strong></span> 
     </span>
     <span class='ocr_line' id='line_1_21' title="bbox 156 1165 1152 1206; baseline -0.001 -10"><span class='ocrx_word' id='word_1_136' title='bbox 156 1176 231 1197; x_wconf 85' lang='lat' dir='ltr'><strong>eum</strong></span> <span class='ocrx_word' id='word_1_137' title='bbox 259 1165 386 1196; x_wconf 89' lang='lat' dir='ltr'><strong>radium</strong></span> <span class='ocrx_word' id='word_1_138' title='bbox 416 1165 598 1206; x_wconf 83' lang='lat' dir='ltr'><strong>sapientiae</strong></span> <span class='ocrx_word' id='word_1_139' title='bbox 628 1171 661 1195; x_wconf 93' lang='lat' dir='ltr'><strong>et</strong></span> <span class='ocrx_word' id='word_1_140' title='bbox 684 1165 827 1196; x_wconf 84' lang='lat' dir='ltr'><strong>iustitiae</strong></span> <span class='ocrx_word' id='word_1_141' title='bbox 851 1175 950 1203; x_wconf 83' lang='lat' dir='ltr'><strong>suae,</strong></span> <span class='ocrx_word' id='word_1_142' title='bbox 981 1165 1036 1206; x_wconf 92' lang='lat' dir='ltr'><strong>qui</strong></span> <span class='ocrx_word' id='word_1_143' title='bbox 1059 1175 1152 1196; x_wconf 89' lang='lat' dir='ltr'><strong>mon·</strong></span> 
     </span>
     <span class='ocr_line' id='line_1_22' title="bbox 156 1178 1178 1249; baseline -0.003 -10"><span class='ocrx_word' id='word_1_144' title='bbox 156 1214 280 1240; x_wconf 81' lang='lat' dir='ltr'><strong>straret</strong></span> <span class='ocrx_word' id='word_1_145' title='bbox 304 1207 429 1247; x_wconf 88' lang='lat' dir='ltr'><strong>Deum,</strong></span> <span class='ocrx_word' id='word_1_146' title='bbox 463 1214 494 1239; x_wconf 87' lang='lat' dir='ltr'><strong>et</strong></span> <span class='ocrx_word' id='word_1_147' title='bbox 523 1214 614 1239; x_wconf 84' lang='lat' dir='ltr'><strong>esset</strong></span> <span class='ocrx_word' id='word_1_148' title='bbox 637 1218 754 1239; x_wconf 91' lang='lat' dir='ltr'><strong>norma</strong></span> <span class='ocrx_word' id='word_1_149' title='bbox 778 1218 969 1249; x_wconf 83' lang='lat' dir='ltr'><strong>congruens</strong></span> <span class='ocrx_word' id='word_1_150' title='bbox 999 1219 1075 1240; x_wconf 88' lang='lat' dir='ltr'><strong>cum</strong></span> <span class='ocrx_word' id='word_1_151' title='bbox 1103 1208 1151 1239; x_wconf 89' lang='lat' dir='ltr'><strong>di·</strong></span> <span class='ocrx_word' id='word_1_152' title='bbox 1175 1178 1178 1236; x_wconf 91' lang='lat' dir='ltr'><strong>l</strong></span> 
     </span>
     <span class='ocr_line' id='line_1_23' title="bbox 158 1252 917 1290; baseline -0.001 -7"><span class='ocrx_word' id='word_1_153' title='bbox 158 1253 237 1284; x_wconf 84' lang='lat' dir='ltr'><strong>vina</strong></span> <span class='ocrx_word' id='word_1_154' title='bbox 260 1258 380 1290; x_wconf 86' lang='lat' dir='ltr'><strong>mente,</strong></span> <span class='ocrx_word' id='word_1_155' title='bbox 404 1252 601 1283; x_wconf 89' lang='lat' dir='ltr'><strong>discernens</strong></span> <span class='ocrx_word' id='word_1_156' title='bbox 624 1252 710 1283; x_wconf 88' lang='lat' dir='ltr'><strong>iusta</strong></span> <span class='ocrx_word' id='word_1_157' title='bbox 729 1257 761 1282; x_wconf 88' lang='lat' dir='ltr'><strong>et</strong></span> <span class='ocrx_word' id='word_1_158' title='bbox 786 1252 917 1283; x_wconf 88' lang='lat' dir='ltr'><strong>iniusta.</strong></span> 
     </span>
    </p>
   </div>
   <div class='ocr_carea' id='block_1_6' title="bbox 1174 1059 1179 1176">
    <p class='ocr_par' dir='ltr' id='par_1_7' title="bbox 1174 1059 1179 1176">
     <span class='ocr_line' id='line_1_24' title="bbox 1174 1059 1179 1176; baseline 0 1814"><span class='ocrx_word' id='word_1_159' title='bbox 1174 1059 1179 1176; x_wconf 95' lang='lat' dir='ltr'><strong> </strong></span> 
     </span>
    </p>
   </div>
   <div class='ocr_carea' id='block_1_7' title="bbox 1175 1238 1180 1357">
    <p class='ocr_par' dir='ltr' id='par_1_8' title="bbox 1175 1238 1180 1357">
     <span class='ocr_line' id='line_1_25' title="bbox 1175 1238 1180 1357; baseline 0 1633"><span class='ocrx_word' id='word_1_160' title='bbox 1175 1238 1180 1357; x_wconf 95' lang='lat' dir='ltr'><strong> </strong></span> 
     </span>
    </p>
   </div>
   <div class='ocr_carea' id='block_1_8' title="bbox 156 1320 1153 1483">
    <p class='ocr_par' dir='ltr' id='par_1_9' title="bbox 156 1320 1153 1483">
     <span class='ocr_line' id='line_1_26' title="bbox 243 1320 1152 1363; baseline 0 -11"><span class='ocrx_word' id='word_1_161' title='bbox 243 1320 315 1351; x_wconf 86' lang='lat' dir='ltr'><strong>Etsi</strong></span> <span class='ocrx_word' id='word_1_162' title='bbox 341 1327 451 1352; x_wconf 86' lang='lat' dir='ltr'><strong>autem</strong></span> <span class='ocrx_word' id='word_1_163' title='bbox 475 1321 507 1352; x_wconf 92' lang='lat' dir='ltr'><strong>in</strong></span> <span class='ocrx_word' id='word_1_164' title='bbox 531 1321 598 1352; x_wconf 90' lang='lat' dir='ltr'><strong>hac</strong></span> <span class='ocrx_word' id='word_1_165' title='bbox 621 1322 766 1352; x_wconf 88' lang='lat' dir='ltr'><strong>humana</strong></span> <span class='ocrx_word' id='word_1_166' title='bbox 791 1321 934 1362; x_wconf 86' lang='lat' dir='ltr'><strong>caligine</strong></span> <span class='ocrx_word' id='word_1_167' title='bbox 958 1321 1152 1363; x_wconf 79' lang='lat' dir='ltr'><strong>magnitudo</strong></span> 
     </span>
     <span class='ocr_line' id='line_1_27' title="bbox 156 1363 1153 1406; baseline -0.002 -10"><span class='ocrx_word' id='word_1_168' title='bbox 156 1363 286 1396; x_wconf 87' lang='lat' dir='ltr'><strong>consilii</strong></span> <span class='ocrx_word' id='word_1_169' title='bbox 312 1365 411 1396; x_wconf 73' lang='lat' dir='ltr'><strong>divini</strong></span> <span class='ocrx_word' id='word_1_170' title='bbox 439 1366 479 1395; x_wconf 88' lang='lat' dir='ltr'><strong>de</strong></span> <span class='ocrx_word' id='word_1_171' title='bbox 504 1365 691 1402; x_wconf 54' lang='lat' dir='ltr'><strong>creatione.</strong></span> <span class='ocrx_word' id='word_1_172' title='bbox 716 1375 782 1395; x_wconf 90' lang='lat' dir='ltr'><strong>non</strong></span> <span class='ocrx_word' id='word_1_173' title='bbox 807 1366 889 1395; x_wconf 86' lang='lat' dir='ltr'><strong>satis</strong></span> <span class='ocrx_word' id='word_1_174' title='bbox 924 1365 1065 1406; x_wconf 87' lang='lat' dir='ltr'><strong>cogitari</strong></span> <span class='ocrx_word' id='word_1_175' title='bbox 1093 1375 1153 1406; x_wconf 87' lang='lat' dir='ltr'><strong>po-</strong></span> 
     </span>
     <span class='ocr_line' id='line_1_28' title="bbox 156 1403 1152 1450; baseline 0.001 -12"><span class='ocrx_word' id='word_1_176' title='bbox 156 1413 235 1446; x_wconf 88' lang='lat' dir='ltr'><strong>test,</strong></span> <span class='ocrx_word' id='word_1_177' title='bbox 259 1414 369 1439; x_wconf 87' lang='lat' dir='ltr'><strong>tamen</strong></span> <span class='ocrx_word' id='word_1_178' title='bbox 393 1406 504 1450; x_wconf 88' lang='lat' dir='ltr'><strong>aliquo</strong></span> <span class='ocrx_word' id='word_1_179' title='bbox 523 1409 622 1439; x_wconf 85' lang='lat' dir='ltr'><strong>modo</strong></span> <span class='ocrx_word' id='word_1_180' title='bbox 648 1403 888 1440; x_wconf 76' lang='lat' dir='ltr'><strong>exu&#39;scitandae</strong></span> <span class='ocrx_word' id='word_1_181' title='bbox 911 1414 991 1440; x_wconf 86' lang='lat' dir='ltr'><strong>sunt</strong></span> <span class='ocrx_word' id='word_1_182' title='bbox 1011 1414 1152 1446; x_wconf 83' lang='lat' dir='ltr'><strong>mentes,</strong></span> 
     </span>
     <span class='ocr_line' id='line_1_29' title="bbox 156 1452 815 1483; baseline -0.002 -1"><span class='ocrx_word' id='word_1_183' title='bbox 156 1457 194 1483; x_wconf 90' lang='lat' dir='ltr'><strong>ut</strong></span> <span class='ocrx_word' id='word_1_184' title='bbox 218 1452 400 1483; x_wconf 84' lang='lat' dir='ltr'><strong>bonitatem</strong></span> <span class='ocrx_word' id='word_1_185' title='bbox 424 1452 567 1483; x_wconf 77' lang='lat' dir='ltr'><strong>divinam</strong></span> <span class='ocrx_word' id='word_1_186' title='bbox 592 1452 815 1483; x_wconf 78' lang='lat' dir='ltr'><strong>considerent.</strong></span> 
     </span>
    </p>
   </div>
   <div class='ocr_carea' id='block_1_9' title="bbox 1176 1372 1180 1465">
    <p class='ocr_par' dir='ltr' id='par_1_10' title="bbox 1176 1372 1180 1465">
     <span class='ocr_line' id='line_1_30' title="bbox 1176 1372 1180 1465; baseline 0 1525"><span class='ocrx_word' id='word_1_187' title='bbox 1176 1372 1180 1465; x_wconf 95' lang='lat' dir='ltr'><strong> </strong></span> 
     </span>
    </p>
   </div>
   <div class='ocr_carea' id='block_1_10' title="bbox 155 1528 1182 1928">
    <p class='ocr_par' dir='ltr' id='par_1_11' title="bbox 155 1528 1182 1928">
     <span class='ocr_line' id='line_1_31' title="bbox 245 1528 1151 1571; baseline -0.001 -11"><span class='ocrx_word' id='word_1_188' title='bbox 245 1529 378 1564; x_wconf 86' lang='lat' dir='ltr'><strong>Quanta</strong></span> <span class='ocrx_word' id='word_1_189' title='bbox 401 1530 531 1561; x_wconf 86' lang='lat' dir='ltr'><strong>bonitas</strong></span> <span class='ocrx_word' id='word_1_190' title='bbox 556 1536 620 1568; x_wconf 90' lang='lat' dir='ltr'><strong>est,</strong></span> <span class='ocrx_word' id='word_1_191' title='bbox 644 1540 742 1571; x_wconf 88' lang='lat' dir='ltr'><strong>quam</strong></span> <span class='ocrx_word' id='word_1_192' title='bbox 765 1528 896 1560; x_wconf 87' lang='lat' dir='ltr'><strong>illustre</strong></span> <span class='ocrx_word' id='word_1_193' title='bbox 913 1529 1151 1567; x_wconf 79' lang='lat' dir='ltr'><strong>testimonium,</strong></span> 
     </span>
     <span class='ocr_line' id='line_1_32' title="bbox 160 1572 1152 1615; baseline -0.002 -11"><span class='ocrx_word' id='word_1_194' title='bbox 160 1574 248 1614; x_wconf 90' lang='lat' dir='ltr'><strong>quod</strong></span> <span class='ocrx_word' id='word_1_195' title='bbox 271 1572 364 1604; x_wconf 87' lang='lat' dir='ltr'><strong>Deus</strong></span> <span class='ocrx_word' id='word_1_196' title='bbox 389 1572 505 1615; x_wconf 86' lang='lat' dir='ltr'><strong>diligat</strong></span> <span class='ocrx_word' id='word_1_197' title='bbox 529 1573 705 1604; x_wconf 82' lang='lat' dir='ltr'><strong>humanam</strong></span> <span class='ocrx_word' id='word_1_198' title='bbox 729 1578 900 1610; x_wconf 90' lang='lat' dir='ltr'><strong>naturam,</strong></span> <span class='ocrx_word' id='word_1_199' title='bbox 931 1573 1019 1613; x_wconf 85' lang='lat' dir='ltr'><strong>quod</strong></span> <span class='ocrx_word' id='word_1_200' title='bbox 1044 1578 1152 1603; x_wconf 86' lang='lat' dir='ltr'><strong>trans-</strong></span> 
     </span>
     <span class='ocr_line' id='line_1_33' title="bbox 155 1615 1153 1658; baseline -0.003 -10"><span class='ocrx_word' id='word_1_201' title='bbox 155 1616 239 1648; x_wconf 80' lang='lat' dir='ltr'><strong>fudit</strong></span> <span class='ocrx_word' id='word_1_202' title='bbox 263 1617 295 1647; x_wconf 88' lang='lat' dir='ltr'><strong>in</strong></span> <span class='ocrx_word' id='word_1_203' title='bbox 319 1616 497 1654; x_wconf 87' lang='lat' dir='ltr'><strong>hominem,</strong></span> <span class='ocrx_word' id='word_1_204' title='bbox 521 1627 560 1647; x_wconf 92' lang='lat' dir='ltr'><strong>ea</strong></span> <span class='ocrx_word' id='word_1_205' title='bbox 580 1627 666 1658; x_wconf 90' lang='lat' dir='ltr'><strong>quae</strong></span> <span class='ocrx_word' id='word_1_206' title='bbox 682 1617 713 1647; x_wconf 91' lang='lat' dir='ltr'><strong>in</strong></span> <span class='ocrx_word' id='word_1_207' title='bbox 735 1616 806 1656; x_wconf 88' lang='lat' dir='ltr'><strong>ipsa</strong></span> <span class='ocrx_word' id='word_1_208' title='bbox 827 1615 890 1646; x_wconf 87' lang='lat' dir='ltr'><strong>Dei</strong></span> <span class='ocrx_word' id='word_1_209' title='bbox 909 1616 1055 1646; x_wconf 75' lang='lat' dir='ltr'><strong>essentia</strong></span> <span class='ocrx_word' id='word_1_210' title='bbox 1075 1621 1153 1646; x_wconf 90' lang='lat' dir='ltr'><strong>sunt.</strong></span> 
     </span>
     <span class='ocr_line' id='line_1_34' title="bbox 158 1646 1180 1701; baseline -0.001 -11"><span class='ocrx_word' id='word_1_211' title='bbox 158 1660 294 1701; x_wconf 87' lang='lat' dir='ltr'><strong>optima,</strong></span> <span class='ocrx_word' id='word_1_212' title='bbox 313 1659 443 1691; x_wconf 80' lang='lat' dir='ltr'><strong>scilicet</strong></span> <span class='ocrx_word' id='word_1_213' title='bbox 466 1661 661 1701; x_wconf 84' lang='lat' dir='ltr'><strong>sapientiam</strong></span> <span class='ocrx_word' id='word_1_214' title='bbox 685 1659 771 1701; x_wconf 84' lang='lat' dir='ltr'><strong>legis</strong></span> <span class='ocrx_word' id='word_1_215' title='bbox 796 1666 826 1690; x_wconf 88' lang='lat' dir='ltr'><strong>et</strong></span> <span class='ocrx_word' id='word_1_216' title='bbox 852 1659 1027 1698; x_wconf 69' lang='lat' dir='ltr'><strong>iustitiam,</strong></span> <span class='ocrx_word' id='word_1_217' title='bbox 1053 1665 1085 1689; x_wconf 86' lang='lat' dir='ltr'><strong>et</strong></span> <span class='ocrx_word' id='word_1_218' title='bbox 1110 1659 1152 1689; x_wconf 91' lang='lat' dir='ltr'><strong>si-</strong></span> <span class='ocrx_word' id='word_1_219' title='bbox 1177 1646 1180 1694; x_wconf 81' lang='lat' dir='ltr'><strong>l</strong></span> 
     </span>
     <span class='ocr_line' id='line_1_35' title="bbox 157 1702 1153 1745; baseline -0.003 -10"><span class='ocrx_word' id='word_1_220' title='bbox 157 1702 227 1735; x_wconf 89' lang='lat' dir='ltr'><strong>mul</strong></span> <span class='ocrx_word' id='word_1_221' title='bbox 262 1703 420 1745; x_wconf 74' lang='lat' dir='ltr'><strong>Spiritum</strong></span> <span class='ocrx_word' id='word_1_222' title='bbox 455 1710 607 1734; x_wconf 84' lang='lat' dir='ltr'><strong>sanctum</strong></span> <span class='ocrx_word' id='word_1_223' title='bbox 637 1709 803 1745; x_wconf 61' lang='lat' dir='ltr'><strong>1&#39;e42t0reni</strong></span> <span class='ocrx_word' id='word_1_224' title='bbox 826 1702 989 1734; x_wconf 87' lang='lat' dir='ltr'><strong>humanae</strong></span> <span class='ocrx_word' id='word_1_225' title='bbox 1022 1703 1153 1740; x_wconf 86' lang='lat' dir='ltr'><strong>mentis,</strong></span> 
     </span>
     <span class='ocr_line' id='line_1_36' title="bbox 159 1745 1153 1788; baseline -0.002 -10"><span class='ocrx_word' id='word_1_226' title='bbox 159 1745 341 1778; x_wconf 81' lang='lat' dir='ltr'><strong>voluntatis</strong></span> <span class='ocrx_word' id='word_1_227' title='bbox 366 1753 397 1778; x_wconf 88' lang='lat' dir='ltr'><strong>et</strong></span> <span class='ocrx_word' id='word_1_228' title='bbox 421 1747 556 1778; x_wconf 75' lang='lat' dir='ltr'><strong>cordis?</strong></span> <span class='ocrx_word' id='word_1_229' title='bbox 580 1747 634 1788; x_wconf 89' lang='lat' dir='ltr'><strong>qui</strong></span> <span class='ocrx_word' id='word_1_230' title='bbox 661 1746 803 1788; x_wconf 87' lang='lat' dir='ltr'><strong>Spiritus</strong></span> <span class='ocrx_word' id='word_1_231' title='bbox 827 1753 984 1784; x_wconf 87' lang='lat' dir='ltr'><strong>sanctus,</strong></span> <span class='ocrx_word' id='word_1_232' title='bbox 1011 1756 1084 1777; x_wconf 90' lang='lat' dir='ltr'><strong>cum</strong></span> <span class='ocrx_word' id='word_1_233' title='bbox 1109 1747 1153 1776; x_wconf 91' lang='lat' dir='ltr'><strong>sit</strong></span> 
     </span>
     <span class='ocr_line' id='line_1_37' title="bbox 160 1790 1181 1832; baseline 0 -12"><span class='ocrx_word' id='word_1_234' title='bbox 160 1791 247 1832; x_wconf 86' lang='lat' dir='ltr'><strong>ignis</strong></span> <span class='ocrx_word' id='word_1_235' title='bbox 271 1791 393 1822; x_wconf 86' lang='lat' dir='ltr'><strong>amoris</strong></span> <span class='ocrx_word' id='word_1_236' title='bbox 419 1791 538 1829; x_wconf 68' lang='lat' dir='ltr'><strong>dixini,</strong></span> <span class='ocrx_word' id='word_1_237' title='bbox 576 1791 797 1821; x_wconf 80' lang='lat' dir='ltr'><strong>certissimum</strong></span> <span class='ocrx_word' id='word_1_238' title='bbox 822 1796 870 1820; x_wconf 86' lang='lat' dir='ltr'><strong>est</strong></span> <span class='ocrx_word' id='word_1_239' title='bbox 896 1800 1012 1821; x_wconf 76' lang='lat' dir='ltr'><strong>verum</strong></span> <span class='ocrx_word' id='word_1_240' title='bbox 1043 1796 1075 1820; x_wconf 88' lang='lat' dir='ltr'><strong>et.</strong></span> <span class='ocrx_word' id='word_1_241' title='bbox 1106 1790 1153 1819; x_wconf 88' lang='lat' dir='ltr'><strong>in·</strong></span> <span class='ocrx_word' id='word_1_242' title='bbox 1178 1800 1181 1826; x_wconf 66' lang='grc' dir='ltr'>ι</span> 
     </span>
     <span class='ocr_line' id='line_1_38' title="bbox 159 1829 1182 1883; baseline -0.002 -18"><span class='ocrx_word' id='word_1_243' title='bbox 159 1839 293 1875; x_wconf 83' lang='lat' dir='ltr'><strong>gentem</strong></span> <span class='ocrx_word' id='word_1_244' title='bbox 321 1844 471 1865; x_wconf 89' lang='lat' dir='ltr'><strong>amorem</strong></span> <span class='ocrx_word' id='word_1_245' title='bbox 500 1834 533 1865; x_wconf 88' lang='lat' dir='ltr'><strong>in</strong></span> <span class='ocrx_word' id='word_1_246' title='bbox 556 1833 631 1865; x_wconf 92' lang='lat' dir='ltr'><strong>Deo</strong></span> <span class='ocrx_word' id='word_1_247' title='bbox 656 1834 830 1865; x_wconf 88' lang='lat' dir='ltr'><strong>conditore</strong></span> <span class='ocrx_word' id='word_1_248' title='bbox 861 1843 942 1875; x_wconf 85' lang='lat' dir='ltr'><strong>erga</strong></span> <span class='ocrx_word' id='word_1_249' title='bbox 973 1832 1038 1864; x_wconf 88' lang='lat' dir='ltr'><strong>hoc</strong></span> <span class='ocrx_word' id='word_1_250' title='bbox 1067 1843 1153 1874; x_wconf 89' lang='lat' dir='ltr'><strong>opus</strong></span> <span class='ocrx_word' id='word_1_251' title='bbox 1177 1829 1182 1883; x_wconf 56' lang='grc' dir='ltr'>ἱ</span> 
     </span>
     <span class='ocr_line' id='line_1_39' title="bbox 161 1876 1181 1928; baseline -0.004 -19"><span class='ocrx_word' id='word_1_252' title='bbox 161 1876 277 1909; x_wconf 83' lang='lat' dir='ltr'><strong>fuisse.</strong></span> <span class='ocrx_word' id='word_1_253' title='bbox 1178 1896 1181 1928; x_wconf 70' lang='grc' dir='ltr'>Ι</span> 
     </span>
    </p>
   </div>
   <div class='ocr_carea' id='block_1_11' title="bbox 1175 1470 1181 1644">
    <p class='ocr_par' dir='ltr' id='par_1_12' title="bbox 1175 1470 1181 1644">
     <span class='ocr_line' id='line_1_40' title="bbox 1175 1470 1181 1644; baseline 0 1346"><span class='ocrx_word' id='word_1_254' title='bbox 1175 1470 1181 1644; x_wconf 95' lang='lat' dir='ltr'><strong> </strong></span> 
     </span>
    </p>
   </div>
   <div class='ocr_carea' id='block_1_12' title="bbox 161 1953 1182 2346">
    <p class='ocr_par' dir='ltr' id='par_1_13' title="bbox 161 1953 1182 2346">
     <span class='ocr_line' id='line_1_41' title="bbox 252 1953 1152 1996; baseline -0.002 -10"><span class='ocrx_word' id='word_1_255' title='bbox 252 1954 377 1986; x_wconf 87' lang='lat' dir='ltr'><strong>Postea</strong></span> <span class='ocrx_word' id='word_1_256' title='bbox 401 1955 497 1986; x_wconf 90' lang='lat' dir='ltr'><strong>etiam</strong></span> <span class='ocrx_word' id='word_1_257' title='bbox 521 1960 598 1996; x_wconf 89' lang='lat' dir='ltr'><strong>post</strong></span> <span class='ocrx_word' id='word_1_258' title='bbox 620 1953 750 1996; x_wconf 89' lang='lat' dir='ltr'><strong>lapsum</strong></span> <span class='ocrx_word' id='word_1_259' title='bbox 776 1965 850 1985; x_wconf 94' lang='lat' dir='ltr'><strong>cum</strong></span> <span class='ocrx_word' id='word_1_260' title='bbox 874 1953 1038 1985; x_wconf 79' lang='lat' dir='ltr'><strong>beneficia</strong></span> <span class='ocrx_word' id='word_1_261' title='bbox 1060 1953 1152 1995; x_wconf 88' lang='lat' dir='ltr'><strong>prius</strong></span> 
     </span>
     <span class='ocr_line' id='line_1_42' title="bbox 161 1998 1153 2040; baseline -0.003 -10"><span class='ocrx_word' id='word_1_262' title='bbox 161 1998 251 2037; x_wconf 87' lang='lat' dir='ltr'><strong>data,</strong></span> <span class='ocrx_word' id='word_1_263' title='bbox 276 1999 393 2040; x_wconf 88' lang='lat' dir='ltr'><strong>partim</strong></span> <span class='ocrx_word' id='word_1_264' title='bbox 417 2009 558 2039; x_wconf 86' lang='lat' dir='ltr'><strong>prorsus</strong></span> <span class='ocrx_word' id='word_1_265' title='bbox 584 1999 739 2036; x_wconf 79' lang='lat' dir='ltr'><strong>extincta,</strong></span> <span class='ocrx_word' id='word_1_266' title='bbox 763 1999 882 2039; x_wconf 84' lang='lat' dir='ltr'><strong>partim</strong></span> <span class='ocrx_word' id='word_1_267' title='bbox 907 1999 1086 2029; x_wconf 87' lang='lat' dir='ltr'><strong>obscurata</strong></span> <span class='ocrx_word' id='word_1_268' title='bbox 1101 2008 1153 2030; x_wconf 84' lang='lat' dir='ltr'><strong>es-</strong></span> 
     </span>
     <span class='ocr_line' id='line_1_43' title="bbox 161 2041 1153 2082; baseline -0.002 -9"><span class='ocrx_word' id='word_1_269' title='bbox 161 2048 253 2079; x_wconf 84' lang='lat' dir='ltr'><strong>sent,</strong></span> <span class='ocrx_word' id='word_1_270' title='bbox 277 2049 309 2073; x_wconf 89' lang='lat' dir='ltr'><strong>et</strong></span> <span class='ocrx_word' id='word_1_271' title='bbox 327 2048 362 2073; x_wconf 82' lang='lat' dir='ltr'><strong>ut</strong></span> <span class='ocrx_word' id='word_1_272' title='bbox 385 2042 425 2073; x_wconf 86' lang='lat' dir='ltr'><strong>de</strong></span> <span class='ocrx_word' id='word_1_273' title='bbox 450 2043 577 2074; x_wconf 69' lang='lat' dir='ltr'><strong>viatore</strong></span> <span class='ocrx_word' id='word_1_274' title='bbox 607 2043 726 2073; x_wconf 87' lang='lat' dir='ltr'><strong>dicitur</strong></span> <span class='ocrx_word' id='word_1_275' title='bbox 749 2042 780 2073; x_wconf 89' lang='lat' dir='ltr'><strong>in</strong></span> <span class='ocrx_word' id='word_1_276' title='bbox 802 2041 910 2079; x_wconf 86' lang='lat' dir='ltr'><strong>Luca,</strong></span> <span class='ocrx_word' id='word_1_277' title='bbox 937 2051 1010 2072; x_wconf 89' lang='lat' dir='ltr'><strong>cum</strong></span> <span class='ocrx_word' id='word_1_278' title='bbox 1035 2041 1153 2082; x_wconf 87' lang='lat' dir='ltr'><strong>partim</strong></span> 
     </span>
     <span class='ocr_line' id='line_1_44' title="bbox 161 2083 1154 2128; baseline -0.001 -12"><span class='ocrx_word' id='word_1_279' title='bbox 161 2084 314 2128; x_wconf 72' lang='lat' dir='ltr'><strong>spoliati,</strong></span> <span class='ocrx_word' id='word_1_280' title='bbox 338 2086 456 2126; x_wconf 91' lang='lat' dir='ltr'><strong>partim</strong></span> <span class='ocrx_word' id='word_1_281' title='bbox 486 2085 649 2117; x_wconf 70' lang='lat' dir='ltr'><strong>vulnerati</strong></span> <span class='ocrx_word' id='word_1_282' title='bbox 673 2095 842 2123; x_wconf 80' lang='lat' dir='ltr'><strong>essemus,</strong></span> <span class='ocrx_word' id='word_1_283' title='bbox 873 2085 935 2115; x_wconf 92' lang='lat' dir='ltr'><strong>etsi</strong></span> <span class='ocrx_word' id='word_1_284' title='bbox 961 2083 1071 2127; x_wconf 89' lang='lat' dir='ltr'><strong>caligo</strong></span> <span class='ocrx_word' id='word_1_285' title='bbox 1094 2083 1154 2115; x_wconf 83' lang='lat' dir='ltr'><strong>ali-</strong></span> 
     </span>
     <span class='ocr_line' id='line_1_45' title="bbox 162 2126 1156 2171; baseline -0.002 -11"><span class='ocrx_word' id='word_1_286' title='bbox 162 2139 228 2171; x_wconf 93' lang='lat' dir='ltr'><strong>qua</strong></span> <span class='ocrx_word' id='word_1_287' title='bbox 250 2129 283 2160; x_wconf 94' lang='lat' dir='ltr'><strong>in</strong></span> <span class='ocrx_word' id='word_1_288' title='bbox 308 2135 416 2160; x_wconf 90' lang='lat' dir='ltr'><strong>mente</strong></span> <span class='ocrx_word' id='word_1_289' title='bbox 440 2140 517 2160; x_wconf 88' lang='lat' dir='ltr'><strong>esse</strong></span> <span class='ocrx_word' id='word_1_290' title='bbox 540 2130 659 2171; x_wconf 87' lang='lat' dir='ltr'><strong>coepit,</strong></span> <span class='ocrx_word' id='word_1_291' title='bbox 683 2135 791 2160; x_wconf 86' lang='lat' dir='ltr'><strong>tamen</strong></span> <span class='ocrx_word' id='word_1_292' title='bbox 816 2129 938 2160; x_wconf 87' lang='lat' dir='ltr'><strong>mansit</strong></span> <span class='ocrx_word' id='word_1_293' title='bbox 960 2126 1071 2169; x_wconf 88' lang='lat' dir='ltr'><strong>aliqua</strong></span> <span class='ocrx_word' id='word_1_294' title='bbox 1092 2127 1156 2159; x_wconf 88' lang='lat' dir='ltr'><strong>Le-</strong></span> 
     </span>
     <span class='ocr_line' id='line_1_46' title="bbox 164 2169 1182 2215; baseline -0.002 -12"><span class='ocrx_word' id='word_1_295' title='bbox 164 2173 216 2215; x_wconf 87' lang='lat' dir='ltr'><strong>gis</strong></span> <span class='ocrx_word' id='word_1_296' title='bbox 228 2173 355 2211; x_wconf 85' lang='lat' dir='ltr'><strong>notitia,</strong></span> <span class='ocrx_word' id='word_1_297' title='bbox 379 2173 455 2214; x_wconf 79' lang='lat' dir='ltr'><strong>quia</strong></span> <span class='ocrx_word' id='word_1_298' title='bbox 474 2172 569 2204; x_wconf 90' lang='lat' dir='ltr'><strong>Deus</strong></span> <span class='ocrx_word' id='word_1_299' title='bbox 588 2173 658 2205; x_wconf 75' lang='lat' dir='ltr'><strong>vult</strong></span> <span class='ocrx_word' id='word_1_300' title='bbox 676 2183 714 2203; x_wconf 87' lang='lat' dir='ltr'><strong>se</strong></span> <span class='ocrx_word' id='word_1_301' title='bbox 738 2170 848 2203; x_wconf 90' lang='lat' dir='ltr'><strong>adhuc</strong></span> <span class='ocrx_word' id='word_1_302' title='bbox 860 2171 1014 2214; x_wconf 82' lang='lat' dir='ltr'><strong>agnosci,</strong></span> <span class='ocrx_word' id='word_1_303' title='bbox 1039 2169 1109 2202; x_wconf 78' lang='lat' dir='ltr'><strong>vult</strong></span> <span class='ocrx_word' id='word_1_304' title='bbox 1123 2176 1155 2202; x_wconf 89' lang='lat' dir='ltr'><strong>et</strong></span> <span class='ocrx_word' id='word_1_305' title='bbox 1180 2180 1182 2189; x_wconf 76' lang='grc'><strong><em>’</em></strong></span> 
     </span>
     <span class='ocr_line' id='line_1_47' title="bbox 162 2200 1182 2258; baseline -0.003 -11"><span class='ocrx_word' id='word_1_306' title='bbox 162 2222 335 2256; x_wconf 86' lang='lat' dir='ltr'><strong>peccatum</strong></span> <span class='ocrx_word' id='word_1_307' title='bbox 360 2218 500 2258; x_wconf 79' lang='lat' dir='ltr'><strong>agnosci</strong></span> <span class='ocrx_word' id='word_1_308' title='bbox 523 2227 562 2247; x_wconf 92' lang='lat' dir='ltr'><strong>ac</strong></span> <span class='ocrx_word' id='word_1_309' title='bbox 586 2217 693 2258; x_wconf 85' lang='lat' dir='ltr'><strong>argui,</strong></span> <span class='ocrx_word' id='word_1_310' title='bbox 718 2214 789 2247; x_wconf 84' lang='lat' dir='ltr'><strong>vult</strong></span> <span class='ocrx_word' id='word_1_311' title='bbox 813 2216 909 2247; x_wconf 84' lang='lat' dir='ltr'><strong>etiam</strong></span> <span class='ocrx_word' id='word_1_312' title='bbox 933 2216 1052 2252; x_wconf 88' lang='lat' dir='ltr'><strong>vitam,</strong></span> <span class='ocrx_word' id='word_1_313' title='bbox 1075 2225 1154 2256; x_wconf 89' lang='lat' dir='ltr'><strong>qua·</strong></span> <span class='ocrx_word' id='word_1_314' title='bbox 1179 2200 1182 2255; x_wconf 69' lang='lat' dir='ltr'><strong>l</strong></span> 
     </span>
     <span class='ocr_line' id='line_1_48' title="bbox 163 2256 1154 2301; baseline -0.001 -11"><span class='ocrx_word' id='word_1_315' title='bbox 163 2258 339 2301; x_wconf 80' lang='lat' dir='ltr'><strong>liscunque</strong></span> <span class='ocrx_word' id='word_1_316' title='bbox 367 2258 478 2290; x_wconf 90' lang='lat' dir='ltr'><strong>adhuc</strong></span> <span class='ocrx_word' id='word_1_317' title='bbox 507 2266 574 2298; x_wconf 89' lang='lat' dir='ltr'><strong>est,</strong></span> <span class='ocrx_word' id='word_1_318' title='bbox 610 2259 784 2301; x_wconf 83' lang='lat' dir='ltr'><strong>disciplina</strong></span> <span class='ocrx_word' id='word_1_319' title='bbox 819 2259 902 2301; x_wconf 84' lang='lat' dir='ltr'><strong>regi.</strong></span> <span class='ocrx_word' id='word_1_320' title='bbox 946 2258 1024 2289; x_wconf 84' lang='lat' dir='ltr'><strong>Ideo</strong></span> <span class='ocrx_word' id='word_1_321' title='bbox 1043 2256 1154 2300; x_wconf 90' lang='lat' dir='ltr'><strong>aliqua</strong></span> 
     </span>
     <span class='ocr_line' id='line_1_49' title="bbox 164 2301 934 2346; baseline -0.003 -11"><span class='ocrx_word' id='word_1_322' title='bbox 164 2303 268 2346; x_wconf 86' lang='lat' dir='ltr'><strong>Legis</strong></span> <span class='ocrx_word' id='word_1_323' title='bbox 292 2303 410 2334; x_wconf 88' lang='lat' dir='ltr'><strong>notitia</strong></span> <span class='ocrx_word' id='word_1_324' title='bbox 433 2304 556 2334; x_wconf 89' lang='lat' dir='ltr'><strong>mansit</strong></span> <span class='ocrx_word' id='word_1_325' title='bbox 575 2303 672 2335; x_wconf 85' lang='lat' dir='ltr'><strong>etiam</strong></span> <span class='ocrx_word' id='word_1_326' title='bbox 690 2309 769 2345; x_wconf 85' lang='lat' dir='ltr'><strong>post</strong></span> <span class='ocrx_word' id='word_1_327' title='bbox 792 2301 934 2344; x_wconf 88' lang='lat' dir='ltr'><strong>lapsum.</strong></span> 
     </span>
    </p>
   </div>
   <div class='ocr_carea' id='block_1_13' title="bbox 1178 1931 1182 2114">
    <p class='ocr_par' dir='ltr' id='par_1_14' title="bbox 1178 1931 1182 2114">
     <span class='ocr_line' id='line_1_50' title="bbox 1178 1931 1182 2114; baseline 0 876"><span class='ocrx_word' id='word_1_328' title='bbox 1178 1931 1182 2114; x_wconf 95' lang='lat' dir='ltr'><strong> </strong></span> 
     </span>
    </p>
   </div>
   <div class='ocr_carea' id='block_1_14' title="bbox 1179 2258 1183 2435">
    <p class='ocr_par' dir='ltr' id='par_1_15' title="bbox 1179 2258 1183 2435">
     <span class='ocr_line' id='line_1_51' title="bbox 1179 2258 1183 2435; baseline 0 555"><span class='ocrx_word' id='word_1_329' title='bbox 1179 2258 1183 2435; x_wconf 95' lang='lat' dir='ltr'><strong> </strong></span> 
     </span>
    </p>
   </div>
   <div class='ocr_carea' id='block_1_15' title="bbox 165 2379 1182 2510">
    <p class='ocr_par' dir='ltr' id='par_1_16' title="bbox 165 2379 1182 2510">
     <span class='ocr_line' id='line_1_52' title="bbox 251 2379 1154 2422; baseline -0.002 -10"><span class='ocrx_word' id='word_1_330' title='bbox 251 2380 294 2412; x_wconf 87' lang='lat' dir='ltr'><strong>Et</strong></span> <span class='ocrx_word' id='word_1_331' title='bbox 317 2382 394 2422; x_wconf 87' lang='lat' dir='ltr'><strong>quia</strong></span> <span class='ocrx_word' id='word_1_332' title='bbox 417 2392 505 2412; x_wconf 92' lang='lat' dir='ltr'><strong>nunc</strong></span> <span class='ocrx_word' id='word_1_333' title='bbox 529 2387 581 2413; x_wconf 86' lang='lat' dir='ltr'><strong>est</strong></span> <span class='ocrx_word' id='word_1_334' title='bbox 599 2381 786 2419; x_wconf 85' lang='lat' dir='ltr'><strong>obscurior,</strong></span> <span class='ocrx_word' id='word_1_335' title='bbox 810 2379 904 2412; x_wconf 88' lang='lat' dir='ltr'><strong>Deus</strong></span> <span class='ocrx_word' id='word_1_336' title='bbox 922 2380 994 2422; x_wconf 87' lang='lat' dir='ltr'><strong>ipse</strong></span> <span class='ocrx_word' id='word_1_337' title='bbox 1013 2379 1154 2411; x_wconf 89' lang='lat' dir='ltr'><strong>subinde</strong></span> 
     </span>
     <span class='ocr_line' id='line_1_53' title="bbox 165 2423 1182 2485; baseline -0.001 -30"><span class='ocrx_word' id='word_1_338' title='bbox 165 2424 276 2455; x_wconf 76' lang='lat' dir='ltr'><strong>statim</strong></span> <span class='ocrx_word' id='word_1_339' title='bbox 306 2430 383 2465; x_wconf 87' lang='lat' dir='ltr'><strong>post</strong></span> <span class='ocrx_word' id='word_1_340' title='bbox 415 2423 546 2466; x_wconf 80' lang='lat' dir='ltr'><strong>lapsum</strong></span> <span class='ocrx_word' id='word_1_341' title='bbox 576 2423 708 2467; x_wconf 83' lang='lat' dir='ltr'><strong>singula</strong></span> <span class='ocrx_word' id='word_1_342' title='bbox 744 2430 925 2466; x_wconf 83' lang='lat' dir='ltr'><strong>praecepta</strong></span> <span class='ocrx_word' id='word_1_343' title='bbox 960 2433 1062 2464; x_wconf 89' lang='lat' dir='ltr'><strong>saepe</strong></span> <span class='ocrx_word' id='word_1_344' title='bbox 1091 2433 1154 2454; x_wconf 87' lang='lat' dir='ltr'><strong>sua</strong></span> <span class='ocrx_word' id='word_1_345' title='bbox 1179 2437 1182 2485; x_wconf 74' lang='grc'><strong>1</strong></span> 
     </span>
     <span class='ocr_line' id='line_1_54' title="bbox 167 2465 1153 2510; baseline -0.002 -12"><span class='ocrx_word' id='word_1_346' title='bbox 167 2477 269 2505; x_wconf 79' lang='lat' dir='ltr'><strong>voce,</strong></span> <span class='ocrx_word' id='word_1_347' title='bbox 303 2473 335 2498; x_wconf 88' lang='lat' dir='ltr'><strong>et</strong></span> <span class='ocrx_word' id='word_1_348' title='bbox 358 2466 537 2500; x_wconf 85' lang='lat' dir='ltr'><strong>horrendis</strong></span> <span class='ocrx_word' id='word_1_349' title='bbox 562 2467 722 2510; x_wconf 82' lang='lat' dir='ltr'><strong>exemplis</strong></span> <span class='ocrx_word' id='word_1_350' title='bbox 746 2477 929 2510; x_wconf 89' lang='lat' dir='ltr'><strong>poenarum</strong></span> <span class='ocrx_word' id='word_1_351' title='bbox 960 2465 1153 2498; x_wconf 78' lang='lat' dir='ltr'><strong>declaravit.</strong></span> 
     </span>
    </p>
   </div>
   <div class='ocr_carea' id='block_1_16' title="bbox 168 2552 1155 2641">
    <p class='ocr_par' dir='ltr' id='par_1_17' title="bbox 168 2552 1155 2641">
     <span class='ocr_line' id='line_1_55' title="bbox 254 2552 1154 2596; baseline 0 -13"><span class='ocrx_word' id='word_1_352' title='bbox 254 2553 308 2584; x_wconf 72' lang='lat' dir='ltr'><strong>Ac</strong></span> <span class='ocrx_word' id='word_1_353' title='bbox 331 2553 508 2596; x_wconf 86' lang='lat' dir='ltr'><strong>diligenter</strong></span> <span class='ocrx_word' id='word_1_354' title='bbox 531 2555 796 2588; x_wconf 83' lang='lat' dir='ltr'><strong>considerandae</strong></span> <span class='ocrx_word' id='word_1_355' title='bbox 826 2560 903 2586; x_wconf 84' lang='lat' dir='ltr'><strong>sunt</strong></span> <span class='ocrx_word' id='word_1_356' title='bbox 928 2552 1031 2596; x_wconf 86' lang='lat' dir='ltr'><strong>Legis</strong></span> <span class='ocrx_word' id='word_1_357' title='bbox 1061 2562 1154 2594; x_wconf 86' lang='lat' dir='ltr'><strong>repe-</strong></span> 
     </span>
     <span class='ocr_line' id='line_1_56' title="bbox 168 2596 1155 2641; baseline 0.001 -13"><span class='ocrx_word' id='word_1_358' title='bbox 168 2597 303 2629; x_wconf 75' lang='lat' dir='ltr'><strong>titiones</strong></span> <span class='ocrx_word' id='word_1_359' title='bbox 337 2597 414 2629; x_wconf 86' lang='lat' dir='ltr'><strong>inde</strong></span> <span class='ocrx_word' id='word_1_360' title='bbox 435 2609 542 2641; x_wconf 85' lang='lat' dir='ltr'><strong>usque</strong></span> <span class='ocrx_word' id='word_1_361' title='bbox 570 2610 589 2631; x_wconf 91' lang='lat' dir='ltr'><strong>a</strong></span> <span class='ocrx_word' id='word_1_362' title='bbox 615 2598 700 2631; x_wconf 84' lang='lat' dir='ltr'><strong>Cain</strong></span> <span class='ocrx_word' id='word_1_363' title='bbox 728 2597 849 2631; x_wconf 83' lang='lat' dir='ltr'><strong>sactae.</strong></span> <span class='ocrx_word' id='word_1_364' title='bbox 894 2597 936 2630; x_wconf 88' lang='lat' dir='ltr'><strong>Et</strong></span> <span class='ocrx_word' id='word_1_365' title='bbox 964 2596 1155 2629; x_wconf 84' lang='lat' dir='ltr'><strong>testimonia</strong></span> 
     </span>
    </p>
   </div>
   <div class='ocr_carea' id='block_1_17' title="bbox 1179 2487 1183 2619">
    <p class='ocr_par' dir='ltr' id='par_1_18' title="bbox 1179 2487 1183 2619">
     <span class='ocr_line' id='line_1_57' title="bbox 1179 2487 1183 2619; baseline 0 0"><span class='ocrx_word' id='word_1_366' title='bbox 1179 2487 1183 2619; x_wconf 95' lang='lat' dir='ltr'><strong> </strong></span> 
     </span>
    </p>
   </div>
   <div class='ocr_carea' id='block_1_18' title="bbox 792 105 1553 139">
    <p class='ocr_par' dir='ltr' id='par_1_19' title="bbox 792 105 1553 139">
     <span class='ocr_line' id='line_1_58' title="bbox 792 105 1553 139; baseline -0.001 -1"><span class='ocrx_word' id='word_1_367' title='bbox 792 107 904 139; x_wconf 76' lang='lat' dir='ltr'><strong>PmL.</strong></span> <span class='ocrx_word' id='word_1_368' title='bbox 929 106 1034 138; x_wconf 77' lang='lat' dir='ltr'><strong>MEL.</strong></span> <span class='ocrx_word' id='word_1_369' title='bbox 1059 105 1248 139; x_wconf 75' lang='lat' dir='ltr'><strong>SCRIPTA</strong></span> <span class='ocrx_word' id='word_1_370' title='bbox 1270 106 1553 139; x_wconf 70' lang='lat' dir='ltr'><strong>DOGMATICA.</strong></span> 
     </span>
    </p>
   </div>
   <div class='ocr_carea' id='block_1_19' title="bbox 2131 108 2195 140">
    <p class='ocr_par' dir='ltr' id='par_1_20' title="bbox 2131 108 2195 140">
     <span class='ocr_line' id='line_1_59' title="bbox 2131 108 2195 140; baseline -0.016 0"><span class='ocrx_word' id='word_1_371' title='bbox 2131 108 2195 140; x_wconf 76' lang='lat'><strong>292</strong></span> 
     </span>
    </p>
   </div>
   <div class='ocr_carea' id='block_1_20' title="bbox 1202 200 2196 463">
    <p class='ocr_par' dir='ltr' id='par_1_21' title="bbox 1202 200 2196 463">
     <span class='ocr_line' id='line_1_60' title="bbox 1203 200 2195 246; baseline 0 -11"><span class='ocrx_word' id='word_1_372' title='bbox 1203 204 1315 235; x_wconf 76' lang='lat' dir='ltr'><strong>divina⁷</strong></span> <span class='ocrx_word' id='word_1_373' title='bbox 1338 203 1371 233; x_wconf 91' lang='lat' dir='ltr'><strong>in</strong></span> <span class='ocrx_word' id='word_1_374' title='bbox 1397 202 1674 244; x_wconf 86' lang='lat' dir='ltr'><strong>comprobatione</strong></span> <span class='ocrx_word' id='word_1_375' title='bbox 1691 207 1783 234; x_wconf 87' lang='lat' dir='ltr'><strong>recte</strong></span> <span class='ocrx_word' id='word_1_376' title='bbox 1805 200 1987 242; x_wconf 76' lang='lat' dir='ltr'><strong>tactorum,</strong></span> <span class='ocrx_word' id='word_1_377' title='bbox 2011 210 2042 234; x_wconf 90' lang='lat' dir='ltr'><strong>et</strong></span> <span class='ocrx_word' id='word_1_378' title='bbox 2065 203 2099 235; x_wconf 88' lang='lat' dir='ltr'><strong>in</strong></span> <span class='ocrx_word' id='word_1_379' title='bbox 2117 214 2195 246; x_wconf 89' lang='lat' dir='ltr'><strong>poe-</strong></span> 
     </span>
     <span class='ocr_line' id='line_1_61' title="bbox 1202 245 2196 289; baseline 0.001 -11"><span class='ocrx_word' id='word_1_380' title='bbox 1202 248 1254 279; x_wconf 91' lang='lat' dir='ltr'><strong>nis</strong></span> <span class='ocrx_word' id='word_1_381' title='bbox 1291 245 1507 284; x_wconf 84' lang='lat' dir='ltr'><strong>delictorum,</strong></span> <span class='ocrx_word' id='word_1_382' title='bbox 1541 252 1576 277; x_wconf 87' lang='lat' dir='ltr'><strong>ut</strong></span> <span class='ocrx_word' id='word_1_383' title='bbox 1613 245 1699 276; x_wconf 80' lang='lat' dir='ltr'><strong>Gen.</strong></span> <span class='ocrx_word' id='word_1_384' title='bbox 1728 246 1759 277; x_wconf 85' lang='lat'><strong>4.</strong></span> <span class='ocrx_word' id='word_1_385' title='bbox 1796 248 2056 288; x_wconf 83' lang='lat' dir='ltr'><strong>comprobantur</strong></span> <span class='ocrx_word' id='word_1_386' title='bbox 2091 258 2196 289; x_wconf 89' lang='lat' dir='ltr'><strong>opera</strong></span> 
     </span>
     <span class='ocr_line' id='line_1_62' title="bbox 1202 288 2196 333; baseline 0 -11"><span class='ocrx_word' id='word_1_387' title='bbox 1202 291 1296 333; x_wconf 89' lang='lat' dir='ltr'><strong>primi</strong></span> <span class='ocrx_word' id='word_1_388' title='bbox 1322 291 1511 332; x_wconf 81' lang='lat' dir='ltr'><strong>praecepti,</strong></span> <span class='ocrx_word' id='word_1_389' title='bbox 1547 289 1680 331; x_wconf 88' lang='lat' dir='ltr'><strong>quando</strong></span> <span class='ocrx_word' id='word_1_390' title='bbox 1702 288 1798 321; x_wconf 89' lang='lat' dir='ltr'><strong>Deus</strong></span> <span class='ocrx_word' id='word_1_391' title='bbox 1822 289 1997 321; x_wconf 83' lang='lat' dir='ltr'><strong>manifesto</strong></span> <span class='ocrx_word' id='word_1_392' title='bbox 2022 291 2120 333; x_wconf 88' lang='lat' dir='ltr'><strong>signo</strong></span> <span class='ocrx_word' id='word_1_393' title='bbox 2145 301 2196 322; x_wconf 87' lang='lat' dir='ltr'><strong>re-</strong></span> 
     </span>
     <span class='ocr_line' id='line_1_63' title="bbox 1204 331 2196 375; baseline 0.001 -10"><span class='ocrx_word' id='word_1_394' title='bbox 1204 335 1281 375; x_wconf 84' lang='lat' dir='ltr'><strong>cipit</strong></span> <span class='ocrx_word' id='word_1_395' title='bbox 1305 333 1507 365; x_wconf 77' lang='lat' dir='ltr'><strong>oblationem</strong></span> <span class='ocrx_word' id='word_1_396' title='bbox 1531 331 1637 370; x_wconf 80' lang='lat' dir='ltr'><strong>Abel,</strong></span> <span class='ocrx_word' id='word_1_397' title='bbox 1673 339 1706 364; x_wconf 91' lang='lat' dir='ltr'><strong>et</strong></span> <span class='ocrx_word' id='word_1_398' title='bbox 1730 334 1885 364; x_wconf 83' lang='lat' dir='ltr'><strong>discernit</strong></span> <span class='ocrx_word' id='word_1_399' title='bbox 1915 334 2119 365; x_wconf 87' lang='lat' dir='ltr'><strong>oblationem</strong></span> <span class='ocrx_word' id='word_1_400' title='bbox 2148 333 2196 366; x_wconf 77' lang='lat' dir='ltr'><strong>fa-</strong></span> 
     </span>
     <span class='ocr_line' id='line_1_64' title="bbox 1205 375 2196 420; baseline 0 -11"><span class='ocrx_word' id='word_1_401' title='bbox 1205 384 1290 409; x_wconf 90' lang='lat' dir='ltr'><strong>ctam</strong></span> <span class='ocrx_word' id='word_1_402' title='bbox 1314 387 1388 408; x_wconf 92' lang='lat' dir='ltr'><strong>cum</strong></span> <span class='ocrx_word' id='word_1_403' title='bbox 1412 377 1530 408; x_wconf 87' lang='lat' dir='ltr'><strong>timore</strong></span> <span class='ocrx_word' id='word_1_404' title='bbox 1556 383 1588 407; x_wconf 92' lang='lat' dir='ltr'><strong>et</strong></span> <span class='ocrx_word' id='word_1_405' title='bbox 1611 375 1696 415; x_wconf 85' lang='lat' dir='ltr'><strong>fide,</strong></span> <span class='ocrx_word' id='word_1_406' title='bbox 1720 378 1763 408; x_wconf 92' lang='lat' dir='ltr'><strong>ab</strong></span> <span class='ocrx_word' id='word_1_407' title='bbox 1788 375 1956 409; x_wconf 87' lang='lat' dir='ltr'><strong>oblatione</strong></span> <span class='ocrx_word' id='word_1_408' title='bbox 1986 377 2196 420; x_wconf 59' lang='lat' dir='ltr'><strong>hypocritae,</strong></span> 
     </span>
     <span class='ocr_line' id='line_1_65' title="bbox 1202 419 1824 463; baseline -0.002 -11"><span class='ocrx_word' id='word_1_409' title='bbox 1202 422 1259 463; x_wconf 88' lang='lat' dir='ltr'><strong>qui</strong></span> <span class='ocrx_word' id='word_1_410' title='bbox 1283 427 1336 452; x_wconf 90' lang='lat' dir='ltr'><strong>est</strong></span> <span class='ocrx_word' id='word_1_411' title='bbox 1358 421 1431 452; x_wconf 89' lang='lat' dir='ltr'><strong>sine</strong></span> <span class='ocrx_word' id='word_1_412' title='bbox 1455 420 1573 451; x_wconf 89' lang='lat' dir='ltr'><strong>timore</strong></span> <span class='ocrx_word' id='word_1_413' title='bbox 1597 426 1630 451; x_wconf 90' lang='lat' dir='ltr'><strong>et</strong></span> <span class='ocrx_word' id='word_1_414' title='bbox 1653 420 1726 451; x_wconf 86' lang='lat' dir='ltr'><strong>sine</strong></span> <span class='ocrx_word' id='word_1_415' title='bbox 1749 419 1824 451; x_wconf 88' lang='lat' dir='ltr'><strong>fide.</strong></span> 
     </span>
    </p>
   </div>
   <div class='ocr_carea' id='block_1_21' title="bbox 1202 496 2198 1008">
    <p class='ocr_par' dir='ltr' id='par_1_22' title="bbox 1202 496 2198 1008">
     <span class='ocr_line' id='line_1_66' title="bbox 1289 496 2196 539; baseline 0 -9"><span class='ocrx_word' id='word_1_416' title='bbox 1289 498 1415 530; x_wconf 86' lang='lat' dir='ltr'><strong>Postea</strong></span> <span class='ocrx_word' id='word_1_417' title='bbox 1439 499 1537 530; x_wconf 91' lang='lat' dir='ltr'><strong>etiam</strong></span> <span class='ocrx_word' id='word_1_418' title='bbox 1562 498 1780 539; x_wconf 84' lang='lat' dir='ltr'><strong>prohibentur</strong></span> <span class='ocrx_word' id='word_1_419' title='bbox 1803 498 1915 529; x_wconf 89' lang='lat' dir='ltr'><strong>odium</strong></span> <span class='ocrx_word' id='word_1_420' title='bbox 1937 496 2051 529; x_wconf 84' lang='lat' dir='ltr'><strong>fratris</strong></span> <span class='ocrx_word' id='word_1_421' title='bbox 2081 504 2114 530; x_wconf 86' lang='lat' dir='ltr'><strong>et</strong></span> <span class='ocrx_word' id='word_1_422' title='bbox 2136 497 2196 530; x_wconf 92' lang='lat' dir='ltr'><strong>ho-</strong></span> 
     </span>
     <span class='ocr_line' id='line_1_67' title="bbox 1202 540 2196 584; baseline 0.001 -11"><span class='ocrx_word' id='word_1_423' title='bbox 1202 543 1386 580; x_wconf 88' lang='lat' dir='ltr'><strong>micidium,</strong></span> <span class='ocrx_word' id='word_1_424' title='bbox 1416 548 1449 573; x_wconf 89' lang='lat' dir='ltr'><strong>et</strong></span> <span class='ocrx_word' id='word_1_425' title='bbox 1472 540 1632 583; x_wconf 88' lang='lat' dir='ltr'><strong>generale</strong></span> <span class='ocrx_word' id='word_1_426' title='bbox 1662 548 1878 582; x_wconf 87' lang='lat' dir='ltr'><strong>praeceptum</strong></span> <span class='ocrx_word' id='word_1_427' title='bbox 1912 542 2068 580; x_wconf 86' lang='lat' dir='ltr'><strong>traditur,</strong></span> <span class='ocrx_word' id='word_1_428' title='bbox 2103 543 2196 584; x_wconf 84' lang='lat' dir='ltr'><strong>quod</strong></span> 
     </span>
     <span class='ocr_line' id='line_1_68' title="bbox 1203 584 2196 626; baseline 0.001 -10"><span class='ocrx_word' id='word_1_429' title='bbox 1203 586 1337 617; x_wconf 89' lang='lat' dir='ltr'><strong>mandat</strong></span> <span class='ocrx_word' id='word_1_430' title='bbox 1367 596 1483 616; x_wconf 92' lang='lat' dir='ltr'><strong>omnes</strong></span> <span class='ocrx_word' id='word_1_431' title='bbox 1514 586 1654 616; x_wconf 77' lang='lat' dir='ltr'><strong>vitiosas</strong></span> <span class='ocrx_word' id='word_1_432' title='bbox 1683 585 1904 626; x_wconf 88' lang='lat' dir='ltr'><strong>adpetitiones</strong></span> <span class='ocrx_word' id='word_1_433' title='bbox 1938 584 2073 617; x_wconf 85' lang='lat' dir='ltr'><strong>frenari.</strong></span> <span class='ocrx_word' id='word_1_434' title='bbox 2125 585 2196 617; x_wconf 90' lang='lat' dir='ltr'><strong>Sub</strong></span> 
     </span>
     <span class='ocr_line' id='line_1_69' title="bbox 1203 628 2193 670; baseline 0.001 -11"><span class='ocrx_word' id='word_1_435' title='bbox 1203 635 1236 660; x_wconf 91' lang='lat' dir='ltr'><strong>te</strong></span> <span class='ocrx_word' id='word_1_436' title='bbox 1249 629 1293 659; x_wconf 88' lang='lat' dir='ltr'><strong>sit</strong></span> <span class='ocrx_word' id='word_1_437' title='bbox 1310 629 1477 670; x_wconf 82' lang='lat' dir='ltr'><strong>adpetitus</strong></span> <span class='ocrx_word' id='word_1_438' title='bbox 1501 635 1591 666; x_wconf 86' lang='lat' dir='ltr'><strong>tuus,</strong></span> <span class='ocrx_word' id='word_1_439' title='bbox 1615 635 1646 660; x_wconf 88' lang='lat' dir='ltr'><strong>et</strong></span> <span class='ocrx_word' id='word_1_440' title='bbox 1666 634 1701 660; x_wconf 91' lang='lat' dir='ltr'><strong>tu</strong></span> <span class='ocrx_word' id='word_1_441' title='bbox 1719 628 1897 659; x_wconf 88' lang='lat' dir='ltr'><strong>domineris</strong></span> <span class='ocrx_word' id='word_1_442' title='bbox 1915 629 2031 670; x_wconf 89' lang='lat' dir='ltr'><strong>ipsius.</strong></span> <span class='ocrx_word' id='word_1_443' title='bbox 2063 628 2193 660; x_wconf 87' lang='lat' dir='ltr'><strong>Deinde</strong></span> 
     </span>
     <span class='ocr_line' id='line_1_70' title="bbox 1203 671 2198 714; baseline 0.001 -11"><span class='ocrx_word' id='word_1_444' title='bbox 1203 672 1344 713; x_wconf 79' lang='lat' dir='ltr'><strong>repetita</strong></span> <span class='ocrx_word' id='word_1_445' title='bbox 1367 678 1419 703; x_wconf 88' lang='lat' dir='ltr'><strong>est</strong></span> <span class='ocrx_word' id='word_1_446' title='bbox 1449 672 1628 714; x_wconf 88' lang='lat' dir='ltr'><strong>prohibitio</strong></span> <span class='ocrx_word' id='word_1_447' title='bbox 1651 671 1835 710; x_wconf 85' lang='lat' dir='ltr'><strong>homicidii,</strong></span> <span class='ocrx_word' id='word_1_448' title='bbox 1865 672 1998 714; x_wconf 91' lang='lat' dir='ltr'><strong>quando</strong></span> <span class='ocrx_word' id='word_1_449' title='bbox 2027 671 2126 704; x_wconf 84' lang='lat' dir='ltr'><strong>Noha</strong></span> <span class='ocrx_word' id='word_1_450' title='bbox 2156 682 2198 704; x_wconf 86' lang='lat' dir='ltr'><strong>ex</strong></span> 
     </span>
     <span class='ocr_line' id='line_1_71' title="bbox 1203 715 2196 758; baseline 0.001 -11"><span class='ocrx_word' id='word_1_451' title='bbox 1203 726 1284 747; x_wconf 90' lang='lat' dir='ltr'><strong>arca</strong></span> <span class='ocrx_word' id='word_1_452' title='bbox 1308 726 1469 757; x_wconf 88' lang='lat' dir='ltr'><strong>egressus</strong></span> <span class='ocrx_word' id='word_1_453' title='bbox 1494 721 1554 747; x_wconf 79' lang='lat' dir='ltr'><strong>est.</strong></span> <span class='ocrx_word' id='word_1_454' title='bbox 1590 715 1631 746; x_wconf 90' lang='lat' dir='ltr'><strong>Et</strong></span> <span class='ocrx_word' id='word_1_455' title='bbox 1654 715 1832 757; x_wconf 85' lang='lat' dir='ltr'><strong>prohibitio</strong></span> <span class='ocrx_word' id='word_1_456' title='bbox 1849 726 2010 758; x_wconf 80' lang='lat' dir='ltr'><strong>vagarum</strong></span> <span class='ocrx_word' id='word_1_457' title='bbox 2023 715 2196 748; x_wconf 89' lang='lat' dir='ltr'><strong>libidinum</strong></span> 
     </span>
     <span class='ocr_line' id='line_1_72' title="bbox 1203 758 2196 801; baseline 0.001 -11"><span class='ocrx_word' id='word_1_458' title='bbox 1203 759 1323 791; x_wconf 86' lang='lat' dir='ltr'><strong>tradita</strong></span> <span class='ocrx_word' id='word_1_459' title='bbox 1346 764 1417 790; x_wconf 83' lang='lat' dir='ltr'><strong>erat</strong></span> <span class='ocrx_word' id='word_1_460' title='bbox 1441 760 1474 790; x_wconf 92' lang='lat' dir='ltr'><strong>in</strong></span> <span class='ocrx_word' id='word_1_461' title='bbox 1498 759 1660 790; x_wconf 89' lang='lat' dir='ltr'><strong>Paradiso</strong></span> <span class='ocrx_word' id='word_1_462' title='bbox 1686 769 1850 801; x_wconf 75' lang='lat' dir='ltr'><strong>expressa</strong></span> <span class='ocrx_word' id='word_1_463' title='bbox 1868 770 1972 797; x_wconf 76' lang='lat' dir='ltr'><strong>voce,</strong></span> <span class='ocrx_word' id='word_1_464' title='bbox 1994 758 2101 791; x_wconf 88' lang='lat' dir='ltr'><strong>Erunt</strong></span> <span class='ocrx_word' id='word_1_465' title='bbox 2130 760 2196 791; x_wconf 87' lang='lat' dir='ltr'><strong>duo</strong></span> 
     </span>
     <span class='ocr_line' id='line_1_73' title="bbox 1203 801 2198 841; baseline 0.002 -8"><span class='ocrx_word' id='word_1_466' title='bbox 1203 803 1237 833; x_wconf 89' lang='lat' dir='ltr'><strong>in</strong></span> <span class='ocrx_word' id='word_1_467' title='bbox 1261 813 1396 834; x_wconf 88' lang='lat' dir='ltr'><strong>carnem</strong></span> <span class='ocrx_word' id='word_1_468' title='bbox 1416 813 1526 841; x_wconf 88' lang='lat' dir='ltr'><strong>unam,</strong></span> <span class='ocrx_word' id='word_1_469' title='bbox 1550 803 1583 834; x_wconf 90' lang='lat' dir='ltr'><strong>id</strong></span> <span class='ocrx_word' id='word_1_470' title='bbox 1606 809 1670 841; x_wconf 89' lang='lat' dir='ltr'><strong>est,</strong></span> <span class='ocrx_word' id='word_1_471' title='bbox 1693 813 1779 835; x_wconf 88' lang='lat' dir='ltr'><strong>unus</strong></span> <span class='ocrx_word' id='word_1_472' title='bbox 1802 813 1887 841; x_wconf 78' lang='lat' dir='ltr'><strong>mas,</strong></span> <span class='ocrx_word' id='word_1_473' title='bbox 1913 808 1945 834; x_wconf 90' lang='lat' dir='ltr'><strong>et</strong></span> <span class='ocrx_word' id='word_1_474' title='bbox 1967 813 2035 834; x_wconf 91' lang='lat' dir='ltr'><strong>una</strong></span> <span class='ocrx_word' id='word_1_475' title='bbox 2052 801 2198 835; x_wconf 84' lang='lat' dir='ltr'><strong>foemina</strong></span> 
     </span>
     <span class='ocr_line' id='line_1_74' title="bbox 1204 844 2197 888; baseline 0.001 -12"><span class='ocrx_word' id='word_1_476' title='bbox 1204 844 1470 887; x_wconf 84' lang='lat' dir='ltr'><strong>inseparabiliter</strong></span> <span class='ocrx_word' id='word_1_477' title='bbox 1491 847 1679 888; x_wconf 83' lang='lat' dir='ltr'><strong>iungantur.</strong></span> <span class='ocrx_word' id='word_1_478' title='bbox 1725 845 1767 877; x_wconf 86' lang='lat' dir='ltr'><strong>Et</strong></span> <span class='ocrx_word' id='word_1_479' title='bbox 1785 856 1913 887; x_wconf 88' lang='lat' dir='ltr'><strong>poenae</strong></span> <span class='ocrx_word' id='word_1_480' title='bbox 1936 845 2115 878; x_wconf 85' lang='lat' dir='ltr'><strong>horribiles</strong></span> <span class='ocrx_word' id='word_1_481' title='bbox 2138 845 2197 877; x_wconf 91' lang='lat' dir='ltr'><strong>ho-</strong></span> 
     </span>
     <span class='ocr_line' id='line_1_75' title="bbox 1205 888 2198 931; baseline 0.001 -11"><span class='ocrx_word' id='word_1_482' title='bbox 1205 890 1326 920; x_wconf 85' lang='lat' dir='ltr'><strong>micidii</strong></span> <span class='ocrx_word' id='word_1_483' title='bbox 1351 896 1382 921; x_wconf 86' lang='lat' dir='ltr'><strong>et</strong></span> <span class='ocrx_word' id='word_1_484' title='bbox 1413 899 1573 931; x_wconf 82' lang='lat' dir='ltr'><strong>vagarum</strong></span> <span class='ocrx_word' id='word_1_485' title='bbox 1598 888 1769 921; x_wconf 87' lang='lat' dir='ltr'><strong>libidinum</strong></span> <span class='ocrx_word' id='word_1_486' title='bbox 1793 889 2050 921; x_wconf 79' lang='lat' dir='ltr'><strong>declaraverunt</strong></span> <span class='ocrx_word' id='word_1_487' title='bbox 2079 889 2198 921; x_wconf 86' lang='lat' dir='ltr'><strong>volun-</strong></span> 
     </span>
     <span class='ocr_line' id='line_1_76' title="bbox 1205 932 2198 974; baseline 0.001 -10"><span class='ocrx_word' id='word_1_488' title='bbox 1205 939 1306 964; x_wconf 88' lang='lat' dir='ltr'><strong>tatem</strong></span> <span class='ocrx_word' id='word_1_489' title='bbox 1330 932 1395 964; x_wconf 91' lang='lat' dir='ltr'><strong>Dei</strong></span> <span class='ocrx_word' id='word_1_490' title='bbox 1424 934 1466 964; x_wconf 91' lang='lat' dir='ltr'><strong>ab</strong></span> <span class='ocrx_word' id='word_1_491' title='bbox 1498 933 1609 972; x_wconf 80' lang='lat' dir='ltr'><strong>initio.</strong></span> <span class='ocrx_word' id='word_1_492' title='bbox 1631 939 1668 966; x_wconf 83' lang='lat' dir='ltr'><strong>ut</strong></span> <span class='ocrx_word' id='word_1_493' title='bbox 1690 934 1723 966; x_wconf 88' lang='lat' dir='ltr'><strong>in</strong></span> <span class='ocrx_word' id='word_1_494' title='bbox 1747 932 1884 974; x_wconf 71' lang='lat' dir='ltr'><strong>diluvio,</strong></span> <span class='ocrx_word' id='word_1_495' title='bbox 1908 939 1941 964; x_wconf 88' lang='lat' dir='ltr'><strong>et</strong></span> <span class='ocrx_word' id='word_1_496' title='bbox 1964 934 1997 965; x_wconf 91' lang='lat' dir='ltr'><strong>in</strong></span> <span class='ocrx_word' id='word_1_497' title='bbox 2021 934 2198 965; x_wconf 87' lang='lat' dir='ltr'><strong>eversione</strong></span> 
     </span>
     <span class='ocr_line' id='line_1_77' title="bbox 1206 976 1385 1008; baseline -0.006 0"><span class='ocrx_word' id='word_1_498' title='bbox 1206 976 1385 1008; x_wconf 86' lang='lat' dir='ltr'><strong>Sodomae.</strong></span> 
     </span>
    </p>
   </div>
   <div class='ocr_carea' id='block_1_22' title="bbox 1204 1053 2198 1390">
    <p class='ocr_par' dir='ltr' id='par_1_23' title="bbox 1204 1053 2198 1390">
     <span class='ocr_line' id='line_1_78' title="bbox 1291 1053 2198 1096; baseline 0.001 -12"><span class='ocrx_word' id='word_1_499' title='bbox 1291 1053 1415 1085; x_wconf 84' lang='lat' dir='ltr'><strong>Postea</strong></span> <span class='ocrx_word' id='word_1_500' title='bbox 1448 1054 1577 1096; x_wconf 85' lang='lat' dir='ltr'><strong>integre</strong></span> <span class='ocrx_word' id='word_1_501' title='bbox 1608 1061 1642 1085; x_wconf 85' lang='lat' dir='ltr'><strong>et</strong></span> <span class='ocrx_word' id='word_1_502' title='bbox 1671 1053 1787 1085; x_wconf 88' lang='lat' dir='ltr'><strong>ordine</strong></span> <span class='ocrx_word' id='word_1_503' title='bbox 1819 1054 1938 1085; x_wconf 88' lang='lat' dir='ltr'><strong>tradita</strong></span> <span class='ocrx_word' id='word_1_504' title='bbox 1961 1061 2013 1086; x_wconf 88' lang='lat' dir='ltr'><strong>est</strong></span> <span class='ocrx_word' id='word_1_505' title='bbox 2041 1053 2113 1086; x_wconf 82' lang='lat' dir='ltr'><strong>Lex</strong></span> <span class='ocrx_word' id='word_1_506' title='bbox 2136 1064 2198 1095; x_wconf 89' lang='lat' dir='ltr'><strong>per</strong></span> 
     </span>
     <span class='ocr_line' id='line_1_79' title="bbox 1204 1095 2197 1139; baseline 0 -11"><span class='ocrx_word' id='word_1_507' title='bbox 1204 1097 1351 1132; x_wconf 87' lang='lat' dir='ltr'><strong>Moisen,</strong></span> <span class='ocrx_word' id='word_1_508' title='bbox 1383 1104 1415 1129; x_wconf 91' lang='lat' dir='ltr'><strong>et</strong></span> <span class='ocrx_word' id='word_1_509' title='bbox 1440 1099 1636 1129; x_wconf 75' lang='lat' dir='ltr'><strong>contii-mata</strong></span> <span class='ocrx_word' id='word_1_510' title='bbox 1659 1095 1771 1128; x_wconf 91' lang='lat' dir='ltr'><strong>multis</strong></span> <span class='ocrx_word' id='word_1_511' title='bbox 1793 1098 1986 1139; x_wconf 87' lang='lat' dir='ltr'><strong>ingentibus</strong></span> <span class='ocrx_word' id='word_1_512' title='bbox 2015 1096 2197 1136; x_wconf 88' lang='lat' dir='ltr'><strong>miraculis,</strong></span> 
     </span>
     <span class='ocr_line' id='line_1_80' title="bbox 1204 1140 2198 1182; baseline 0 -10"><span class='ocrx_word' id='word_1_513' title='bbox 1204 1147 1237 1172; x_wconf 89' lang='lat' dir='ltr'><strong>et</strong></span> <span class='ocrx_word' id='word_1_514' title='bbox 1260 1151 1388 1172; x_wconf 92' lang='lat' dir='ltr'><strong>summa</strong></span> <span class='ocrx_word' id='word_1_515' title='bbox 1412 1140 1515 1182; x_wconf 90' lang='lat' dir='ltr'><strong>Legis</strong></span> <span class='ocrx_word' id='word_1_516' title='bbox 1537 1140 1674 1172; x_wconf 90' lang='lat' dir='ltr'><strong>moralis</strong></span> <span class='ocrx_word' id='word_1_517' title='bbox 1698 1151 1783 1172; x_wconf 84' lang='lat' dir='ltr'><strong>voce</strong></span> <span class='ocrx_word' id='word_1_518' title='bbox 1812 1140 1876 1172; x_wconf 83' lang='lat' dir='ltr'><strong>Dei</strong></span> <span class='ocrx_word' id='word_1_519' title='bbox 1905 1142 1936 1171; x_wconf 91' lang='lat' dir='ltr'><strong>in</strong></span> <span class='ocrx_word' id='word_1_520' title='bbox 1964 1147 2077 1173; x_wconf 91' lang='lat' dir='ltr'><strong>monte</strong></span> <span class='ocrx_word' id='word_1_521' title='bbox 2107 1141 2198 1173; x_wconf 89' lang='lat' dir='ltr'><strong>Sinai</strong></span> 
     </span>
     <span class='ocr_line' id='line_1_81' title="bbox 1204 1183 2198 1226; baseline 0.001 -11"><span class='ocrx_word' id='word_1_522' title='bbox 1204 1186 1415 1226; x_wconf 85' lang='lat' dir='ltr'><strong>pronuntiata</strong></span> <span class='ocrx_word' id='word_1_523' title='bbox 1439 1191 1503 1222; x_wconf 88' lang='lat' dir='ltr'><strong>est,</strong></span> <span class='ocrx_word' id='word_1_524' title='bbox 1528 1190 1561 1215; x_wconf 86' lang='lat' dir='ltr'><strong>et</strong></span> <span class='ocrx_word' id='word_1_525' title='bbox 1583 1185 1708 1226; x_wconf 87' lang='lat' dir='ltr'><strong>scripta</strong></span> <span class='ocrx_word' id='word_1_526' title='bbox 1731 1185 1764 1215; x_wconf 91' lang='lat' dir='ltr'><strong>in</strong></span> <span class='ocrx_word' id='word_1_527' title='bbox 1788 1185 1895 1215; x_wconf 89' lang='lat' dir='ltr'><strong>sacris</strong></span> <span class='ocrx_word' id='word_1_528' title='bbox 1918 1183 2057 1216; x_wconf 89' lang='lat' dir='ltr'><strong>Tabulis</strong></span> <span class='ocrx_word' id='word_1_529' title='bbox 2082 1185 2198 1216; x_wconf 91' lang='lat' dir='ltr'><strong>divini·</strong></span> 
     </span>
     <span class='ocr_line' id='line_1_82' title="bbox 1204 1226 2198 1270; baseline -0.001 -10"><span class='ocrx_word' id='word_1_530' title='bbox 1204 1235 1270 1266; x_wconf 79' lang='lat' dir='ltr'><strong>tus,</strong></span> <span class='ocrx_word' id='word_1_531' title='bbox 1293 1229 1371 1270; x_wconf 88' lang='lat' dir='ltr'><strong>quia</strong></span> <span class='ocrx_word' id='word_1_532' title='bbox 1394 1226 1500 1259; x_wconf 82' lang='lat' dir='ltr'><strong>voluit</strong></span> <span class='ocrx_word' id='word_1_533' title='bbox 1522 1227 1618 1258; x_wconf 88' lang='lat' dir='ltr'><strong>Deus</strong></span> <span class='ocrx_word' id='word_1_534' title='bbox 1642 1234 1758 1258; x_wconf 82' lang='lat' dir='ltr'><strong>extare</strong></span> <span class='ocrx_word' id='word_1_535' title='bbox 1781 1227 1909 1269; x_wconf 82' lang='lat' dir='ltr'><strong>Legem</strong></span> <span class='ocrx_word' id='word_1_536' title='bbox 1933 1228 2031 1259; x_wconf 92' lang='lat' dir='ltr'><strong>etiam</strong></span> <span class='ocrx_word' id='word_1_537' title='bbox 2060 1229 2092 1259; x_wconf 92' lang='lat' dir='ltr'><strong>in</strong></span> <span class='ocrx_word' id='word_1_538' title='bbox 2117 1229 2198 1259; x_wconf 87' lang='lat' dir='ltr'><strong>scri-</strong></span> 
     </span>
     <span class='ocr_line' id='line_1_83' title="bbox 1204 1269 2198 1313; baseline 0 -10"><span class='ocrx_word' id='word_1_539' title='bbox 1204 1278 1274 1313; x_wconf 88' lang='lat' dir='ltr'><strong>pto,</strong></span> <span class='ocrx_word' id='word_1_540' title='bbox 1300 1279 1331 1303; x_wconf 91' lang='lat' dir='ltr'><strong>et</strong></span> <span class='ocrx_word' id='word_1_541' title='bbox 1355 1272 1480 1302; x_wconf 89' lang='lat' dir='ltr'><strong>addidit</strong></span> <span class='ocrx_word' id='word_1_542' title='bbox 1504 1269 1683 1309; x_wconf 90' lang='lat' dir='ltr'><strong>miracula,</strong></span> <span class='ocrx_word' id='word_1_543' title='bbox 1706 1278 1741 1302; x_wconf 90' lang='lat' dir='ltr'><strong>ut</strong></span> <span class='ocrx_word' id='word_1_544' title='bbox 1764 1278 1888 1302; x_wconf 89' lang='lat' dir='ltr'><strong>certum</strong></span> <span class='ocrx_word' id='word_1_545' title='bbox 1913 1271 1955 1302; x_wconf 91' lang='lat' dir='ltr'><strong>sit</strong></span> <span class='ocrx_word' id='word_1_546' title='bbox 1977 1271 2064 1304; x_wconf 87' lang='lat' dir='ltr'><strong>hanc</strong></span> <span class='ocrx_word' id='word_1_547' title='bbox 2087 1271 2198 1313; x_wconf 85' lang='lat' dir='ltr'><strong>legem</strong></span> 
     </span>
     <span class='ocr_line' id='line_1_84' title="bbox 1206 1314 2198 1357; baseline 0.001 -11"><span class='ocrx_word' id='word_1_548' title='bbox 1206 1325 1282 1346; x_wconf 86' lang='lat' dir='ltr'><strong>esse</strong></span> <span class='ocrx_word' id='word_1_549' title='bbox 1317 1325 1468 1347; x_wconf 86' lang='lat' dir='ltr'><strong>normam</strong></span> <span class='ocrx_word' id='word_1_550' title='bbox 1498 1321 1667 1346; x_wconf 87' lang='lat' dir='ltr'><strong>aeternam</strong></span> <span class='ocrx_word' id='word_1_551' title='bbox 1691 1314 1802 1346; x_wconf 89' lang='lat' dir='ltr'><strong>iudicii</strong></span> <span class='ocrx_word' id='word_1_552' title='bbox 1826 1315 1944 1353; x_wconf 81' lang='lat' dir='ltr'><strong>divini,</strong></span> <span class='ocrx_word' id='word_1_553' title='bbox 1981 1321 2098 1347; x_wconf 84' lang='lat' dir='ltr'><strong>contra</strong></span> <span class='ocrx_word' id='word_1_554' title='bbox 2120 1325 2198 1357; x_wconf 82' lang='lat' dir='ltr'><strong>pec-</strong></span> 
     </span>
     <span class='ocr_line' id='line_1_85' title="bbox 1205 1365 1325 1390; baseline -0.008 0"><span class='ocrx_word' id='word_1_555' title='bbox 1205 1365 1325 1390; x_wconf 84' lang='lat' dir='ltr'><strong>catum.</strong></span> 
     </span>
    </p>
   </div>
   <div class='ocr_carea' id='block_1_23' title="bbox 1204 1434 2198 1641">
    <p class='ocr_par' dir='ltr' id='par_1_24' title="bbox 1204 1434 2198 1641">
     <span class='ocr_line' id='line_1_86' title="bbox 1293 1434 2194 1478; baseline -0.001 -11"><span class='ocrx_word' id='word_1_556' title='bbox 1293 1436 1335 1467; x_wconf 88' lang='lat' dir='ltr'><strong>Et</strong></span> <span class='ocrx_word' id='word_1_557' title='bbox 1357 1442 1477 1478; x_wconf 82' lang='lat' dir='ltr'><strong>postea</strong></span> <span class='ocrx_word' id='word_1_558' title='bbox 1499 1437 1533 1467; x_wconf 91' lang='lat' dir='ltr'><strong>in</strong></span> <span class='ocrx_word' id='word_1_559' title='bbox 1556 1441 1626 1467; x_wconf 89' lang='lat' dir='ltr'><strong>toto</strong></span> <span class='ocrx_word' id='word_1_560' title='bbox 1650 1445 1775 1477; x_wconf 80' lang='lat' dir='ltr'><strong>genere</strong></span> <span class='ocrx_word' id='word_1_561' title='bbox 1798 1434 1942 1466; x_wconf 89' lang='lat' dir='ltr'><strong>humano</strong></span> <span class='ocrx_word' id='word_1_562' title='bbox 1970 1445 2099 1476; x_wconf 88' lang='lat' dir='ltr'><strong>poenae</strong></span> <span class='ocrx_word' id='word_1_563' title='bbox 2121 1443 2194 1466; x_wconf 86' lang='lat' dir='ltr'><strong>sce-</strong></span> 
     </span>
     <span class='ocr_line' id='line_1_87' title="bbox 1204 1477 2198 1511; baseline -0.002 0"><span class='ocrx_word' id='word_1_564' title='bbox 1204 1479 1312 1511; x_wconf 90' lang='lat' dir='ltr'><strong>lerum</strong></span> <span class='ocrx_word' id='word_1_565' title='bbox 1337 1480 1490 1510; x_wconf 90' lang='lat' dir='ltr'><strong>omnibus</strong></span> <span class='ocrx_word' id='word_1_566' title='bbox 1515 1479 1683 1510; x_wconf 89' lang='lat' dir='ltr'><strong>aetatibus</strong></span> <span class='ocrx_word' id='word_1_567' title='bbox 1713 1485 1791 1510; x_wconf 88' lang='lat' dir='ltr'><strong>sunt</strong></span> <span class='ocrx_word' id='word_1_568' title='bbox 1816 1479 2006 1509; x_wconf 85' lang='lat' dir='ltr'><strong>testimonia</strong></span> <span class='ocrx_word' id='word_1_569' title='bbox 2029 1477 2128 1509; x_wconf 85' lang='lat' dir='ltr'><strong>huius</strong></span> <span class='ocrx_word' id='word_1_570' title='bbox 2150 1479 2198 1509; x_wconf 87' lang='lat' dir='ltr'><strong>iu-</strong></span> 
     </span>
     <span class='ocr_line' id='line_1_88' title="bbox 1206 1521 2197 1565; baseline -0.002 -11"><span class='ocrx_word' id='word_1_571' title='bbox 1206 1524 1281 1554; x_wconf 88' lang='lat' dir='ltr'><strong>dicii</strong></span> <span class='ocrx_word' id='word_1_572' title='bbox 1310 1524 1420 1554; x_wconf 74' lang='lat' dir='ltr'><strong>divini.</strong></span> <span class='ocrx_word' id='word_1_573' title='bbox 1469 1521 1682 1565; x_wconf 86' lang='lat' dir='ltr'><strong>Regulariter</strong></span> <span class='ocrx_word' id='word_1_574' title='bbox 1716 1523 1803 1552; x_wconf 88' lang='lat' dir='ltr'><strong>enim</strong></span> <span class='ocrx_word' id='word_1_575' title='bbox 1834 1522 1962 1552; x_wconf 89' lang='lat' dir='ltr'><strong>atrocia</strong></span> <span class='ocrx_word' id='word_1_576' title='bbox 1987 1521 2109 1552; x_wconf 88' lang='lat' dir='ltr'><strong>delicta</strong></span> <span class='ocrx_word' id='word_1_577' title='bbox 2137 1532 2197 1563; x_wconf 90' lang='lat' dir='ltr'><strong>pu·</strong></span> 
     </span>
     <span class='ocr_line' id='line_1_89' title="bbox 1205 1564 2197 1607; baseline -0.002 -9"><span class='ocrx_word' id='word_1_578' title='bbox 1205 1568 1340 1598; x_wconf 86' lang='lat' dir='ltr'><strong>niuntur</strong></span> <span class='ocrx_word' id='word_1_579' title='bbox 1364 1567 1534 1597; x_wconf 80' lang='lat' dir='ltr'><strong>atrocibus</strong></span> <span class='ocrx_word' id='word_1_580' title='bbox 1562 1566 1680 1607; x_wconf 88' lang='lat' dir='ltr'><strong>poenis</strong></span> <span class='ocrx_word' id='word_1_581' title='bbox 1711 1566 1742 1595; x_wconf 93' lang='lat' dir='ltr'><strong>in</strong></span> <span class='ocrx_word' id='word_1_582' title='bbox 1773 1564 1836 1596; x_wconf 91' lang='lat' dir='ltr'><strong>hac</strong></span> <span class='ocrx_word' id='word_1_583' title='bbox 1859 1566 1943 1603; x_wconf 71' lang='lat' dir='ltr'><strong>vita,</strong></span> <span class='ocrx_word' id='word_1_584' title='bbox 1978 1570 2015 1596; x_wconf 85' lang='lat' dir='ltr'><strong>ut</strong></span> <span class='ocrx_word' id='word_1_585' title='bbox 2044 1564 2197 1596; x_wconf 85' lang='lat' dir='ltr'><strong>homines</strong></span> 
     </span>
     <span class='ocr_line' id='line_1_90' title="bbox 1207 1608 1768 1641; baseline -0.002 -1"><span class='ocrx_word' id='word_1_586' title='bbox 1207 1610 1462 1641; x_wconf 83' lang='lat' dir='ltr'><strong>commonefiant</strong></span> <span class='ocrx_word' id='word_1_587' title='bbox 1487 1610 1528 1641; x_wconf 85' lang='lat' dir='ltr'><strong>de</strong></span> <span class='ocrx_word' id='word_1_588' title='bbox 1552 1609 1673 1641; x_wconf 86' lang='lat' dir='ltr'><strong>iudicio</strong></span> <span class='ocrx_word' id='word_1_589' title='bbox 1693 1608 1768 1640; x_wconf 90' lang='lat' dir='ltr'><strong>Dei.</strong></span> 
     </span>
    </p>
   </div>
   <div class='ocr_carea' id='block_1_24' title="bbox 1207 1685 2198 1861">
    <p class='ocr_par' dir='ltr' id='par_1_25' title="bbox 1207 1685 2198 1861">
     <span class='ocr_line' id='line_1_91' title="bbox 1292 1685 2197 1729; baseline -0.002 -11"><span class='ocrx_word' id='word_1_590' title='bbox 1292 1686 1481 1729; x_wconf 88' lang='lat' dir='ltr'><strong>Diligenter</strong></span> <span class='ocrx_word' id='word_1_591' title='bbox 1504 1698 1587 1729; x_wconf 84' lang='lat' dir='ltr'><strong>ergo</strong></span> <span class='ocrx_word' id='word_1_592' title='bbox 1610 1687 1643 1718; x_wconf 91' lang='lat' dir='ltr'><strong>in</strong></span> <span class='ocrx_word' id='word_1_593' title='bbox 1668 1686 1859 1718; x_wconf 84' lang='lat' dir='ltr'><strong>definitione</strong></span> <span class='ocrx_word' id='word_1_594' title='bbox 1883 1686 2089 1727; x_wconf 85' lang='lat' dir='ltr'><strong>aspiciantur</strong></span> <span class='ocrx_word' id='word_1_595' title='bbox 2111 1685 2197 1717; x_wconf 87' lang='lat' dir='ltr'><strong>haec</strong></span> 
     </span>
     <span class='ocr_line' id='line_1_92' title="bbox 1207 1729 2198 1770; baseline -0.004 -7"><span class='ocrx_word' id='word_1_596' title='bbox 1207 1732 1322 1770; x_wconf 75' lang='lat' dir='ltr'><strong>verba,</strong></span> <span class='ocrx_word' id='word_1_597' title='bbox 1346 1732 1465 1762; x_wconf 83' lang='lat' dir='ltr'><strong>tradita</strong></span> <span class='ocrx_word' id='word_1_598' title='bbox 1489 1730 1609 1769; x_wconf 85' lang='lat' dir='ltr'><strong>aDeo,</strong></span> <span class='ocrx_word' id='word_1_599' title='bbox 1634 1737 1665 1762; x_wconf 89' lang='lat' dir='ltr'><strong>et</strong></span> <span class='ocrx_word' id='word_1_600' title='bbox 1690 1731 1860 1762; x_wconf 89' lang='lat' dir='ltr'><strong>discamus</strong></span> <span class='ocrx_word' id='word_1_601' title='bbox 1892 1729 2054 1760; x_wconf 87' lang='lat' dir='ltr'><strong>infinitum</strong></span> <span class='ocrx_word' id='word_1_602' title='bbox 2082 1729 2198 1760; x_wconf 88' lang='lat' dir='ltr'><strong>discri-</strong></span> 
     </span>
     <span class='ocr_line' id='line_1_93' title="bbox 1207 1772 2197 1816; baseline -0.003 -10"><span class='ocrx_word' id='word_1_603' title='bbox 1207 1786 1281 1807; x_wconf 90' lang='lat' dir='ltr'><strong>men</strong></span> <span class='ocrx_word' id='word_1_604' title='bbox 1306 1785 1394 1814; x_wconf 81' lang='lat' dir='ltr'><strong>esse,</strong></span> <span class='ocrx_word' id='word_1_605' title='bbox 1417 1775 1502 1806; x_wconf 87' lang='lat' dir='ltr'><strong>inter</strong></span> <span class='ocrx_word' id='word_1_606' title='bbox 1526 1774 1620 1816; x_wconf 83' lang='lat' dir='ltr'><strong>leges</strong></span> <span class='ocrx_word' id='word_1_607' title='bbox 1643 1775 1807 1806; x_wconf 87' lang='lat' dir='ltr'><strong>humanas</strong></span> <span class='ocrx_word' id='word_1_608' title='bbox 1831 1780 1864 1805; x_wconf 82' lang='lat' dir='ltr'><strong>et</strong></span> <span class='ocrx_word' id='word_1_609' title='bbox 1887 1773 2043 1812; x_wconf 80' lang='lat' dir='ltr'><strong>divinam,</strong></span> <span class='ocrx_word' id='word_1_610' title='bbox 2067 1772 2108 1804; x_wconf 89' lang='lat' dir='ltr'><strong>de</strong></span> <span class='ocrx_word' id='word_1_611' title='bbox 2131 1782 2197 1814; x_wconf 93' lang='lat' dir='ltr'><strong>quo</strong></span> 
     </span>
     <span class='ocr_line' id='line_1_94' title="bbox 1207 1819 1721 1861; baseline -0.008 -10"><span class='ocrx_word' id='word_1_612' title='bbox 1207 1819 1396 1851; x_wconf 86' lang='lat' dir='ltr'><strong>discrimine</strong></span> <span class='ocrx_word' id='word_1_613' title='bbox 1419 1825 1539 1861; x_wconf 85' lang='lat' dir='ltr'><strong>postea</strong></span> <span class='ocrx_word' id='word_1_614' title='bbox 1562 1819 1721 1850; x_wconf 89' lang='lat' dir='ltr'><strong>dicemus.</strong></span> 
     </span>
    </p>
   </div>
   <div class='ocr_carea' id='block_1_25' title="bbox 1208 1892 2198 2243">
    <p class='ocr_par' dir='ltr' id='par_1_26' title="bbox 1208 1892 2198 2243">
     <span class='ocr_line' id='line_1_95' title="bbox 1295 1892 2198 1935; baseline -0.006 -7"><span class='ocrx_word' id='word_1_615' title='bbox 1295 1898 1393 1929; x_wconf 88' lang='lat' dir='ltr'><strong>Prius</strong></span> <span class='ocrx_word' id='word_1_616' title='bbox 1426 1897 1512 1928; x_wconf 87' lang='lat' dir='ltr'><strong>enim</strong></span> <span class='ocrx_word' id='word_1_617' title='bbox 1543 1897 1741 1933; x_wconf 85' lang='lat' dir='ltr'><strong>ostendam,</strong></span> <span class='ocrx_word' id='word_1_618' title='bbox 1774 1896 1861 1927; x_wconf 90' lang='lat' dir='ltr'><strong>unde</strong></span> <span class='ocrx_word' id='word_1_619' title='bbox 1890 1896 1933 1926; x_wconf 85' lang='lat' dir='ltr'><strong>sit</strong></span> <span class='ocrx_word' id='word_1_620' title='bbox 1963 1899 2073 1925; x_wconf 86' lang='lat' dir='ltr'><strong>sumta</strong></span> <span class='ocrx_word' id='word_1_621' title='bbox 2095 1892 2198 1935; x_wconf 89' lang='lat' dir='ltr'><strong>Legis</strong></span> 
     </span>
     <span class='ocr_line' id='line_1_96' title="bbox 1208 1937 2198 1981; baseline -0.005 -9"><span class='ocrx_word' id='word_1_622' title='bbox 1208 1941 1366 1979; x_wconf 66' lang='lat' dir='ltr'><strong>definitio.</strong></span> <span class='ocrx_word' id='word_1_623' title='bbox 1391 1939 1543 1972; x_wconf 69' lang='lat' dir='ltr'><strong>videlicet</strong></span> <span class='ocrx_word' id='word_1_624' title='bbox 1569 1951 1609 1971; x_wconf 85' lang='lat' dir='ltr'><strong>ex</strong></span> <span class='ocrx_word' id='word_1_625' title='bbox 1628 1941 1702 1981; x_wconf 89' lang='lat' dir='ltr'><strong>ipsa</strong></span> <span class='ocrx_word' id='word_1_626' title='bbox 1726 1938 1813 1981; x_wconf 77' lang='lat' dir='ltr'><strong>lege,</strong></span> <span class='ocrx_word' id='word_1_627' title='bbox 1837 1949 1921 1980; x_wconf 91' lang='lat' dir='ltr'><strong>quae</strong></span> <span class='ocrx_word' id='word_1_628' title='bbox 1933 1937 2083 1969; x_wconf 86' lang='lat' dir='ltr'><strong>adfirmat</strong></span> <span class='ocrx_word' id='word_1_629' title='bbox 2102 1947 2198 1978; x_wconf 88' lang='lat' dir='ltr'><strong>prae-</strong></span> 
     </span>
     <span class='ocr_line' id='line_1_97' title="bbox 1209 1981 2198 2026; baseline -0.006 -10"><span class='ocrx_word' id='word_1_630' title='bbox 1209 1986 1272 2026; x_wconf 83' lang='lat' dir='ltr'><strong>cipi</strong></span> <span class='ocrx_word' id='word_1_631' title='bbox 1297 1990 1326 2015; x_wconf 87' lang='lat' dir='ltr'><strong>et</strong></span> <span class='ocrx_word' id='word_1_632' title='bbox 1352 1984 1512 2025; x_wconf 80' lang='lat' dir='ltr'><strong>postulari</strong></span> <span class='ocrx_word' id='word_1_633' title='bbox 1531 1985 1693 2025; x_wconf 84' lang='lat' dir='ltr'><strong>integram</strong></span> <span class='ocrx_word' id='word_1_634' title='bbox 1714 1989 1744 2013; x_wconf 90' lang='lat' dir='ltr'><strong>et</strong></span> <span class='ocrx_word' id='word_1_635' title='bbox 1766 1982 1949 2023; x_wconf 70' lang='lat' dir='ltr'><strong>perfectam</strong></span> <span class='ocrx_word' id='word_1_636' title='bbox 1968 1981 2198 2017; x_wconf 84' lang='lat' dir='ltr'><strong>obedientiam,</strong></span> 
     </span>
     <span class='ocr_line' id='line_1_98' title="bbox 1208 2022 2198 2069; baseline -0.004 -10"><span class='ocrx_word' id='word_1_637' title='bbox 1208 2036 1239 2060; x_wconf 88' lang='lat' dir='ltr'><strong>et</strong></span> <span class='ocrx_word' id='word_1_638' title='bbox 1275 2029 1384 2069; x_wconf 89' lang='lat' dir='ltr'><strong>puniri</strong></span> <span class='ocrx_word' id='word_1_639' title='bbox 1418 2038 1484 2059; x_wconf 93' lang='lat' dir='ltr'><strong>non</strong></span> <span class='ocrx_word' id='word_1_640' title='bbox 1518 2032 1729 2068; x_wconf 83' lang='lat' dir='ltr'><strong>praestantes</strong></span> <span class='ocrx_word' id='word_1_641' title='bbox 1759 2027 1922 2067; x_wconf 86' lang='lat' dir='ltr'><strong>integram</strong></span> <span class='ocrx_word' id='word_1_642' title='bbox 1953 2030 1985 2056; x_wconf 92' lang='lat' dir='ltr'><strong>et</strong></span> <span class='ocrx_word' id='word_1_643' title='bbox 2012 2022 2198 2065; x_wconf 82' lang='lat' dir='ltr'><strong>perfectam</strong></span> 
     </span>
     <span class='ocr_line' id='line_1_99' title="bbox 1209 2067 2198 2111; baseline -0.007 -7"><span class='ocrx_word' id='word_1_644' title='bbox 1209 2072 1441 2104; x_wconf 88' lang='lat' dir='ltr'><strong>obedientiam.</strong></span> <span class='ocrx_word' id='word_1_645' title='bbox 1487 2069 1579 2101; x_wconf 93' lang='lat' dir='ltr'><strong>Dicit</strong></span> <span class='ocrx_word' id='word_1_646' title='bbox 1614 2070 1700 2100; x_wconf 88' lang='lat' dir='ltr'><strong>enim</strong></span> <span class='ocrx_word' id='word_1_647' title='bbox 1736 2069 1822 2100; x_wconf 80' lang='lat' dir='ltr'><strong>Lex:</strong></span> <span class='ocrx_word' id='word_1_648' title='bbox 1858 2067 1987 2111; x_wconf 85' lang='lat' dir='ltr'><strong>Diliges</strong></span> <span class='ocrx_word' id='word_1_649' title='bbox 2018 2067 2198 2099; x_wconf 88' lang='lat' dir='ltr'><strong>Dominum</strong></span> 
     </span>
     <span class='ocr_line' id='line_1_100' title="bbox 1208 2110 2198 2150; baseline -0.006 -4"><span class='ocrx_word' id='word_1_650' title='bbox 1208 2115 1316 2146; x_wconf 91' lang='lat' dir='ltr'><strong>Deum</strong></span> <span class='ocrx_word' id='word_1_651' title='bbox 1348 2122 1437 2146; x_wconf 92' lang='lat' dir='ltr'><strong>tuum</strong></span> <span class='ocrx_word' id='word_1_652' title='bbox 1469 2124 1509 2145; x_wconf 85' lang='lat' dir='ltr'><strong>ex</strong></span> <span class='ocrx_word' id='word_1_653' title='bbox 1533 2119 1603 2144; x_wconf 91' lang='lat' dir='ltr'><strong>toto</strong></span> <span class='ocrx_word' id='word_1_654' title='bbox 1628 2113 1747 2150; x_wconf 82' lang='lat' dir='ltr'><strong>corde,</strong></span> <span class='ocrx_word' id='word_1_655' title='bbox 1779 2120 1840 2143; x_wconf 90' lang='lat' dir='ltr'><strong>etc.</strong></span> <span class='ocrx_word' id='word_1_656' title='bbox 1888 2111 1985 2149; x_wconf 72' lang='lat' dir='ltr'><strong>Item,</strong></span> <span class='ocrx_word' id='word_1_657' title='bbox 2019 2110 2095 2142; x_wconf 82' lang='lat' dir='ltr'><strong>Non</strong></span> <span class='ocrx_word' id='word_1_658' title='bbox 2119 2120 2198 2141; x_wconf 91' lang='lat' dir='ltr'><strong>con-</strong></span> 
     </span>
     <span class='ocr_line' id='line_1_101' title="bbox 1209 2153 2198 2201; baseline -0.006 -11"><span class='ocrx_word' id='word_1_659' title='bbox 1209 2160 1376 2201; x_wconf 83' lang='lat' dir='ltr'><strong>cupiscas.</strong></span> <span class='ocrx_word' id='word_1_660' title='bbox 1423 2158 1520 2195; x_wconf 91' lang='lat' dir='ltr'><strong>ltem‚</strong></span> <span class='ocrx_word' id='word_1_661' title='bbox 1554 2155 1753 2188; x_wconf 80' lang='lat' dir='ltr'><strong>Maledictus</strong></span> <span class='ocrx_word' id='word_1_662' title='bbox 1785 2156 1840 2198; x_wconf 88' lang='lat' dir='ltr'><strong>qui</strong></span> <span class='ocrx_word' id='word_1_663' title='bbox 1870 2165 1937 2186; x_wconf 91' lang='lat' dir='ltr'><strong>non</strong></span> <span class='ocrx_word' id='word_1_664' title='bbox 1970 2154 2130 2186; x_wconf 88' lang='lat' dir='ltr'><strong>manserit</strong></span> <span class='ocrx_word' id='word_1_665' title='bbox 2163 2153 2198 2184; x_wconf 91' lang='lat' dir='ltr'><strong>in</strong></span> 
     </span>
     <span class='ocr_line' id='line_1_102' title="bbox 1208 2199 1913 2243; baseline -0.007 -9"><span class='ocrx_word' id='word_1_666' title='bbox 1208 2204 1372 2241; x_wconf 89' lang='lat' dir='ltr'><strong>omnibus,</strong></span> <span class='ocrx_word' id='word_1_667' title='bbox 1396 2212 1480 2243; x_wconf 88' lang='lat' dir='ltr'><strong>quae</strong></span> <span class='ocrx_word' id='word_1_668' title='bbox 1503 2201 1628 2242; x_wconf 85' lang='lat' dir='ltr'><strong>scripta</strong></span> <span class='ocrx_word' id='word_1_669' title='bbox 1652 2207 1729 2231; x_wconf 83' lang='lat' dir='ltr'><strong>sunt</strong></span> <span class='ocrx_word' id='word_1_670' title='bbox 1751 2200 1784 2230; x_wconf 88' lang='lat' dir='ltr'><strong>in</strong></span> <span class='ocrx_word' id='word_1_671' title='bbox 1807 2199 1913 2241; x_wconf 87' lang='lat' dir='ltr'><strong>Lege.</strong></span> 
     </span>
    </p>
   </div>
   <div class='ocr_carea' id='block_1_26' title="bbox 1207 2284 2199 2628">
    <p class='ocr_par' dir='ltr' id='par_1_27' title="bbox 1207 2284 2199 2628">
     <span class='ocr_line' id='line_1_103' title="bbox 1295 2284 2198 2328; baseline -0.009 -7"><span class='ocrx_word' id='word_1_672' title='bbox 1295 2289 1347 2322; x_wconf 88' lang='lat' dir='ltr'><strong>Ac</strong></span> <span class='ocrx_word' id='word_1_673' title='bbox 1372 2287 1470 2320; x_wconf 78' lang='lat' dir='ltr'><strong>valde</strong></span> <span class='ocrx_word' id='word_1_674' title='bbox 1493 2297 1637 2318; x_wconf 84' lang='lat' dir='ltr'><strong>neeesse</strong></span> <span class='ocrx_word' id='word_1_675' title='bbox 1661 2293 1713 2317; x_wconf 85' lang='lat' dir='ltr'><strong>est</strong></span> <span class='ocrx_word' id='word_1_676' title='bbox 1737 2285 1878 2328; x_wconf 86' lang='lat' dir='ltr'><strong>intelligi</strong></span> <span class='ocrx_word' id='word_1_677' title='bbox 1901 2284 1989 2316; x_wconf 90' lang='lat' dir='ltr'><strong>hanc</strong></span> <span class='ocrx_word' id='word_1_678' title='bbox 2013 2293 2093 2315; x_wconf 86' lang='lat' dir='ltr'><strong>vere</strong></span> <span class='ocrx_word' id='word_1_679' title='bbox 2121 2292 2198 2314; x_wconf 88' lang='lat' dir='ltr'><strong>esse</strong></span> 
     </span>
     <span class='ocr_line' id='line_1_104' title="bbox 1208 2325 2198 2376; baseline -0.008 -11"><span class='ocrx_word' id='word_1_680' title='bbox 1208 2333 1312 2376; x_wconf 86' lang='lat' dir='ltr'><strong>Legis</strong></span> <span class='ocrx_word' id='word_1_681' title='bbox 1336 2332 1560 2368; x_wconf 84' lang='lat' dir='ltr'><strong>voluntatem,</strong></span> <span class='ocrx_word' id='word_1_682' title='bbox 1585 2341 1627 2362; x_wconf 85' lang='lat' dir='ltr'><strong>ne</strong></span> <span class='ocrx_word' id='word_1_683' title='bbox 1653 2329 1850 2362; x_wconf 81' lang='lat' dir='ltr'><strong>delabantur</strong></span> <span class='ocrx_word' id='word_1_684' title='bbox 1875 2328 2025 2359; x_wconf 83' lang='lat' dir='ltr'><strong>homines</strong></span> <span class='ocrx_word' id='word_1_685' title='bbox 2060 2327 2091 2358; x_wconf 87' lang='lat' dir='ltr'><strong>in</strong></span> <span class='ocrx_word' id='word_1_686' title='bbox 2115 2325 2198 2358; x_wconf 79' lang='lat' dir='ltr'><strong>stul-</strong></span> 
     </span>
     <span class='ocr_line' id='line_1_105' title="bbox 1208 2371 2199 2418; baseline -0.008 -10"><span class='ocrx_word' id='word_1_687' title='bbox 1208 2384 1260 2408; x_wconf 85' lang='lat' dir='ltr'><strong>tas</strong></span> <span class='ocrx_word' id='word_1_688' title='bbox 1294 2377 1468 2418; x_wconf 89' lang='lat' dir='ltr'><strong>opiniones</strong></span> <span class='ocrx_word' id='word_1_689' title='bbox 1508 2374 1765 2406; x_wconf 86' lang='lat' dir='ltr'><strong>Pharisaeorum</strong></span> <span class='ocrx_word' id='word_1_690' title='bbox 1804 2379 1836 2404; x_wconf 92' lang='lat' dir='ltr'><strong>et</strong></span> <span class='ocrx_word' id='word_1_691' title='bbox 1864 2371 2119 2408; x_wconf 66' lang='lat' dir='ltr'><strong>Monachormm</strong></span> <span class='ocrx_word' id='word_1_692' title='bbox 2157 2379 2199 2401; x_wconf 87' lang='lat' dir='ltr'><strong>ac</strong></span> 
     </span>
     <span class='ocr_line' id='line_1_106' title="bbox 1208 2413 2198 2459; baseline -0.008 -7"><span class='ocrx_word' id='word_1_693' title='bbox 1208 2422 1393 2458; x_wconf 84' lang='lat' dir='ltr'><strong>somnient,</strong></span> <span class='ocrx_word' id='word_1_694' title='bbox 1415 2419 1568 2451; x_wconf 86' lang='lat' dir='ltr'><strong>homines</strong></span> <span class='ocrx_word' id='word_1_695' title='bbox 1599 2428 1701 2459; x_wconf 86' lang='lat' dir='ltr'><strong>posse</strong></span> <span class='ocrx_word' id='word_1_696' title='bbox 1726 2417 1809 2459; x_wconf 85' lang='lat' dir='ltr'><strong>Legi</strong></span> <span class='ocrx_word' id='word_1_697' title='bbox 1832 2415 1895 2448; x_wconf 91' lang='lat' dir='ltr'><strong>Dei</strong></span> <span class='ocrx_word' id='word_1_698' title='bbox 1919 2413 2132 2451; x_wconf 85' lang='lat' dir='ltr'><strong>satisfacere,</strong></span> <span class='ocrx_word' id='word_1_699' title='bbox 2165 2419 2198 2444; x_wconf 76' lang='lat' dir='ltr'><strong>et</strong></span> 
     </span>
     <span class='ocr_line' id='line_1_107' title="bbox 1208 2456 2197 2506; baseline -0.009 -11"><span class='ocrx_word' id='word_1_700' title='bbox 1208 2463 1295 2496; x_wconf 88' lang='lat' dir='ltr'><strong>hanc</strong></span> <span class='ocrx_word' id='word_1_701' title='bbox 1324 2462 1587 2506; x_wconf 87' lang='lat' dir='ltr'><strong>qualemcunque</strong></span> <span class='ocrx_word' id='word_1_702' title='bbox 1620 2459 1847 2502; x_wconf 88' lang='lat' dir='ltr'><strong>disciplinam,</strong></span> <span class='ocrx_word' id='word_1_703' title='bbox 1882 2469 1967 2501; x_wconf 89' lang='lat' dir='ltr'><strong>quae</strong></span> <span class='ocrx_word' id='word_1_704' title='bbox 2002 2456 2103 2489; x_wconf 83' lang='lat' dir='ltr'><strong>efficit</strong></span> <span class='ocrx_word' id='word_1_705' title='bbox 2137 2456 2197 2488; x_wconf 85' lang='lat' dir='ltr'><strong>ho-</strong></span> 
     </span>
     <span class='ocr_line' id='line_1_108' title="bbox 1207 2500 2196 2544; baseline -0.009 -5"><span class='ocrx_word' id='word_1_706' title='bbox 1207 2514 1323 2539; x_wconf 86' lang='lat' dir='ltr'><strong>nestas</strong></span> <span class='ocrx_word' id='word_1_707' title='bbox 1347 2507 1498 2539; x_wconf 87' lang='lat' dir='ltr'><strong>actiones</strong></span> <span class='ocrx_word' id='word_1_708' title='bbox 1522 2512 1695 2543; x_wconf 79' lang='lat' dir='ltr'><strong>externas,</strong></span> <span class='ocrx_word' id='word_1_709' title='bbox 1730 2514 1806 2535; x_wconf 89' lang='lat' dir='ltr'><strong>esse</strong></span> <span class='ocrx_word' id='word_1_710' title='bbox 1831 2502 2053 2544; x_wconf 89' lang='lat' dir='ltr'><strong>impletionem</strong></span> <span class='ocrx_word' id='word_1_711' title='bbox 2082 2500 2196 2542; x_wconf 88' lang='lat' dir='ltr'><strong>Legis,</strong></span> 
     </span>
     <span class='ocr_line' id='line_1_109' title="bbox 1207 2543 2197 2591; baseline -0.009 -8"><span class='ocrx_word' id='word_1_712' title='bbox 1207 2558 1240 2582; x_wconf 88' lang='lat' dir='ltr'><strong>et</strong></span> <span class='ocrx_word' id='word_1_713' title='bbox 1263 2551 1429 2582; x_wconf 86' lang='lat' dir='ltr'><strong>hominem</strong></span> <span class='ocrx_word' id='word_1_714' title='bbox 1451 2548 1510 2582; x_wconf 87' lang='lat' dir='ltr'><strong>tali</strong></span> <span class='ocrx_word' id='word_1_715' title='bbox 1534 2547 1711 2591; x_wconf 85' lang='lat' dir='ltr'><strong>disciplina</strong></span> <span class='ocrx_word' id='word_1_716' title='bbox 1733 2548 1856 2580; x_wconf 81' lang='lat' dir='ltr'><strong>iustum</strong></span> <span class='ocrx_word' id='word_1_717' title='bbox 1879 2555 1966 2584; x_wconf 87' lang='lat' dir='ltr'><strong>esse,</strong></span> <span class='ocrx_word' id='word_1_718' title='bbox 1991 2551 2024 2576; x_wconf 89' lang='lat' dir='ltr'><strong>et</strong></span> <span class='ocrx_word' id='word_1_719' title='bbox 2042 2543 2125 2586; x_wconf 86' lang='lat' dir='ltr'><strong>Legi</strong></span> <span class='ocrx_word' id='word_1_720' title='bbox 2144 2553 2197 2574; x_wconf 88' lang='lat' dir='ltr'><strong>sa-</strong></span> 
     </span>
     <span class='ocr_line' id='line_1_110' title="bbox 1207 2593 1378 2628; baseline -0.006 -2"><span class='ocrx_word' id='word_1_721' title='bbox 1207 2593 1378 2628; x_wconf 78' lang='lat' dir='ltr'><strong>tis-facere.</strong></span> 
     </span>
    </p>
   </div>
   <div class='ocr_carea' id='block_1_27' title="bbox 2329 0 2383 2990">
    <p class='ocr_par' dir='ltr' id='par_1_28' title="bbox 2329 0 2383 2990">
     <span class='ocr_line' id='line_1_111' title="bbox 2329 0 2383 2990; baseline 0 0"><span class='ocrx_word' id='word_1_722' title='bbox 2329 0 2383 2990; x_wconf 95' lang='lat' dir='ltr'><strong> </strong></span> 
     </span>
    </p>
   </div>
  </div>
 </body>
</html>
