2383 2990
159 158 223 189 51⁷
798 154 840 186 V.

876 153 1142 186 EXPLICATIO
1166 153 1370 185 SYMssoLl
1393 153 1553 185 NICENI.

2128 156 2192 188 518

158 252 214 285 alii
238 258 316 284 sunt
338 251 528 282 immediate
545 257 685 283 naturae
699 251 842 287 divinae,
867 249 921 282 alii
945 256 1022 282 sunt
1045 249 1149 282 totius
1172 249 1178 296 ξ
1202 249 1356 288 rinthios,
1393 248 1562 281 Christum
1587 249 1649 280 Dei
1669 250 1860 290 potentiam,
1884 251 1973 291 quod
1999 252 2040 281 ibi
2065 258 2191 283 certum

157 305 325 338 personae
348 295 414 326 Dei
437 301 470 326 et
493 294 635 326 hominis
658 295 856 326 immediate.

1203 299 1254 324 est
1279 294 1342 324 dici
1366 294 1407 324 de
1432 294 1581 334 potentia
1605 291 1813 324 salvationis.
1871 293 1942 324 Hoc
1967 295 2040 324 ideo
2066 297 2190 326 moneri

1201 347 1345 367 necesse
1377 343 1439 374 est,
1470 343 1503 368 ut
1540 336 1723 368 refutentur
1747 336 1972 378 blasphemiae
1993 337 2191 377 Thammes-i,

245 381 401 413 Christus
422 388 474 413 est
497 382 596 412 nobis
620 382 800 423 sapientia,
823 386 856 412 et
881 382 957 422 quia
981 380 1066 419 λόγος
1089 380 1147 410 ini·
1171 376 1175 407 1
1202 380 1256 421 qui
1282 378 1512 411 confusionem
1536 379 1616 411 facit
1636 379 1852 411 Ethnicorum
1876 388 1907 412 et
1922 380 2107 420 Recte-tae,
2132 393 2192 412 nec

156 427 202 458 tio
224 424 361 468 protulit
386 423 606 467 Evangelium
631 436 671 456 ex
695 426 769 456 sinu
797 425 921 456 aeterni
956 423 1084 461 Patris,
1116 429 1148 454 et

157 470 233 512 quia
267 470 340 510 ipse
374 469 406 500 in
432 469 599 500 mentibus
622 467 729 500 lucem
753 468 907 499 accendit
930 478 1016 498 voce
1040 466 1148 497 Evan-
1171 486 1176 522 ι

156 512 244 556 getii,
271 514 358 543 sicut
380 513 502 554 inquit:
526 511 600 553 Ego
624 523 697 544 sum
721 512 808 549 vitis,
832 521 894 542 vos
914 510 1081 552 palmites,
1117 515 1149 540 et

155 557 233 599 quia
256 555 341 586 11300
364 566 511 597 persona
534 555 690 587 Christus
713 554 808 586 Deus
832 560 865 585 et
888 555 989 585 homo
1014 552 1148 585 visibili-

156 606 207 631 ter
220 600 320 631 docet
331 598 563 642 Evangelium,
588 604 620 630 et
643 599 684 630 de
709 608 748 630 eo
773 598 840 629 edit
862 598 1065 635 testimonia,
1085 608 1148 628 nee

155 642 250 675 Deus
275 653 354 674 vere
377 643 574 685 agnoscitur
597 642 660 673 nisi
683 652 743 683 per
764 640 995 683 Evangelium.

244 728 448 760 lUS'rlTlA.

156 773 466 804 sanctificwionem.

156 816 304 854 Christi,
338 817 443 857 ipsius
468 815 674 853 obedientia,
699 825 765 856 qua
788 824 851 845 nos
877 816 975 845 vestit
1001 821 1032 845 et
1056 815 1148 855 tegit.

156 859 375 892 CHRISTUS
411 865 463 890 est
498 858 595 890 nobis
638 859 774 896 iustitia,
797 858 831 889 id
855 864 917 896 est,
942 859 1045 898 ipsius
1071 859 1150 888 ohe-

156 904 278 935 dientia
302 909 354 933 est
377 901 433 933 illa
456 912 529 940 res,
562 909 701 943 propter
725 912 822 942 quam
846 902 1008 932 habemus
1032 912 1149 933 recon-

156 945 354 978 ciliationem
380 952 412 977 et
435 946 701 987 acceptationem
726 946 758 976 in
782 945 846 976 hac
869 945 948 976 vita.

517 728 614 759 Prius
650 729 797 759 nominat
830 728 998 766 iustitiam,
1030 733 1150 768 postea

156 1077 189 1108 in
214 1076 314 1107 nobis
339 1076 464 1107 iustitia
487 1076 519 1106 in
543 1076 610 1106 vita
633 1081 781 1113 aeterna,
817 1075 950 1116 quando
975 1076 1096 1106 erimus
1121 1075 1150 1106 ei

155 1118 300 1158 similes,
334 1120 366 1150 id
392 1125 463 1157 est,
500 1119 549 1149 sic
572 1120 614 1150 ab
639 1129 679 1150 eo
710 1117 958 1156 transformati,
993 1125 1027 1150 nt
1052 1119 1094 1149 sit
1117 1119 1149 1149 in

156 1164 253 1195 nobis
277 1161 353 1201 lux,
389 1173 476 1204 quae
500 1168 552 1193 est
576 1172 656 1193 vera
685 1162 810 1204 agnitio
839 1161 921 1199 Dei,
957 1172 1149 1203 congruens

156 1217 231 1239 cum
254 1207 369 1237 notitia
398 1207 429 1236 in
454 1205 538 1236 Filio
563 1205 637 1237 Dei,
706 1205 802 1236 Hunc
827 1204 979 1236 effectum
1005 1206 1151 1237 nominat.

156 1249 465 1281 sanctificationem.
498 1247 750 1290 simplicissime
773 1250 858 1280 enim
883 1248 1050 1291 significat
1074 1260 1150 1280 san-

158 1300 260 1331 ctum,
294 1293 401 1335 ipsum
436 1291 557 1331 Deum,
592 1298 624 1323 et
648 1303 714 1330 res,
739 1293 859 1334 quibus
883 1303 919 1323 se
943 1291 1037 1324 Deus
1061 1303 1150 1323 com-

524 770 731 813 Intelligatur
761 781 843 812 ergo
867 772 1008 812 primum
1027 771 1151 802 iustitia
1171 774 1178 822 j

1202 424 1362 454 discernit
1398 423 1616 465 Evangelium
1651 434 1671 455 a
1705 424 1821 455 notitia
1852 425 2013 464 naturali,
2052 425 2093 456 Et
2128 426 2193 456 1100

1202 468 1302 498 modo
1326 467 1458 498 diversa
1481 466 1559 497 loca
1582 466 1677 498 Pauli
1700 468 1961 500 consideremus.

1289 554 1384 584 Rom.
1411 553 1439 586 l.
1486 553 1637 585 Potentia
1672 553 1735 584 Dei
1770 553 1829 585 suit
1863 560 1942 586 nota
1978 555 2127 586 Ethnicis
2153 566 2193 586 ex

1203 598 1361 638 operibus
1399 598 1588 628 creationis.
1649 597 1676 628 1.
1702 596 1852 628 Corinth.
1880 599 1907 628 l.
1963 598 2117 629 Chri-<tus
2141 605 2194 630 est

1202 642 1349 682 potentia
1374 640 1449 677 Dei,
1484 640 1573 681 Ergo
1599 639 1753 672 Christus
1778 640 1839 672 fuit
1863 648 1962 673 notus
1988 641 2136 673 Ethnicis
2162 648 2193 673 et,

1203 685 1333 715 rationi.
1380 683 1662 725 Respondendnm
1676 690 1737 715 est.
1786 685 1882 726 Nego
1904 687 2191 727 consequentiam,

1204 733 1235 759 et
1255 728 1338 758 ratio
1363 734 1426 765 est,
1450 728 1526 768 quia
1549 735 1625 758 sunt
1651 733 1794 769 quatuor
1818 729 1958 759 termini.
2006 728 2192 760 [1111101110-

1202 781 1266 802 nos
1290 772 1408 802 dicitur
1431 772 1472 802 de
1496 771 1643 811 potentia
1663 772 1854 810 creationis,
1877 782 1973 813 quam
1994 774 2113 803 rationi
2137 771 2195 803 ali-

1203 825 1268 856 quo
1294 816 1392 845 modo
1416 822 1528 845 notam
1554 824 1630 845 esse
1653 812 1821 846 fatendum
1846 822 1908 853 est,
1935 816 2010 856 qnia
2028 817 2112 846 ratio
2136 816 2194 846 ha-

1203 859 1258 889 bet
1282 858 1596 896 demonstrationes,
1619 859 1708 900 quod
1733 858 1796 889 hoc
1820 857 2077 900 pulcherrimum
2104 871 2194 891 mun-

1203 902 1235 933 di
1260 902 1425 942 opificium
1450 912 1516 933 non
1540 912 1623 933 casu
1637 901 1836 933 confluxerit
1852 913 1892 933 ex
1906 901 2088 933 Democriti
2113 903 2193 933 Ato—

1203 945 1281 983 mis,
1318 946 1377 976 sed
1402 946 1492 986 quod
1521 945 1565 975 sit
1589 946 1735 976 creatrix
1759 951 1790 976 et
1814 947 2047 977 conservatrix
2071 947 2195 984 mundi,

1202 988 1300 1019 Mens
1326 990 1506 1020 immensae
1530 989 1714 1030 sapientiae
1740 995 1772 1019 et
1795 990 1976 1030 potentiae,
2002 1000 2115 1024 verax,
2141 1001 2194 1021 ca-

1204 1038 1272 1066 sta,
1308 1032 1406 1063 iudex
1442 1039 1505 1063 etc.
1574 1032 1613 1063 Et
1645 1038 1722 1063 sunt
1747 1043 1869 1063 causae
1894 1034 2066 1071 maximae,
2091 1044 2194 1075 quare

1202 1074 1297 1106 Deus
1321 1077 1419 1106 etiam
1443 1082 1518 1116 post
1542 1074 1672 1117 lapsum
1684 1074 1762 1107 velit
1787 1076 1874 1107 hanc
1898 1077 2045 1107 notitiam
2065 1077 2105 1107 de
2120 1077 2193 1108 Deo

1204 1125 1236 1149 et
1261 1120 1302 1150 de
1325 1118 1417 1161 Lege
1441 1120 1473 1149 111
1499 1127 1616 1150 natura
1641 1119 1785 1150 humana
1808 1118 1968 1161 reliquam
1994 1130 2081 1158 esse,
2106 1119 2194 1151 scili-

1204 1170 1256 1193 cet
1279 1168 1315 1194 ut
1338 1163 1494 1194 ostendat
1517 1169 1550 1194 et
1573 1169 1693 1205 arguat
1716 1169 1902 1204 peccatum,
1928 1169 1959 1194 et
1983 1170 2078 1206 regat
2099 1165 2195 1195 disei-

1203 1205 1336 1247 plinam.

1292 1292 1490 1334 Quanquam
1510 1298 1620 1324 antem
1643 1292 1788 1334 aliquam
1814 1292 2007 1335 generalem
2032 1295 2192 1336 cognitio-

245 1031 351 1064 Simul
385 1038 494 1064 autem
520 1037 571 1063 est
594 1030 726 1070 efficax,
759 1037 791 1063 et
827 1032 888 1062 erit
920 1022 1178 1238 consummata!

1203 1346 1278 1367 nem
1301 1337 1385 1367 ratio
1411 1337 1510 1367 habet
1536 1337 1576 1367 de
1601 1347 1666 1367 una
1690 1337 1837 1368 essentia
1863 1344 2010 1375 creante,
2047 1345 2077 1368 et
2115 1337 2195 1368 defi-

1204 1380 1361 1410 nitionem
1384 1378 1591 1411 Platonicam
1614 1381 1750 1421 probat:
1774 1379 1869 1411 Deus
1895 1387 1946 1411 cst
1971 1391 2063 1411 mens
2090 1388 2195 1412 aeter-

1204 1434 1246 1454 na
1281 1434 1384 1454 causa
1415 1424 1492 1454 boni
1526 1424 1559 1454 in
1583 1429 1714 1453 natura:
1744 1431 1854 1454 tamen
1878 1434 1944 1455 non
1969 1425 2061 1455 novit
2084 1425 2196 1456 distin-

1205 1467 1349 1498 ctionem
1372 1473 1405 1498 et
1429 1467 1576 1498 ordinem
1600 1477 1832 1507 personarum.

156 1337 317 1375 manicat,
354 1335 407 1367 vel
440 1336 611 1367 dedicatas
631 1336 748 1367 usibus
772 1335 854 1373 Dei,
890 1341 923 1366 ut
948 1336 1047 1366 homo
1072 1346 1150 1367 con-

155 1390 278 1411 versus
298 1380 340 1410 ad
356 1379 462 1409 Deum
482 1389 562 1409 vere
585 1377 741 1420 templum
754 1377 818 1409 Dei
843 1385 995 1410 sanctum
1018 1379 1148 1417 dicitur,

155 1423 232 1464 quia
254 1423 287 1453 in
312 1432 352 1453 eo
376 1421 471 1453 Deus
490 1422 627 1462 habitat,
651 1428 685 1453 ut
710 1422 743 1452 in
756 1422 859 1453 Iesaia
884 1429 914 1453 et
935 1422 1079 1453 Iohanne
1105 1423 1150 1453 di·
1172 1396 1179 1462 1

156 1466 251 1497 citur.
319 1464 493 1506 Templum
528 1475 665 1496 saxeum
690 1471 723 1496 et
745 1476 829 1496 vasa
853 1466 1008 1496 dicuntur
1031 1472 1150 1497 sancta
1169 1468 1177 1485 ¹

157 1507 279 1550 procul
315 1509 416 1539 ducta
448 1508 621 1551 μεταφορά,
656 1509 731 1550 quia
755 1515 832 1540 sunt
857 1509 1011 1540 dedicata
1034 1511 1149 1541 usibus
1170 1500 1177 1514 ⁸

154 1552 231 1584 Dei.

241 1620 427 1652 Redemtio.
474 1620 561 1656 Quia
589 1619 674 1652 haee
701 1631 847 1662 persona
877 1621 1034 1653 Christus
1054 1622 1150 1654 Deus

155 1671 188 1696 et
212 1664 312 1696 homo
338 1670 390 1695 est
413 1664 554 1705 pretium
578 1675 638 1705 pro
664 1665 773 1702 nobis,
798 1664 882 1695 Nam
904 1664 1083 1697 [1011001101-
1107 1667 1150 1697 51-

155 1708 293 1750 gnificat
326 1717 393 1739 non
428 1708 514 1738 idem
550 1706 747 1749 simpliciter
770 1708 860 1750 quod
884 1706 1054 1747 liberator,
1089 1710 1150 1740 sed

154 1750 322 1793 significat
356 1749 605 1791 persolventem
635 1751 777 1792 pretium
808 1762 869 1782 seu
898 1752 1002 1794 λύτρα.
1072 1752 1150 1784 111(Ιο

155 1795 241 1826 enim
266 1794 477 1834 componitur
499 1795 701 1826 vocabulum
728 1795 906 1833 Graecum,
930 1806 998 1836 quo
1022 1795 1148 1828 Paulus

154 1848 238 1868 usus
274 1843 335 1868 est.
404 1837 473 1868 lam
500 1837 624 1879 cogita,
661 1848 760 1879 quam
785 1837 894 1869 dulcis
919 1840 1083 1870 sententia
1109 1840 1152 1871 sit

155 1880 237 1912 illud
261 1880 357 1912 Pauli
381 1881 523 1918 dictum,
556 1886 589 1911 et
623 1891 721 1922 quam
745 1892 869 1913 suaves
894 1880 1150 1915 consolationes

154 1925 253 1956 nobis
277 1929 464 1965 proponat,
487 1924 563 1955 ideo
586 1925 713 1963 attexit,
738 1925 793 1967 qui
818 1924 992 1967 gloriatur,
1026 1927 1058 1957 in
1081 1925 1152 1958 Do-

153 1968 242 1999 mino
267 1966 441 2010 glorietur.
509 1966 592 1998 Cum
624 1975 855 2010 expavescunt
885 1971 988 2000 corda
1008 1968 1096 2001 mole
1120 1975 1152 2001 et

154 2011 381 2053 magnitudine
416 2016 645 2051 peccatorum,
681 2011 801 2054 Cogita
831 2012 1011 2044 Dominum
1042 2013 1150 2045 1050111

154 2053 323 2086 Christum
347 2061 435 2085 tuam
459 2055 616 2086 iustitiam
639 2065 730 2093 esse,
755 2056 788 2087 id
812 2062 874 2094 051,
910 2055 1031 2087 offerre
1053 2067 1150 2089 suam

155 2098 378 2129 obedientiam
413 2108 475 2139 pro
511 2105 556 2136 te,
592 2109 657 2139 qua
690 2097 804 2140 places
831 2100 974 2132 credens
998 2100 1029 2131 in
1055 2099 1149 2132 Chri-

153 2147 253 2179 stum,
288 2141 417 2172 etiamsi
452 2151 489 2172 05
524 2142 662 2173 sordida
684 2153 810 2181 massa,
846 2142 961 2174 similis
982 2145 1148 2183 abortin

153 2191 185 2216 et
209 2185 301 2258 ideml
315 2183 385 2215 vult
404 2195 481 2216 esse
505 2183 625 2216 efficax
644 2186 678 2216 in
700 2192 746 2225 te,
766 2187 896 2220 etiamsi
921 2197 1038 2219 sumus
1051 2187 1149 2220 valde

153 2227 287 2260 imbeeil
303 2238 351 2259 05.

241 2304 432 2337 Gloriamur
457 2316 552 2347 erge,
574 2307 607 2337 id
631 2313 695 2346 est,
718 2308 902 2339 iudicamus
929 2318 991 2339 nos
1022 2308 1148 2341 habere

153 2350 243 2381 bona
277 2359 338 2380 seu
362 2348 521 2392 gloriam,
555 2348 686 2382 scilicet
721 2362 787 2383 non
817 2353 905 2383 bona
929 2358 1068 2383 naturae
1091 2363 1149 2384 no-

153 2398 261 2424 strae:
286 2392 346 2423 sed
372 2394 595 2425 obedientiam
619 2393 692 2425 Filii
715 2394 798 2434 Dei,
833 2406 920 2437 quae
944 2402 996 2426 cst
1020 2396 1148 2428 redem-

152 2437 197 2467 tio
231 2442 360 2474 nostra,
394 2443 427 2467 et
461 2437 602 2478 pretium
637 2449 698 2479 pro
733 2439 846 2477 nobis,
879 2445 910 2470 et.
934 2445 985 2470 est
1010 2440 1146 2479 iustitia,

152 2485 291 2520 propter
314 2489 412 2521 quam
436 2490 500 2511 nos
524 2482 656 2522 accepti
679 2491 795 2514 sumus
820 2482 904 2521 fide,
929 2493 994 2524 qua
1018 2489 1051 2514 et
1074 2483 1146 2524 ipse

153 2522 307 2554 Christus
343 2523 491 2554 vivificat
526 2524 641 2563 corda,
666 2530 699 2556 et
722 2525 779 2557 dat
802 2527 898 2558 nobis
923 2527 965 2557 de
987 2536 1050 2558 suo
1072 2527 1146 2568 Spi-

152 2567 228 2606 ritu,
253 2572 289 2597 ut
312 2567 417 2609 inquit
439 2566 617 2599 Iohannes.

239 2653 397 2685 Nominat
420 2654 517 2686 etiam
541 2653 667 2686 Paulus
697 2655 729 2687 in
754 2657 871 2688 eodem
895 2658 1003 2699 eapite
1026 2658 1068 2689 ad
1082 2657 1146 2689 Co-

1290 1552 1420 1584 Deinde
1444 1554 1475 1585 in
1500 1554 1630 1585 Minore
1664 1554 1705 1594 ad
1737 1553 1941 1592 Corinthios,
1977 1553 2128 1586 Potentia
2153 1556 2195 1586 51-

1204 1596 1339 1639 gnificat
1364 1598 1545 1638 potentiam
1569 1596 1777 1635 salvationis,
1804 1604 1836 1629 et
1854 1598 1884 1628 in
1900 1597 1962 1628 hae
1975 1599 2090 1629 notitia
2106 1609 2194 1630 com-

1203 1641 1419 1681 prehenditur
1442 1641 1610 1671 distinctio
1636 1640 1742 1672 Patris
1767 1647 1799 1672 et
1822 1641 2030 1679 Mediatoris,
2062 1643 2116 1679 qui
2141 1648 2194 1673 est

1204 1682 1306 1715 Filius
1331 1683 1393 1714 Dei
1417 1684 1502 1723 λόγος
1525 1685 1566 1715 ad
1590 1683 1776 1716 Ecclesiam
1799 1685 1935 1723 missus,
1961 1687 2014 1727 qui
2035 1687 2194 1717 assumsit

1204 1728 1381 1758 humanam
1406 1735 1568 1763 naturam,
1592 1734 1625 1759 ut
1650 1729 1692 1758 sit
1711 1729 1927 1770 propitiator,
1952 1736 1983 1759 et
2009 1730 2193 1761 immediate

1203 1772 1246 1801 sit
1281 1769 1401 1801 efficax
1435 1772 1467 1802 in
1503 1770 1702 1802 collectione
1726 1771 1912 1811 Ecclesiae,
1940 1773 2029 1803 iuxta
2055 1773 2194 1804 dictum:

1203 1814 1276 1856 Ego
1300 1815 1401 1845 vitam
1425 1821 1593 1846 aeternam
1615 1816 1657 1845 do
1682 1816 1742 1846 eis.
1788 1815 1879 1854 110111,
1914 1815 1988 1858 Ego
2008 1826 2082 1847 sum
2105 1817 2194 1855 vitis,

1203 1868 1266 1889 vos
1289 1857 1456 1899 palmites.

1291 1944 1387 1976 Hanc
1421 1944 1648 1977 dulcissimam
1672 1947 1868 1977 sententiam
1894 1947 1934 1977 de
1954 1947 2103 1987 potentia
2127 1945 2193 1978 sal-

1204 1988 1347 2019 vationis
1371 1999 1473 2029 saepe
1497 1990 1762 2027 consideremus,
1797 1996 1831 2021 ut
1851 2000 1913 2021 nos
1938 1991 1970 2021 in
1990 1996 2080 2021 tanta
2106 1990 2193 2021 infir-

1202 2033 1315 2063 mitate
1340 2031 1569 2071 consolemur,
1594 2034 1741 2064 sciamus
1766 2032 1881 2064 Filium
1894 2033 1957 2065 Dei
1983 2040 2013 2065 et
2041 2035 2194 2075 propitia-

1203 2082 1310 2107 torem
1335 2087 1411 2108 esse
1436 2083 1466 2107 et
1491 2083 1662 2118 potentem
1686 2088 1774 2115 esse,
1799 2084 1830 2108 et
1850 2088 1911 2107 nos
1929 2084 2194 2109 sustentaturum

1203 2130 1293 2159 0550,
1317 2131 1506 2162 quanquam
1530 2119 1628 2151 valde
1651 2120 1771 2151 infirmi
1789 2131 1915 2159 sumus5
1941 2122 2032 2153 iuxta
2052 2122 2192 2152 dictum:

1203 2164 1313 2195 Virtus
1338 2174 1410 2195 mea
1432 2164 1465 2194 in
1489 2164 1679 2196 infirmitate
1703 2170 1759 2195 tua
1782 2165 1992 2206 perspicitur.

1410 2330 1562 2372 Aliud
1605 2332 1981 2387 Argumentum.

1287 2440 1408 2472 Ebrae.
1432 2440 1463 2472 3.
1510 2439 1730 2473 Considerate
1753 2441 1951 2483 Apostolum
1975 2448 2007 2474 et
2027 2453 2189 2476 summum

1199 2485 1415 2516 Sacerdotem
1450 2484 1538 2525 pacti
1572 2486 1679 2516 nostri
1703 2484 1872 2517 Christum
1897 2486 2023 2524 Iesum,
2059 2487 2114 2528 qui
2137 2493 2190 2519 est

1200 2527 1306 2560 fidelis
1330 2529 1371 2567 ei,
1396 2528 1451 2570 qui
1474 2527 1553 2559 fecit
1576 2538 1660 2560 eum.
1707 2528 1743 2560 In
1768 2528 1927 2561 hocloco
1951 2531 2089 2561 verbum
2109 2532 2190 2569 feeit

1200 2572 1414 2603 detorserunt
1435 2571 1551 2602 Ariani
1575 2572 1616 2603 ad
1640 2583 1735 2604 suam
1759 2583 1916 2612 eausam,
1949 2574 2189 2606 ratiocinantes

1197 2615 1289 2654 inde,
1313 2616 1401 2658 quod
1425 2615 1510 2655 λόγος
1533 2616 1574 2646 sit
1599 2621 1763 2655 creatura,
1797 2617 1830 2648 id
1854 2623 1918 2656 est,
1949 2628 1990 2648 ex
2013 2616 2115 2649 nihilo
2140 2616 2189 2649 fa-

1200 2664 1287 2692 ctus.
1336 2659 1404 2691 Sed
1423 2659 1622 2691 brevissima
1646 2666 1679 2691 et
1702 2659 1889 2692 firmissima
1919 2661 2098 2703 responsio
2120 2667 2187 2693 est:

1929 2722 1985 2748 ³3·
