2383 2990
139 135 205 170 685
707 132 791 164 Vlll.
816 132 1038 165 DEFENSIO
1063 131 1261 164 CONlUGll
1286 130 1606 164 sACERDOTUM.
2115 130 2178 163 2³86

140 238 204 272 est,
229 231 285 273 qui
310 232 434 263 docent
457 228 690 273 Evangelium,
725 229 780 272 qui
803 235 923 273 regunt
946 227 1133 268 Ecclesias,
1154 230 1160 306 ι
1186 235 1263 260 sunt
1297 234 1444 266 mentes,
1480 234 1512 258 et
1534 226 1599 258 Dei
1624 225 1787 259 beneficia
1810 234 1999 268 agnoscunt
2023 237 2064 259 ac
2083 237 2177 268 prae-

138 276 286 308 habeant
319 282 449 308 mentes
484 285 550 307 non
586 273 732 316 pollutas
762 274 980 312 scortatione,
1003 279 1036 304 et
1058 271 1133 304 aliis
1186 273 1311 311 dicant,
1344 269 1535 313 coniugalia
1570 268 1680 302 officia
1711 270 1793 301 fiunt
1823 271 1911 301 bona
1946 280 2068 312 opera,
2102 270 2177 303 Deo

139 320 338 357 sceleribus,
357 319 417 351 sed
440 325 543 362 agant
566 318 815 360 poenitentiam,
850 317 925 349 Deo
960 317 1132 356 obediant,
1186 323 1295 358 grata,
1329 323 1374 354 et,
1408 322 1444 346 ut
1468 313 1592 346 Paulus
1623 314 1740 356 inquit,
1774 313 1903 345 honore
1923 314 2036 357 digna.
2103 314 2178 345 Non

138 370 175 396 ut
206 363 457 406 locupletentur
492 363 588 394 donis
624 360 868 404 spiritualibuS,
897 361 1026 398 timore,
1052 360 1131 399 fide,
1185 360 1272 391 enirn
1295 358 1371 391 leve
1394 359 1609 400 praeconium
1634 363 1698 395 est,
1722 358 1811 400 quod
1830 357 1957 390 Paulus
1981 358 2072 389 iubet
2097 368 2177 389 con-

139 408 341 446 constantia,
375 413 408 438 et
442 407 588 438 caeteris
612 406 806 438 vti-tutibus:
841 404 1021 436 Mundities
1046 405 1132 435 enim
1185 403 1308 445 iugium
1331 402 1472 434 -bonore
1502 401 1608 440 affici,
1648 400 1718 434 vult
1753 404 1894 443 agnosci
1938 401 2180 433 ordinationem

139 450 309 495 significat
332 448 558 484 universalem
582 449 816 487 obedientiam,
841 459 917 480 cum
942 447 1132 489 Prophetae
1186 446 1261 485 Dei,
1296 446 1466 478 hominum
1500 446 1782 487 procreationem,
1813 446 2037 484 nutritionem,
2066 443 2180 477 defen·

138 495 322 538 loquuntur
355 496 398 526 de
431 503 525 532 vera,
559 504 624 526 non
650 493 691 524 de
719 490 932 523 ceremoniali
961 491 1131 523 munditia.
1156 485 1160 531 Ι
1186 491 1325 529 sionem,
1344 496 1377 522 et
1402 496 1535 521 caetera
1558 489 1733 528 beneficia,
1759 495 1790 520 et
1812 496 1951 531 propter
1969 489 2053 521 haec
2077 489 2180 521 amari

138 539 294 581 Denique
306 539 390 570 haec
404 538 478 580 ipsa
501 548 584 569 vox:
610 536 825 574 Mundamini,
849 536 904 577 qui
928 534 1024 566 sertis
1048 544 1133 566 vasa
1186 541 1218 565 et
1241 533 1370 566 laudari
1388 532 1453 565 hoc
1476 533 1564 564 vitae
1587 543 1707 576 genus,
1732 538 1765 564 et
1790 532 1898 565 Deum
1918 540 2069 565 autorem
2095 531 2183 565 eele-

138 582 286 621 Domini,
321 583 413 614 iubet
447 587 483 612 ut
517 581 718 613 sacerdotes
754 585 857 621 agant
882 579 1133 620 poenitentiam,
1187 578 1287 610 brari.

139 625 220 658 fiant
244 626 356 657 mundi
379 625 505 662 mariti,
539 635 603 656 nec
626 634 663 655 se
687 621 837 666 polluant.
856 623 1015 664 deinceps
1041 632 1134 653 scor-

139 669 276 708 tatione,
310 667 497 706 adulteriis,
531 674 564 699 et
597 667 673 699 aliis
696 667 844 710 flagitiis.
914 666 997 701 Quis
1022 672 1133 698 autem
1275 664 1328 696 Ac
1361 671 1397 695 ut
1431 664 1538 705 magis
1573 662 1710 705 intelligi
1745 664 1864 705 possit,
1890 665 2080 706 coniugium
2103 674 2181 695 esse

139 723 207 745 non
243 712 356 744 doleat
391 712 573 744 connivere
606 710 788 743 Pontifices
823 717 855 741 et
892 710 1065 752 Principes
1089 709 1132 741 ad
1158 723 1162 771 ἱ
1187 708 1276 751 piam
1301 714 1333 739 et
1352 707 1427 740 Deo
1446 706 1633 750 placentem
1657 708 1936 746 coniunctionem,
1962 708 2061 740 valde
2083 707 2183 749 prod-

140 767 247 798 vagas
269 755 425 788 libidines
448 755 675 793 sacerdotum,
699 755 825 786 interea
850 764 931 785 vero
956 753 1135 784 durissime
1189 759 1241 783 est
1266 750 1443 794 diligenter
1466 751 1674 783 considerari
1698 759 1730 782 et
1761 750 1848 784 hanc
1871 752 2051 783 rationem:
2085 751 2181 783 Deus

139 801 313 832 adversari
334 800 478 831 honesto
503 798 685 841 coniugio?
709 809 783 829 cum
808 798 850 828 sit
875 797 1022 829 societas
1046 797 1134 828 vitae
1189 794 1259 827 vult
1284 805 1402 827 sexum
1437 796 1533 826 sexui
1557 805 1659 826 curae
1678 805 1768 833 esse,
1804 802 1892 826 vetat
1917 805 2033 826 sexum
2058 806 2078 826 a
2102 805 2185 826 sexu

138 842 377 886 pulcherrima,
401 843 550 875 instituta
569 842 739 881 divinitus,
759 840 834 872 Deo
858 839 1011 883 placens,
1037 851 1134 871 orna·
1191 839 1319 880 despici
1342 850 1383 870 ac
1407 837 1546 882 negligi,
1568 839 1644 870 ideo
1664 839 1761 870 dicit:
1796 838 1972 870 Faciamus
2003 839 2031 870 ei
2056 839 2184 870 adiuto-

140 893 174 919 ta
196 888 390 931 ingentibus
412 884 581 919 miraculis
604 896 624 917 a
642 884 727 917 Deo.
1192 883 1276 914 rium
1300 881 1406 914 simile
1430 883 1505 923 ipsi.
1574 881 1633 913 Est
1656 883 1756 925 igitur
1779 883 1868 924 pium
1889 880 2046 920 officium,
2067 893 2185 914 curare

1191 925 1332 958 alteram
1367 926 1503 968 generis
1537 924 1673 958 humani
1696 932 1838 968 partem,
1859 932 1891 957 et
1910 925 1975 957 hoc
1999 927 2107 957 animo
2128 927 2184 957 du-

227 973 374 1006 Primum
409 973 496 1005 enim
531 973 721 1014 praesentia
750 971 812 1003 Dei
837 972 981 1004 maxime
1005 971 1138 1013 conspi-
1192 980 1271 1001 cere
1290 976 1323 1001 et
1345 980 1460 1001 amare
1483 970 1671 1012 coniugem.
1729 969 1877 1001 Naturae
1906 971 2100 1012 depravatio
2124 976 2187 1008 est,

140 1019 226 1050 citur
249 1018 281 1050 in
305 1017 536 1060 generatione,
559 1015 760 1048 formatior-e
784 1015 907 1055 foetus,
942 1016 975 1046 in
1005 1015 1136 1046 edendo
1163 1007 1167 1069 i
1192 1012 1364 1056 negligere
1387 1012 1529 1045 alterum
1552 1024 1682 1049 sexum,
1702 1013 1880 1055 despicere
1910 1024 1991 1046 vero
2015 1019 2047 1045 et
2071 1020 2184 1046 contu*

139 1067 247 1104 partu.
316 1061 410 1093 Haec
442 1060 526 1092 mira
561 1070 666 1102 opera
686 1058 790 1091 voluit
822 1059 916 1091 Deus
949 1059 1138 1090 testimonia
1192 1057 1290 1088 melia
1314 1056 1463 1095 afficere,
1487 1058 1645 1098 superbia
1670 1063 1721 1089 est
1746 1058 1882 1099 proprie
1901 1068 1921 1088 a
1938 1056 2087 1089 Diabolo
2102 1065 2186 1089 orta.

140 1115 231 1144 esse,
254 1114 342 1147 quae
364 1115 429 1136 nos
453 1114 528 1135 com
564 1102 767 1141 onerat-iant,
792 1109 827 1135 ut
852 1109 1050 1140 statuamus,
1074 1111 1137 1133 nos
1192 1102 1225 1133 ld
1261 1109 1370 1133 autem
1406 1102 1520 1133 vitium
1554 1101 1732 1133 admodum
1768 1100 1908 1144 vulgare
1931 1108 1999 1133 estz
2045 1101 2186 1137 Quidam

139 1159 207 1180 non
232 1158 315 1180 casu
339 1149 430 1186 oriri,
454 1148 515 1179 sed
575 1157 648 1179 eum
673 1153 823 1178 autorem
854 1152 887 1178 et
918 1152 1136 1178 conservato-
1193 1150 1310 1186 putant
1345 1155 1383 1176 se
1416 1145 1526 1187 magis
1553 1144 1726 1177 masculos
1746 1154 1834 1183 esse,
1859 1147 1887 1176 si
1907 1146 2053 1186 superbe
2076 1145 2187 1186 despi-

139 1202 209 1224 rem
232 1201 312 1224 esse
335 1192 470 1233 generis
494 1191 647 1229 humani,
682 1191 783 1232 idque
808 1189 1003 1222 beneficium
1032 1199 1137 1231 agno·
1193 1189 1281 1219 ciant
1316 1188 1493 1226 mulieres,
1529 1190 1558 1220 si
1592 1190 1753 1221 audacter
1788 1190 1941 1221 convicia
1969 1190 2081 1220 dicant
2112 1188 2188 1220 huie

139 1235 202 1274 sci,
226 1236 426 1278 praedicari,
449 1233 615 1266 celebrari
639 1233 710 1265 vult
733 1235 765 1265 in
790 1234 853 1265 hac
866 1234 1043 1271 societate,
1066 1240 1137 1264 tan·
1192 1234 1300 1271 sexui,
1324 1231 1436 1275 qualia
1460 1239 1574 1264 extant
1598 1231 1704 1264 multa
1723 1233 1756 1264 in
1777 1233 1950 1274 poematis.
1985 1232 2028 1264 Et
2051 1231 2188 1276 collegit

140 1289 239 1322 quam
264 1279 296 1310 in
322 1279 438 1311 choro.
485 1278 562 1310 ldeo
587 1279 673 1309 enim
696 1277 849 1309 homines
873 1278 916 1309 ad
940 1278 1137 1308 societatem
1191 1286 1349 1318 magnum
1383 1287 1542 1308 acervum
1576 1276 1801 1319 Hieronymus
1827 1285 1946 1308 contra
1973 1277 2188 1309 lorinianum.

140 1322 266 1354 conditi
289 1329 380 1361 sunt,
405 1328 438 1354 ut
457 1321 512 1354 alii
537 1321 622 1353 alios
647 1322 688 1353 de
712 1321 787 1353 Deo
812 1327 844 1352 et
868 1322 939 1353 eius
964 1319 1138 1352 voluntate
1192 1319 1249 1351 Sic
1273 1319 1421 1351 lortasse
1444 1327 1669 1352 consueverat
1692 1321 1724 1352 in
1750 1319 2052 1352 declamationibus
2082 1319 2185 1352 multa

141 1365 297 1397 doceant.
365 1366 438 1397 Nec
472 1366 582 1397 minus
612 1364 702 1396 lucet
725 1366 796 1401 eius
823 1366 955 1396 bonitas
981 1365 1011 1395 in
1037 1364 1138 1396 nutri·
1192 1364 1265 1395 sine
1300 1362 1433 1396 delectu
1464 1374 1667 1407 congerere:
1708 1364 1775 1396 Sed
1811 1363 2002 1396 Christiano
2036 1363 2188 1397 Doctore

141 1409 245 1447 tione,
267 1409 339 1441 Lac
362 1410 468 1451 gignit
492 1410 523 1440 in
548 1410 707 1440 maternis
731 1409 904 1447 uberibus,
933 1409 974 1440 ad
994 1406 1137 1440 alendos
1191 1407 1276 1438 haec
1301 1408 1408 1439 oratio
1444 1418 1656 1450 nequaquam
1689 1409 1922 1439 conveniebat.
1992 1408 2088 1451 Opus
2123 1407 2188 1440 Dei

139 1452 297 1492 infantes,
317 1454 516 1496 coniugibus
534 1451 716 1484 foecundat
738 1462 855 1495 agros,
876 1459 908 1483 et
930 1452 1013 1484 miro
1037 1452 1137 1483 niodo
1191 1450 1321 1483 bonore
1344 1451 1480 1494 dignum
1506 1458 1570 1490 est,
1593 1462 1696 1483 sexus
1720 1463 1814 1484 suam
1838 1450 1972 1484 laudem
1996 1452 2109 1492 habet,
2134 1453 2189 1495 qui

140 1507 248 1540 genus
268 1495 448 1528 humanum
473 1495 543 1528 alit.
589 1496 691 1527 Addit
710 1503 741 1528 et
768 1497 897 1537 piorum
928 1494 1137 1538 Angelorum
1191 1495 1323 1526 etiamsi
1353 1506 1450 1527 suam
1484 1494 1585 1527 habet
1619 1495 1860 1535 infirmitatem,
1894 1502 2032 1538 propter
2055 1496 2189 1539 generis

140 1540 321 1578 excubias,
354 1546 391 1572 ut
415 1539 598 1571 defendant
627 1546 785 1581 parentes
817 1547 850 1571 et
872 1538 997 1571 liberos
1023 1539 1136 1570 contii·
1190 1537 1324 1570 humani
1355 1537 1500 1581 lapsum,
1530 1545 1640 1571 tamen
1664 1550 1731 1572 non
1755 1540 1863 1572 minor
1885 1539 2099 1573 imbecsslitas
2123 1542 2191 1573 ani-

140 1589 272 1615 ctantes
306 1583 410 1615 variis
444 1583 622 1615 aerumnis.
693 1584 776 1615 Sunt
811 1589 843 1615 et
878 1583 970 1624 pueri
996 1583 1137 1614 maxima
1191 1583 1234 1614 mi
1257 1589 1290 1614 et
1315 1583 1446 1614 consilii
1471 1590 1523 1615 est
1546 1584 1579 1615 in
1602 1584 1703 1623 viris,
1737 1584 1770 1615 in
1793 1583 1846 1615 his
1865 1584 2009 1627 negotiis
2034 1595 2121 1627 quae
2144 1587 2191 1618 vi-

139 1637 223 1670 pars
261 1625 450 1665 Ecclesiae,
484 1626 573 1658 sicut
596 1626 700 1669 inquit
726 1626 898 1659 Christus:
933 1625 1062 1658 Talium
1086 1632 1139 1657 est
1192 1627 1240 1657 ris
1263 1625 1358 1658 Deus
1381 1627 1533 1659 iniunxit.

138 1680 281 1714 regnum
300 1668 484 1703 coelorum.

1156 308 1159 316 ι

1281 1713 1464 1756 Aliquanto
1474 1712 1590 1755 plures
1599 1720 1676 1746 sunt
1685 1715 1795 1747 bonae
1801 1714 2082 1755 matresfamiliaS,
2092 1726 2190 1759 quarn

229 1756 362 1792 Quanta
390 1755 466 1788 laus
491 1763 543 1788 est
566 1757 724 1799 coniugii,
758 1756 847 1799 quod
871 1756 998 1789 Paulus
1021 1757 1139 1798 inquit,
1193 1757 1271 1788 boni
1284 1756 1555 1798 patresfamilias,
1567 1764 1601 1790 et
1613 1756 1736 1790 multae
1750 1758 2060 1792 meliuseducantet
2072 1766 2191 1802 regunt

140 1800 320 1842 Imaginem
351 1810 430 1832 esse
461 1801 598 1839 amoris,
635 1812 701 1843 quo
722 1799 879 1832 Christus
903 1799 1137 1842 complectitur
1193 1801 1887 1845 pa1·vospueros,qua1nviriRespublicas.
1907 1802 2190 1846 laminreiigione

139 1843 359 1877 Ecclesiam?
425 1843 468 1875 Ut
492 1854 640 1885 sponsus
664 1843 765 1875 habet
794 1854 893 1875 veras
918 1844 1083 1883 flammas,
1107 1850 1140 1876 et
1193 1851 1353 1887 quantum
1367 1845 1471 1877 decus
1484 1852 1536 1877 est
1556 1845 1742 1885 mulierum,
1761 1853 1883 1889 quanta
1898 1846 1974 1879 fidei
1989 1849 2190 1887 constantia,

140 1888 236 1919 ardet
259 1898 341 1920 vero
365 1897 481 1919 amore
511 1898 672 1929 sponsae,
696 1887 840 1919 laetatur
863 1888 935 1920 eius
960 1895 1138 1920 consuetu-
1192 1894 1317 1930 quanta
1336 1889 1531 1932 magnitudo
1555 1890 1655 1921 animi
1678 1890 1711 1922 in
1736 1891 1900 1922 adeundis
1925 1897 1957 1923 et
1980 1890 2189 1933 perferendis

141 1931 229 1969 dine,
253 1930 443 1972 complexu,
467 1930 710 1970 incolumitate,
735 1931 862 1964 nullum
888 1931 1052 1963 detrectat
1082 1941 1138 1973 pe·
1192 1931 1376 1974 suppliciiS,
1396 1940 1431 1964 ut
1444 1933 1604 1965 historiae
1617 1933 1802 1977 Martyrum
1817 1941 1993 1967 testantur.
2028 1935 2099 1967 llae
2119 1934 2190 1968 lau-

140 1973 296 2014 riculum,
321 1981 356 2006 ut
381 1984 454 2006 eam
479 1974 638 2007 deffendat
661 1982 692 2007 et
716 1982 920 2018 propugnet:
954 1976 1010 2007 Sic
1034 1974 1137 2008 Filius
1192 1976 1254 2007 des
1268 1976 1466 2018 cogitandae
1479 1983 1557 2009 sunt
1569 1978 1632 2020 piis
1646 1985 1678 2010 et
1691 1977 1844 2010 honestis
1862 1979 2018 2022 ingeniis,
2042 1985 2074 2011 et
2087 1990 2190 2021 oppo-

140 2017 206 2050 Dei
241 2028 322 2050 vere
355 2019 451 2050 ardet
487 2029 601 2050 amore
632 2017 807 2051 Ecclesiae
831 2029 926 2056 suae,
951 2018 1139 2052 delectatur
1191 2021 1324 2051 nendae
1344 2020 1544 2052 scurrilibus
1568 2028 1600 2053 et
1624 2022 1732 2064 impiis
1752 2023 1914 2054 conviciis
1939 2021 2037 2055 huius
2071 2033 2188 2062 sexuS‚

141 2063 214 2094 eius
249 2060 383 2100 officiis,
418 2072 561 2105 eamque
596 2063 744 2095 vicissim
779 2061 1031 2104 complectitur,
1067 2062 1138 2095 vult
1193 2070 1225 2095 et
1249 2062 1528 2097 assuefaciendus
1553 2067 1696 2104 animus,
1720 2072 1756 2098 ut
1780 2077 1900 2098 sexum
1920 2074 2116 2106 veneretur,
2149 2078 2191 2099 ac

142 2115 215 2137 eam
238 2104 440 2137 incolumem
466 2116 557 2144 esse,
578 2114 673 2138 ornat
698 2106 915 2149 amplissimis
931 2107 1138 2146 muneribus,
1192 2107 1277 2139 sciat
1312 2106 1460 2140 furorem
1496 2119 1575 2140 esse
1609 2120 1629 2141 a
1665 2108 1809 2142 Diabolo
1844 2117 1964 2149 ortum,
1999 2112 2190 2153 superbiam

140 2155 281 2181 mortem
305 2159 366 2191 pro
389 2160 429 2180 ea
449 2150 586 2191 oppetit.
632 2150 767 2182 Fuisset
788 2151 872 2182 baec
897 2150 1005 2192 σιοργὴ
1029 2151 1061 2182 in
1081 2161 1139 2182 na·
1192 2151 1434 2193 despicientem
1457 2150 1597 2185 alteram
1621 2153 1757 2196 generis
1781 2153 1916 2186 humani
1939 2161 2079 2197 partem.

140 2199 215 2225 tura
249 2193 382 2235 integra
415 2194 600 2233 ardentior,
634 2194 694 2225 scd
718 2195 844 2236 purior,
868 2201 899 2226 et
925 2194 1032 2226 Deum
1056 2195 1139 2226 intu-

141 2246 216 2275 enS,
238 2237 471 2279 praedicasset
495 2236 600 2278 ipsius
625 2238 802 2269 beneticia:
838 2238 935 2270 Nunc
955 2248 1021 2269 non
1045 2249 1139 2280 pror-

141 2290 201 2312 sus
234 2281 383 2312 extincta
415 2286 477 2319 est,
513 2286 546 2312 et
580 2281 623 2322 pii
658 2291 778 2323 regere
813 2292 884 2313 eam
914 2281 980 2313 fide
1004 2282 1138 2314 debent.

142 2323 237 2360 Quos
260 2324 393 2367 quidem
418 2324 601 2356 domestica
627 2325 836 2357 consuetudo
856 2336 897 2357 ac
910 2326 1061 2357 suavitas
1081 2327 1139 2357 ad-

140 2377 281 2399 monere
315 2368 413 2400 debet
449 2368 491 2399 de
514 2379 630 2400 amore
652 2367 725 2400 Filii
750 2368 812 2400 Dei
837 2380 919 2412 erga
938 2368 1138 2409 Ecclesiam,

142 2417 175 2442 et
197 2411 378 2443 incendere
400 2412 549 2444 vicissim
573 2418 608 2444 ut
631 2413 738 2454 ipsum
758 2423 919 2450 amemus,
943 2414 1039 2455 eique
1064 2424 1140 2455 gra·
1163 2374 1169 2465 Ι

141 2454 207 2486 tias
232 2465 385 2497 agamuS,
405 2456 495 2497 quod
519 2454 668 2488 abolevit
690 2463 877 2498 peccatum,
898 2457 989 2499 quod
1002 2463 1139 2499 propter

141 2498 250 2539 ipsum
274 2499 359 2530 haec
381 2499 456 2540 ipsa
479 2500 653 2542 generatio
677 2500 714 2531 fit
737 2501 893 2532 mundum
919 2511 1017 2542 opus.
1048 2500 1138 2537 Quo-

142 2542 205 2574 ties
226 2542 401 2585 coniugem
425 2543 513 2584 piam
537 2543 613 2585 pius
636 2544 775 2575 maritus
788 2542 1034 2586 ccmpleetitur,
1057 2555 1138 2587 quo·
1162 2470 1169 2610 Ι
1192 2544 1308 2577 scelus
1332 2546 1580 2578 atrocissimum
1598 2548 1764 2588 punirent.
1828 2547 1921 2579 Haec
1943 2549 2132 2580 immanitas
2156 2555 2188 2580 et

142 2586 206 2618 ties
229 2586 377 2618 intuetur
406 2585 545 2625 liberos,
577 2594 746 2628 parentes,
779 2588 894 2620 veniat
928 2589 966 2620 in*
994 2595 1139 2620 mentem
1192 2590 1333 2621 saevitia
1356 2589 1493 2631 proptia
1517 2596 1570 2622 est
1591 2591 1687 2634 regni
1711 2590 1923 2631 Antichristi,
1946 2592 2036 2635 quod
2061 2592 2188 2625 Romae

141 2630 268 2662 amoris
292 2629 420 2662 Christi
443 2641 528 2674 erga
550 2629 748 2663 Ecclesiam.
816 2631 900 2664 Cum
929 2632 980 2664 sie
999 2631 1140 2664 affectae
1191 2639 1313 2673 ortum,
1349 2639 1526 2677 grassatur
1547 2634 1582 2666 in
1605 2635 1760 2667 omnibus
1784 2637 1980 2678 regionibus
2003 2635 2187 2669 Christiani

1281 2238 1393 2274 Quare
1400 2240 1581 2271 execrandi
1590 2247 1667 2272 sunt
1673 2240 1892 2283 Hypoeritae,
1900 2241 2096 2281 Pontifices,
2109 2241 2185 2274 Car-

1193 2281 1336 2320 dinales,
1359 2282 1532 2325 Episcopi,
1550 2283 1722 2323 Monachi,
1736 2285 1791 2327 qui
1809 2296 1884 2317 cum
1904 2287 1975 2317 suis
1996 2286 2189 2317 libidinibus

1192 2324 1345 2367 polluant
1368 2333 1471 2358 totam
1494 2337 1605 2359 rerum
1620 2335 1785 2367 naturam,
1809 2339 1917 2372 genus
1930 2330 2019 2361 vitae
2031 2330 2189 2362 divinitus

1191 2369 1390 2409 institutum,
1425 2371 1665 2414 indignissimis
1702 2371 1913 2404 contumeliis
1943 2380 2096 2412 onerant,
2131 2373 2189 2405 im—

1192 2415 1337 2455 probant
1372 2414 1502 2453 edictis,
1535 2413 1681 2457 legibus,
1716 2421 1874 2458 tanquam
1903 2422 2025 2449 tetrum
2056 2415 2188 2449 facinus

1191 2455 1345 2490 afficiunt
1379 2457 1513 2500 capitali
1548 2458 1715 2501 supplicio
1755 2458 1909 2492 homines
1950 2460 2114 2492 honestos
2147 2471 2188 2493 ac

1191 2501 1286 2543 pios,
1319 2508 1456 2543 propter
1482 2502 1659 2535 honestum
1690 2504 1898 2546 coniugium,
1931 2505 2070 2546 perinde
2094 2515 2136 2537 ae
2159 2506 2188 2537 si
