2383 2990
178 138 245 171 563
815 130 925 163 PHlL.
949 130 1055 161 MEL.
1080 130 1269 162 SCRIPTA
1292 127 1575 161 DOGMATICA.
2146 128 2212 159 564

179 242 328 270 mamus,
361 230 472 262 Deum
495 239 650 262 veracem
674 237 762 265 esse,
787 233 821 258 et
843 227 961 269 punire
985 226 1169 264 mendacia,
1311 224 1476 261 Quartus,
1507 224 1660 254 confiteri
1694 233 1780 255 voce
1808 229 1841 254 et
1863 220 1937 254 aliis
1959 223 2065 264 signis
2088 222 2120 253 in
2144 228 2213 254 tota

181 283 212 308 et
231 276 386 317 petimus,
409 274 553 305 utnobis
576 272 619 303 sit
641 271 747 309 testis,
777 281 843 302 nos
867 280 947 301 vere
970 280 1010 301 ea
1033 269 1168 308 sentire,
1223 268 1302 306 vita,
1327 268 1417 299 iuxta
1441 267 1580 298 dictum:
1604 266 1732 298 Luceat
1754 265 1813 298 lim
1834 272 1951 297 vestra
1975 276 2085 297 coram
2109 265 2213 297 homi-

180 330 265 362 quae
290 319 429 349 dicimus
437 340 446 355 ,
481 322 512 347 et
536 317 580 347 ita
604 315 645 346 sit
669 314 784 352 testis,
807 320 843 345 ut
866 314 979 355 puniat
1002 311 1170 351 fallentes,
1222 313 1338 349 nibus,
1360 317 1397 341 ut
1420 309 1609 352 glorificent
1619 316 1748 351 patrem
1771 315 1920 341 vestrum
1945 308 2136 341 coelestem.
2158 308 2213 340 De

181 363 271 406 quod
295 368 326 393 et
349 360 429 392 facit
452 359 546 390 Deus
575 359 666 389 iuxta
688 363 822 399 pactum
845 358 878 388 in
900 355 965 388 hoc
989 363 1169 398 praecepto
1222 355 1275 386 his
1300 361 1442 396 quatuor
1465 354 1583 384 usibus
1607 352 1810 394 colligantur
1836 361 2016 394 praecepta
2043 351 2212 383 affirmati-

180 406 360 438 sancitum:
402 403 478 434 Non
502 402 637 434 habebit
660 400 755 432 Deus
779 401 969 438 insontem,
1004 400 1061 441 qui
1082 409 1170 430 vane
1223 409 1282 436 ra,
1318 398 1446 437 passim
1481 397 1513 427 in
1537 395 1746 437 Propheticis
1781 402 1813 427 et
1836 395 2042 436 Apostolicis
2077 396 2213 436 scriptis

179 452 318 490 usurpat
341 456 462 478 nomen
488 447 569 477 eius.
604 447 649 476 lta
671 445 754 476 duas
778 454 833 475 res
857 453 997 485 magnas
1021 442 1101 473 facit
1122 443 1170 473 iu·
1224 441 1359 473 tradita:
1394 447 1429 471 ut
1450 441 1489 471 de
1516 440 1749 471 invocatione:
1769 448 1772 449 ⁷
1795 438 1936 480 Oportet
1961 449 2092 480 semper
2116 449 2214 470 orare

179 503 272 530 rans,
295 491 406 523 tribuit
430 489 505 521 Deo
529 488 689 520 honorem
713 487 874 525 veritatis,
898 493 929 518 et
953 485 1062 518 Deum
1086 491 1171 524 orat,
1223 491 1255 516 et
1278 494 1345 515 non
1364 483 1572 525 languefieri.
1618 483 1661 514 Et
1687 483 1840 525 Syracid.
1865 482 1896 512 7,
1926 481 1967 521 μῆ
1992 481 2214 523 ὄλιγοψυχῇσῃς

180 542 215 568 ut
237 536 279 566 sit
302 534 397 565 testis
419 533 569 565 veritatis
582 533 721 573 puniens
734 529 907 562 fallentem
919 530 1009 562 iuxta
1023 536 1169 571 pactum,
1223 531 1252 559 ἐν
1275 529 1427 569 προσευχῇ
1450 539 1514 561 σου,
1539 526 1566 557 Ε
1589 526 1727 568 regione
1746 524 2004 558 'considerentur
2017 524 2213 563 antitheses,

181 585 213 610 et
247 577 462 609 benefaciens
493 587 561 607 non
594 574 734 606 fallenti.
780 575 846 606 Ac·
860 579 973 605 servat
995 573 1092 605 Deus
1114 583 1171 613 pa·
1224 572 1300 613 quia
1334 571 1474 601 mundus
1509 568 1628 610 plenus
1664 575 1715 600 est
1748 570 1913 600 abus-uum
1935 569 2077 600 nominis
2102 569 2214 599 divini.

181 628 280 660 ctum,
305 619 510 652 horribiliter
532 619 625 661 punit
637 617 806 657 fallentes,
830 616 997 649 benefacit
1018 627 1087 648 non
1110 614 1171 647 fal-
1223 612 1438 645 Manifestum
1467 619 1518 644 est
1543 614 1628 644 enim
1651 610 1774 644 multos
1798 622 1876 644 esse
1899 621 2071 642 sermones
2094 610 2214 652 Epicu-

179 665 339 703 lentibus,
363 670 426 696 etc.
1223 668 1303 688 reos
1328 664 1359 688 et
1381 656 1619 698 blasphemos,
1655 655 1915 697 innumerabiles
1950 653 2056 685 falsas
2080 654 2215 685 invoca-

1227 701 1334 731 tiones
1359 706 1390 731 et
1413 698 1518 730 falsas
1543 700 1727 731 doctrinas.
1751 699 1882 730 Nomen
1894 697 1971 736 Dei,
1993 699 2071 729 item
2094 707 2216 728 nomen

1223 742 1417 781 Ecclesiae,
1441 744 1519 774 item
1542 754 1663 774 nomen
1686 741 1852 774 libertatis
1878 740 2089 773 Christianae
2113 751 2216 782 quan-

1197 810 1202 875 3

268 751 330 782 Est
377 757 486 782 autem
529 747 765 781 universaliter
798 747 944 778 tenenda
977 744 1096 788 regula
1131 745 1172 775 (10

1226 787 1268 818 tis
1293 785 1479 817 sceleribus
1498 792 1745 828 praetexuntur.

182 795 336 827 omnibus
359 794 556 831 virtutibus,
589 792 684 823 Deus
711 790 781 823 vult
807 796 904 821 notas
930 786 1007 820 esse
1020 790 1172 826 virtutes,

181 839 367 875 veritatem,
387 837 573 868 castitatem
597 842 628 867 et
643 834 739 873 alias,
763 840 797 866 ut
822 835 942 865 doceat
966 842 1040 870 1105,
1065 830 1173 873 qualis

182 883 224 913 sit
248 883 331 923 ipse,
356 887 386 912 et
412 881 639 911 discernamus
660 889 733 910 eum
759 889 777 908 a
801 876 897 908 malis
922 876 1063 912 naturis,
1096 875 1173 916 quia
1315 873 1470 914 Pugnant
1495 883 1570 904 cum
1593 873 1743 904 secundo
1772 877 1955 913 praecepto
1979 867 2217 902 universaliter

182 925 253 957 vult
277 934 339 955 nos
363 934 477 955 verum
490 923 598 954 Deum
622 931 822 964 agnoscere,
848 919 971 960 alloqui
995 927 1027 949 et
1049 918 1174 949 discer-
1228 917 1337 948 omnia
1361 915 1540 954 scandala,
1577 917 1653 958 quia
1676 921 1814 957 propter
1837 914 1925 946 mala
1949 912 2102 955 exempla
2123 912 2217 944 multi

183 979 265 1000 nere
288 979 308 999 a
337 966 434 998 malis
458 967 584 998 naturis
610 972 641 997 et
665 975 684 996 a
709 963 947 995 commenticiis
971 961 1172 992 numinibus.
1228 959 1416 991 alienantur
1435 971 1453 990 a
1479 960 1648 997 doctrina,
1682 965 1715 990 et
1732 958 1826 990 multi
1849 958 2034 990 imitatores
2057 956 2140 988 fiunt
2162 957 2217 987 de-

1228 1004 1373 1035 teriores
1399 1009 1431 1033 et
1455 1003 1622 1044 Epicurei.

183 1079 296 1104 mente
320 1071 534 1112 cogitandum
559 1074 628 1107 est,
664 1078 727 1099 nos
751 1067 840 1098 hunc
862 1077 977 1097 verum
996 1065 1105 1095 Deum
1128 1063 1175 1095 al-

183 1115 294 1157 loqui,
330 1115 384 1156 qui
410 1124 447 1145 se
469 1111 629 1154 patefecit
651 1112 684 1142 in
708 1111 802 1153 Lege
826 1116 858 1141 et
881 1108 1175 1150 promissionibus,

184 1161 239 1201 qui
277 1165 309 1189 et
342 1157 397 1188 ille
420 1158 492 1198 ipse
516 1162 584 1194 est,
619 1156 675 1197 qui
697 1156 785 1186 misit
809 1152 926 1185 Filium
949 1152 1173 1183 mediatorem.

183 1203 275 1234 Haec
298 1202 445 1244 quotidie
468 1201 500 1231 in
523 1199 738 1231 invocatione
763 1197 943 1239 cogitanda
967 1201 1054 1227 sunt.

1316 1089 1463 1120 Pertinet
1497 1089 1539 1119 ad
1574 1088 1759 1119 secundum
1792 1093 2006 1128 praeceptum
2041 1092 2072 1117 et
2099 1084 2219 1128 regula

1230 1134 1270 1164 de
1294 1132 1400 1171 fama,
1424 1132 1576 1174 Syracid.
1600 1132 1653 1163 41.
1699 1130 1826 1162 Curato
1848 1140 1987 1168 nomen,
2023 1130 2099 1171 quia
2122 1128 2218 1160 Deus

1229 1175 1298 1208 vult
1333 1174 1471 1217 intelligi
1507 1176 1684 1206 discrimen
1719 1175 1877 1205 virtutum
1911 1179 1942 1205 et
1976 1174 2152 1210 vitiorum,
2187 1178 2219 1203 et

1230 1225 1408 1262 propterea
1434 1219 1613 1260 approbari
1634 1226 1738 1256 recta,
1762 1224 1794 1248 et
1806 1216 1986 1258 vituperari
1999 1217 2117 1257 tur-pia.
2151 1215 2220 1246 Ve-

1230 1270 1275 1295 tat
1308 1264 1405 1294 etiam
1428 1262 1521 1293 Deus
1545 1262 1686 1303 proponi
1716 1259 1804 1292 mala
1828 1260 1979 1301 exempla
2002 1266 2139 1302 propter
2161 1268 2218 1300 pe-

1230 1306 1334 1338 ricula
1348 1305 1561 1344 imitationis,
1587 1306 1627 1336 dc
1657 1316 1723 1346 qua
1747 1305 1867 1336 dicitur
1901 1304 1988 1345 apud
2013 1301 2217 1334 iuvenalem:

1231 1350 1395 1386 Quoniam
1441 1348 1569 1380 dociles
1615 1348 1782 1379 imitandis
1827 1348 1979 1388 turpibus
2028 1352 2061 1377 et
2105 1346 2219 1387 pravis

1231 1404 1346 1425 omnes
1371 1403 1497 1431 sumus,
1521 1391 1561 1423 Et
1583 1398 1664 1423 nota
1687 1393 1728 1423 sit
1747 1401 1813 1422 vox
1835 1389 2093 1421 AUGUS'HNI:
2123 1389 2221 1420 Bona

1232 1437 1439 1469 conscicntia
1463 1435 1539 1466 mihi
1560 1446 1646 1476 opus
1671 1440 1723 1466 est
1746 1440 1883 1476 propter
1897 1432 2026 1471 Deum,
2062 1433 2150 1464 bona
2172 1430 2219 1463 fa-

1230 1492 1283 1512 ma
1306 1486 1442 1522 propter
1465 1479 1659 1520 proximum.

227 1271 408 1303 Sciendum
419 1276 450 1301 et
460 1269 527 1301 1100
537 1274 599 1307 est,
611 1266 845 1300 universaliter
853 1272 884 1297 et
893 1266 1034 1297 caeteris
1042 1273 1177 1305 praece-

182 1315 249 1358 ptis
264 1314 388 1346 includi
400 1315 540 1355 primum
552 1317 780 1354 praeceptum.
793 1310 868 1352 quia
883 1309 1069 1340 obedientia
1083 1318 1177 1349 prae-

184 1365 292 1390 statur
304 1357 349 1389 illi
372 1368 453 1389 vero
472 1356 559 1396 Deo,
584 1362 614 1387 et
637 1354 780 1386 adhunc
803 1353 900 1385 tinem
915 1351 1089 1383 referenda
1114 1357 1177 1388 est,

183 1409 219 1434 ut
242 1402 316 1433 Deo
341 1400 395 1432 hic
417 1400 545 1438 honos,
575 1410 673 1441 quem
696 1399 768 1439 ipse
792 1408 854 1428 nos·
879 1397 993 1435 docet,
1027 1401 1177 1437 praeste-

184 1452 249 1478 tur.
297 1445 396 1480 Quod
421 1449 529 1475 autem
550 1449 580 1473 01
600 1452 700 1483 supra
721 1442 761 1472 de
784 1441 888 1482 primo
913 1445 1095 1481 praecepto
1108 1448 1177 1468 mo·

184 1490 326 1526 1111101115,
361 1489 405 1519 ita
438 1486 588 1518 inchoari
622 1492 653 1516 et
677 1484 813 1526 placere
837 1483 1069 1519 obedientiam,
1102 1492 1177 1513 cum

185 1534 279 1574 prius
304 1531 370 1562 fide
394 1531 555 1572 accipitur
577 1529 731 1559 remissio
755 1533 984 1570 peccatorum,
1006 1532 1038 1557 et
1062 1524 1177 1556 iustifi-

186 1576 286 1614 catio,
311 1575 344 1606 id
364 1580 426 1612 est,
450 1571 678 1604 reconciliatio
703 1578 733 1602 et
759 1571 947 1611 acceptatio
971 1575 1109 1610 propter
1125 1567 1176 1598 Fi-

185 1619 267 1652 lium
302 1618 419 1660 gratis.
464 1613 553 1648 Idem
585 1617 625 1647 (10
650 1613 793 1658 singulis
815 1614 1003 1655 praeceptis
1029 1612 1177 1653 cogitan-

1199 959 1202 979 1

270 1028 346 1060 Non
381 1028 466 1058 enim
501 1026 648 1057 brachiis
682 1023 791 1056 Deum
832 1021 1079 1064 amplectimur,
1113 988 1205 1309 smil

188 1657 355 1700 (10111051,
380 1662 472 1692 iuxta
495 1659 596 1691 illud:
623 1658 776 1690 Christus
801 1664 851 1689 est
876 1657 951 1688 finis
974 1655 1088 1698 Legis.
1201 1579 1205 1665 Ι

1449 1642 1510 1674 DE
1533 1641 1694 1674 TERTIO
1718 1639 1997 1672 PRAECEPTO.

278 1749 456 1780 Secundus
480 1757 565 1778 usus
588 1746 730 1777 nominis
755 1744 874 1782 divini,
910 1753 1007 1785 quem
1030 1739 1178 1783 postulat

188 1792 295 1830 Deus,
320 1798 370 1822 051
396 1790 579 1834 gratiarum
597 1789 696 1820 actio.
742 1788 805 1819 Hic
829 1789 967 1826 sciatur,
1002 1786 1079 1828 quid
1103 1795 1179 1826 pro·
1320 1782 1365 1813 Ut
1398 1783 1431 1813 in
1465 1783 1572 1824 primo
1606 1782 1725 1812 dicitur
1760 1781 1801 1811 de
1834 1779 1955 1811 mentis
1986 1783 2018 1809 et
2043 1775 2221 1809 voluntatis

188 1836 261 1878 prie
290 1835 331 1866 sit
351 1835 538 1877 gratitudO,
575 1833 616 1865 (10
640 1843 706 1875 qua
728 1832 885 1864 usitatam
908 1829 995 1861 hanc
1019 1829 1179 1860 definitio-
1234 1826 1466 1858 contomnitate
1501 1836 1576 1857 cum
1604 1824 1700 1863 Deo,
1733 1824 1767 1854 in
1797 1823 1946 1854 secundo
1982 1821 2022 1852 de
2057 1820 2221 1852 sermonis

190 1883 267 1912 nem
290 1879 462 1910 tradimus.
1235 1869 1482 1902 conformitate:
1507 1868 1554 1899 Ita
1577 1879 1666 1900 nunc
1685 1868 1718 1899 in
1742 1867 1851 1905 tertio,
1876 1876 1951 1897 cum
1974 1863 2131 1896 Ecclesia
2153 1861 2224 1894 001-

1233 1913 1356 1956 ligatur
1385 1923 1470 1944 voce
1501 1912 1689 1949 doctrinae,
1721 1911 1923 1951 praecipitur
1947 1907 2159 1950 singulariter
2181 1907 2223 1945 de

279 1963 543 1996 GRATITUDO
570 1969 621 1994 est
644 1964 750 2004 virtus
775 1961 961 2001 composita
985 1970 1027 1991 ex
1051 1958 1181 1990 duabus
1236 1957 1494 1989 conservatione
1512 1955 1685 1987 ministerii
1704 1954 1844 1985 docendi
1856 1951 2057 1989 Ecclesiam,
2070 1951 2112 1981 ad
2125 1960 2223 1992 quam

191 2009 381 2041 virtutibus.
426 2008 578 2039 Veritate
601 2012 634 2038 et
656 2006 794 2038 Iustitia.
834 2004 971 2036 Veritas
994 2002 1182 2044 profitetur,
1205 1998 1210 2052 Ι
1235 2011 1319 2042 opus
1345 2006 1393 2031 051
1419 1999 1684 2042 congregatione
1713 2003 1745 2028 et
1769 1997 1891 2038 signiS‚
1920 2005 2006 2037 quae
2029 1998 2107 2025 sunt
2128 1993 2224 2024 nervi

192 2053 280 2084 unde
293 2053 357 2083 sint
371 2057 510 2092 accepta
532 2049 707 2088 beneficia,
732 2055 762 2080 et
781 2048 908 2080 Iustitia
930 2046 1076 2078 1101551111
1102 2043 1183 2076 obli·
1207 2063 1209 2078 ;
1236 2043 1519 2086 congregationi&

194 2102 252 2138 gat
287 2096 329 2126 ad
363 2101 476 2126 mutua
512 2094 684 2125 beneficia.
752 2091 806 2123 De
831 2091 982 2122 Veritate
1007 2089 1126 2120 dicitur
1149 2083 1209 2121 in}

192 2138 351 2172 Psalmo:
397 2137 554 2170 Sacrifica
578 2137 653 2169 Deo
688 2135 889 2167 sacrificium
912 2133 1034 2165 laudis.
1091 2132 1182 2169 110111,
1207 2124 1209 2160 i
1322 2129 1394 2161 Etsi
1418 2134 1528 2160 autem
1558 2128 1592 2158 in
1615 2126 1728 2158 Moise
1750 2126 1856 2157 verba
1879 2124 2072 2155 nominatim
2094 2123 2223 2164 praeci-

193 2185 316 2216 Invoca
339 2192 391 2213 me
414 2182 447 2212 in
472 2182 524 2212 die
546 2179 781 2218 tribulationis,
806 2184 837 2210 et
856 2175 991 2219 eripia‘m
1006 2173 1047 2208 *te
1067 2181 1099 2207 et
1112 2174 1183 2217 glo·
1208 2166 1210 2201 ἶ
1233 2174 1327 2215 piunt
1351 2174 1392 2204 de
1415 2172 1556 2214 septimo
1580 2171 1650 2209 die,
1682 2176 1793 2201 tamen
1816 2169 1961 2200 sciamus
1985 2173 2076 2198 certo
2100 2165 2224 2197 Mosai-

194 2226 341 2259 rifieabis
366 2236 428 2256 me.
474 2224 566 2259 Item,
593 2223 802 2255 Confitemini
826 2222 992 2259 Domino,
1027 2219 1184 2261 quoniam
1236 2228 1295 2250 cas
1320 2215 1550 2253 Cet-emonias,
1586 2223 1671 2257 quae
1695 2219 1772 2244 sunt
1794 2212 1875 2244 iuris
1899 2211 2051 2253 positivi,
2080 2207 2223 2241 abolitas

194 2271 305 2302 bonus
330 2276 396 2300 etc.
440 2267 494 2299 De
519 2267 723 2309 obligatione
753 2276 834 2297 vero
868 2276 909 2296 ac
931 2270 1044 2296 mutuo
1070 2261 1182 2293 officio
1235 2271 1322 2292 esse.
1346 2259 1388 2291 Et
1410 2257 1534 2291 Paulus
1558 2267 1720 2300 expresse
1743 2256 1865 2298 inquit:
1887 2255 1994 2286 Nemo
2016 2264 2080 2286 vos
2105 2258 2225 2294 arguat

197 2310 316 2346 dicitur
340 2312 452 2343 Oscae
475 2312 506 2342 2.
551 2310 625 2353 Ego
650 2309 851 2341 frumentum
875 2309 923 2339 eis
947 2307 1041 2344 dedi,
1073 2312 1105 2337 et
1128 2316 1184 2337 au·
1234 2305 1268 2336 in
1302 2303 1432 2335 vicibus
1455 2302 1631 2334 Festorum
1661 2306 1717 2331 aut
1753 2299 1989 2331 Sabbatorum.
2045 2296 2116 2328 Sed
2148 2300 2226 2337 post

196 2356 282 2396 rum,
301 2366 343 2387 ex
367 2366 432 2397 quo
456 2354 609 2388 fecerunt
630 2352 727 2385 Baal.
763 2352 805 2384 Et
828 2350 993 2384 Dominus
1015 2349 1185 2392 'significat
1209 2354 1211 2368 ³
1236 2346 1384 2389 politiam
1396 2346 1582 2378 Mosaicam
1605 2343 1748 2376 liberum
1772 2348 1824 2374 est
1848 2342 1974 2385 eligere
1997 2341 2083 2372 diem
2106 2343 2224 2370 nostro

197 2399 388 2432 universam
411 2395 633 2431 obedientiam
657 2407 735 2429 esse
759 2397 916 2434 debitum,
940 2396 983 2426 ad
1000 2393 1091 2435 'quod
1108 2389 1184 2424 Deo
1209 2370 1212 2408 Ι
1235 2391 1371 2422 arbitrio
1406 2390 1449 2421 ad
1471 2388 1642 2431 publicum
1666 2396 1899 2428 congressum,
1933 2384 1967 2416 in
1990 2394 2057 2426 quo
2079 2380 2225 2424 populus

198 2442 339 2485 obligati
373 2452 507 2480 sumus,
539 2447 576 2474 ut
600 2442 686 2484 grati
720 2441 841 2479 simus,
877 2437 976 2475 Quod
999 2434 1184 2474 debuimus,
1238 2435 1409 2472 doceatur,
1434 2438 1467 2464 et
1489 2431 1761 2464 administrentur
1783 2429 2000 2461 Sacramenta
2022 2432 2056 2459 et
2074 2426 2157 2457 ritus
2180 2425 2227 2456 di·

198 2485 351 2519 fecimus,
1235 2478 1360 2509 vinitus
1383 2476 1512 2514 traditi,
1546 2481 1581 2507 ut
1615 2475 1681 2506 sint
1703 2471 1840 2505 vincula
1862 2470 2018 2514 publicae
2041 2472 2226 2511 congrega-

1237 2520 1352 2559 tionis,
1367 2520 1527 2561 'sicutne
1551 2528 1658 2551 coena
1680 2516 1815 2548 Domini
1839 2516 1976 2548 dicitur:
2018 2513 2048 2544 1.
2071 2511 2224 2557 Corg'll.

286 2571 417 2605 Tertius
440 2570 535 2604 *usus
559 2571 660 2614 divini
674 2567 826 2602 'nominis
849 2568 917 2608 e‘s't,
950 2568 1043 2601 recte
1066 2566 1189 2598 docere
1210 2529 1380 2612 'Quoties
1415 2562 1596 2595 comedetis
1625 2570 1747 2603 panem
1769 2559 1879 2598 hunc,
1915 2564 1948 2590 ct
1969 2555 2127 2599 poculum
2160 2553 2228 2586 huc

202 2617 401 2654 doctrinam,
423 2626 524 2658 quam
545 2615 642 2648 Deus
664 2613 809 2647 tradidit.
1238 2608 1364 2646 bibitis,
1397 2612 1539 2639 mortem
1561 2604 1699 2638 Domini
1733 2603 1940 2640 annuntiate,
1974 2601 2083 2632 donec
2104 2598 2227 2632 veniat.
