2383 2990
151 99 215 131 707
794 97 909 130 PHIL.
933 97 1037 130 MEL.
1057 98 1243 132 SCRIPTA
1264 97 1548 131 DOGMATICA.
2124 100 2188 133 708

150 199 187 226 ut
212 194 354 225 miserae
378 199 410 225 et
433 193 587 225 adflictae
610 192 784 225 Ecclesiae
808 192 1000 236 opituletur,
1024 199 1061 226 ut
1084 195 1143 226 ab·
1283 193 1376 225 Haec
1399 194 1454 235 pio
1478 200 1511 225 et
1534 192 1674 234 simplici
1697 194 1808 226 animo
1831 204 2018 233 monemus,
2041 205 2104 226 nec
2127 195 2186 228 du-

150 247 236 269 usus
260 248 301 269 ac
326 247 459 269 errores
484 237 646 269 emendet.
1195 237 1338 268 bitamus
1361 246 1425 268 nos
1449 247 1585 268 causam
1604 237 1691 278 piam
1715 243 1744 268 et
1759 236 1934 270 Ecclesiae
1956 239 2186 271 necessariam

774 307 780 310 .
1195 290 1314 322 agere,
1349 290 1391 311 ac
1419 290 1594 321 precamur
1621 280 1745 318 Deum,
1778 286 1814 312 ut
1844 287 1973 313 mentes
1996 282 2186 323 Principum

238 324 281 355 Ut
314 330 425 356 autem
460 323 597 355 tollatur
629 323 727 355 huius
764 323 973 355 Sacramenti
1001 324 1142 362 abusus,
1194 324 1307 355 flectat
1330 324 1372 355 ad
1396 322 1629 355 illustrandam
1653 322 1795 366 gloriam
1818 323 1952 357 Domini
1980 326 2086 357 nostri
2110 326 2186 357 lesu

150 367 407 408 complectenda
432 373 482 399 est
506 367 605 398 etiam
629 367 816 399 emendatio
836 367 938 399 totius
957 366 1143 405 doctrinae,
1195 366 1332 405 Christi,
1351 372 1383 398 et
1407 367 1449 398 ad
1472 366 1613 399 salutem
1633 365 1871 399 Ecclesiamm.

150 412 355 443 restituenda
379 417 430 442 est
455 421 536 442 vera
559 411 710 442 doctrina
733 411 774 442 de
797 411 1012 452 poenitentia,
1036 410 1078 441 de
1090 420 1142 441 re-

149 455 310 486 missione
333 460 561 496 peccatorum,
585 455 625 486 de
645 454 731 493 fide,
755 460 787 485 et
811 455 852 486 de
875 454 1042 486 exercitiis
1064 453 1142 485 fidei
1565 454 1608 497 τῷ
1630 454 1700 497 θεῷ·
1722 453 1809 492 δόξα.

147 498 181 529 111
215 508 280 530 usu
311 497 611 530 Sacramentorum.
659 497 721 530 Est
755 504 788 531 et
809 497 915 530 Missa
949 497 1142 530 revocanda

147 542 190 573 ad
213 542 352 584 primam
375 542 625 574 institutionem.

755 690 991 733 CONTRA
1024 690 1333 731 PRIVATAM
1365 689 1594 732 MISSAM.

238 802 337 838 Quod
360 801 464 833 Missa
492 811 553 834 seu
576 811 659 834 usus
684 801 892 833 Sacramenti
922 812 989 833 non
1020 801 1061 832 sit
1087 810 1139 832 sa·
1163 802 1168 864 Ι
1193 800 1256 831 bus
1281 800 1324 841 pii
1346 799 1609 831 admonebantur
1639 800 1680 831 de
1701 810 1783 832 vera
1806 800 1936 840 hostia,
1971 811 2059 844 quae
2087 809 2180 834 esset

149 845 332 883 orificium,
367 856 428 877 seu
458 844 527 877 tale
551 855 634 887 opus
658 846 746 888 quod
769 843 893 876 factum
917 855 937 876 a
960 844 1139 876 sacerdote
1192 841 1359 874 abolitura
1394 850 1570 884 peccatum
1605 848 1637 874 et
1672 849 1828 883 mortem,
1863 843 2030 884 videlicet,
2055 845 2095 877 de
2118 844 2178 877 illo

148 895 182 922 et
206 888 409 932 applicatum
434 899 495 931 pro
519 888 605 927 aliis,
625 895 792 920 mereatur
810 889 1039 920 remissionem
1063 898 1139 928 pec·
1191 887 1359 928 promisso
1384 887 1510 917 semine
1534 885 1669 918 Christo
1693 892 1756 919 etc.

147 939 299 965 catorum
324 931 477 971 facienti,
511 938 544 964 et
572 933 611 964 iis
642 933 762 975 quibus
786 931 974 974 applicatur
996 932 1082 963 vivis
1106 936 1140 963 et

144 977 284 1009 mortuis
308 983 371 1009 etc,
1278 972 1376 1008 Quod
1401 973 1487 1004 enim
1511 971 1683 1004 Leviticae
1706 972 1834 1005 hostiae
1853 984 1920 1005 non
1932 975 2102 1016 potuerint
2112 986 2178 1007 me-

1191 1016 1256 1047 reri
1290 1016 1520 1048 remissionem
1549 1022 1781 1057 peccatorum,
1816 1015 1908 1049 clare
1933 1017 2079 1050 affirmat
2102 1018 2179 1061 Epi-

1191 1057 1279 1091 stola
1302 1059 1345 1091 ad
1367 1059 1531 1097 Ebraeos,
1557 1070 1632 1090 cum
1645 1060 1763 1101 inquit:
1787 1058 1995 1101 Impossibile
2018 1067 2080 1100 est,
2104 1072 2180 1093 san-

1191 1103 1290 1145 guine
1313 1109 1482 1134 taurorum
1507 1108 1539 1134 et
1559 1101 1727 1134 hircorum
1752 1103 1874 1135 auferri
1891 1110 2044 1145 peccata.
2068 1104 2180 1141 Quare

1191 1147 1234 1188 pii
1258 1147 1303 1178 ita
1325 1148 1503 1178 utebantur
1522 1144 1588 1177 illis
1612 1148 1829 1186 ceremoniis,
1863 1158 1930 1179 non
1965 1148 2055 1190 quod
2078 1149 2180 1180 senti·

1190 1196 1264 1221 rent
1299 1200 1336 1222 se
1370 1197 1508 1232 propter
1543 1188 1600 1221 illa
1635 1200 1737 1231 opera
1762 1191 1925 1233 consequi
1948 1191 2181 1224 remissionem

1190 1240 1406 1274 peccatorum
1426 1243 1539 1265 coram
1561 1232 1649 1272 Deo,
1673 1234 1735 1264 sed
1757 1235 1936 1266 utebantur
1958 1241 2116 1277 tanquam
2138 1236 2181 1267 si-

1191 1278 1278 1319 gnis,
1314 1278 1435 1319 quibus
1470 1276 1565 1309 Deus
1600 1282 1779 1308 testaretur
1808 1279 1889 1320 ipsis
1924 1287 2001 1309 sese
2027 1279 2181 1310 daturum

492 1145 628 1185 Prima
660 1144 791 1185 Ratio.

235 1235 371 1269 Nullum
395 1242 447 1268 est
469 1236 689 1273 sacrificium,
712 1246 774 1268 nec
797 1232 857 1268 stiit
879 1246 1025 1278 unquam
1048 1236 1138 1278 quod

146 1288 317 1313 mereatur
351 1281 582 1312 remissionem
616 1286 849 1322 peccatorum,
883 1286 916 1311 et
945 1280 1036 1322 quod
1063 1278 1138 1311 aliis

146 1326 255 1367 possit
277 1323 449 1366 applicari,
473 1330 608 1365 praeter
626 1325 759 1356 unicum
783 1323 983 1355 sacrificium
1001 1322 1137 1364 Christi,

146 1367 252 1400 semel
275 1367 399 1400 factum
422 1369 456 1399 in
479 1378 592 1400 cruce.
636 1366 729 1410 Ergo
759 1367 865 1399 Missa
891 1377 953 1399 seu
977 1376 1063 1409 opus
1085 1377 1138 1398 sa-

147 1413 314 1451 cerdotis,
348 1422 415 1443 non
451 1418 501 1443 est
525 1411 746 1449 sacrificium,
780 1412 870 1453 quod
899 1411 962 1452 ipsi
986 1410 1041 1442 vel
1063 1408 1137 1442 aliis

146 1456 300 1498 impetret
324 1461 380 1487 aut
403 1455 532 1487 adierat
552 1456 783 1487 remissionem
808 1461 1032 1496 peccatorum.

1190 1319 1272 1354 illud
1305 1321 1508 1362 promissum
1543 1330 1669 1359 semen,
1705 1321 1760 1361 qui
1783 1319 1914 1353 futurus
1934 1327 2023 1353 esset
2048 1322 2182 1354 victima

1189 1374 1251 1406 pro
1282 1364 1450 1405 peccatis,
1496 1369 1527 1395 et
1562 1364 1652 1405 quod
1686 1362 1788 1396 vellet
1820 1365 1969 1406 recipere
2003 1365 2180 1397 credentes

1162 1441 1164 1447 ⁴
1190 1408 1401 1449 promissioni
1458 1407 1499 1439 de
1544 1406 1691 1444 Christo,
1748 1413 1782 1439 et
1826 1409 1994 1440 remittere
2038 1414 2181 1450 peccata

1189 1458 1327 1494 propter
1348 1450 1441 1482 illam
1464 1450 1642 1482 victimam.
1687 1449 1730 1481 Et
1754 1451 1818 1492 ipsi
1841 1457 1974 1483 utentes
1998 1450 2064 1482 illis
2088 1461 2180 1483 cere-

1162 1474 1166 1565 Ι
1190 1495 1322 1534 moniis,
1339 1494 1581 1537 profitebantur
1603 1503 1642 1525 se
1666 1494 1816 1533 credere,
1840 1495 1929 1537 quod
1953 1496 2092 1537 propter
2105 1505 2181 1536 pro-

236 1543 452 1574 Antecedens
473 1541 563 1573 clare
587 1547 727 1574 testatur
749 1540 901 1583 Epistola
924 1542 967 1573 ad
985 1540 1138 1573 Ebraeos
1164 1569 1166 1591 Ι
1190 1538 1329 1570 missum
1357 1548 1473 1570 semen
1497 1544 1786 1579 consequerentur
1809 1538 2039 1570 remissionem
2062 1547 2180 1580 pecca-

148 1596 223 1628 cap.
245 1587 295 1617 10.
333 1596 419 1628 quae
453 1587 558 1628 inquit.
586 1587 628 1617 de
657 1585 822 1617 sacrificio
858 1584 997 1617 Christi:
1031 1584 1139 1616 Unica
1165 1594 1166 1608 1
1191 1588 1311 1613 torum.
1380 1583 1496 1623 Itaque
1530 1581 1669 1622 perinde
1697 1582 1749 1612 usi
1773 1588 1850 1612 sunt
1873 1581 1942 1613 illis
1967 1582 2179 1621 ceremoniiS,

148 1630 322 1662 oblatione
346 1630 590 1662 consummavit
622 1630 655 1661 in
678 1635 874 1671 perpetuum
899 1628 1138 1660 sanctificatos.
1165 1612 1168 1673 1
1191 1632 1227 1656 ut
1251 1635 1313 1656 nos
1338 1625 1566 1656 Sam-amentis
1591 1625 1723 1655 utimur.
1754 1621 1826 1655 Etsi
1850 1625 1978 1656 interim
1991 1632 2063 1656 erat
2083 1625 2180 1656 etiam

147 1673 247 1712 Item,
271 1672 379 1706 Semel
404 1675 437 1705 in
462 1674 748 1705 consummatione
772 1671 960 1704 seculorum
989 1673 1031 1703 ad
1060 1673 1140 1704 abo-
1192 1667 1278 1700 alius
1300 1677 1381 1700 usus
1407 1666 1536 1699 illorum
1562 1669 1680 1699 rituum
1704 1667 1941 1705 Leviticorum,
1963 1668 2053 1710 quod
2078 1668 2106 1698 Sl
2125 1668 2181 1708 qul

148 1716 294 1749 litionem
331 1724 557 1759 peccatorum,
592 1728 652 1759 per
684 1717 826 1748 hostiam
857 1726 951 1747 suam
986 1716 1139 1757 apparuit
1193 1719 1285 1743 erant
1310 1712 1357 1742 rei
1381 1712 1414 1742 in
1439 1713 1539 1743 certis
1564 1710 1700 1742 offensis
1724 1716 1779 1742 aut
1792 1711 1914 1742 erratis
1934 1717 2054 1742 contra
2067 1711 2182 1743 obser-

149 1767 214 1792 etc.
261 1761 358 1799 Item,
391 1760 463 1792 Hac
486 1760 659 1792 voluntate
682 1759 882 1791 sanctificati
912 1769 1045 1798 sumus,
1079 1770 1139 1801 per
1192 1756 1343 1787 vationes
1377 1754 1561 1793 Mosaicas,
1596 1755 1629 1786 hi
1652 1760 1782 1785 utentes
1807 1754 1858 1785 his
1887 1755 2097 1793 ceremoniis,
2131 1765 2181 1786 re-

149 1804 350 1837 oblationem
376 1806 528 1847 corporis
552 1807 626 1836 lesu
650 1803 772 1835 Christi
795 1803 910 1835 semel.
1192 1798 1458 1830 conciliabantur
1480 1808 1541 1830 seu
1565 1799 1868 1840 pronuntiabantur
1892 1796 2050 1836 absoluti,
2074 1804 2106 1829 et
2131 1807 2181 1829 re·

1192 1844 1419 1884 cipiebantur‚
1465 1852 1507 1873 ne
1542 1850 1655 1873 essent
1691 1840 1821 1872 exclusi
1852 1852 1871 1872 a
1908 1840 2022 1883 politia
2056 1839 2181 1883 populi.

1192 1886 1283 1918 Haec
1306 1892 1377 1917 erat
1401 1891 1539 1917 externa
1562 1885 1723 1927 quaedam
1748 1883 1974 1916 reconciliatio
1998 1885 2181 1916 secundum

1192 1930 1347 1961 iustitiam
1381 1928 1481 1972 legis,
1515 1935 1546 1960 et
1584 1934 1720 1970 propter
1756 1928 1843 1959 hanc
1878 1927 2182 1959 reconciliationem

1192 1974 1399 2005 vocabantur
1431 1972 1595 2004 sacrificia
1630 1982 1690 2003 seu
1714 1973 1919 2013 expiationes
1942 1982 2003 2011 pro
2026 1977 2181 2012 peccato,

1165 2186 1169 2213 Ι

1165 2218 1169 2281 1

1169 2308 1170 2319 i

1169 2322 1170 2335 1

236 1891 277 1923 Et
310 1891 431 1923 Esaiae
465 1891 517 1923 53.
553 1892 594 1922 (10
636 1890 802 1922 sacrificio
837 1889 961 1921 Christi
1003 1889 1138 1920 dicitur:

150 1936 335 1977 Postquam
370 1937 518 1976 posuerit
543 1935 683 1966 animani
715 1944 808 1964 suam
832 1933 973 1965 hostiam
997 1943 1058 1974 pro
1083 1934 1139 1965 tle-

149 1979 250 2018 lictis,
270 1979 393 2010 videbit
419 1989 534 2010 50111011
557 1978 757 2020 longaevum
781 1983 845 2009 etc.
892 1976 1046 2018 Denique
1070 1981 1140 2008 tota

149 2023 314 2064 scriptura
351 2021 416 2053 11οο
451 2023 569 2060 docet,
605 2022 694 2063 quod
729 2019 800 2051 sola
832 2031 924 2051 mors
949 2019 1073 2051 Christi
1097 2021 1139 2050 sit

150 2067 282 2099 unicum
306 2066 519 2102 sacrificium,
544 2075 603 2096 sen
627 2065 758 2095 victima
782 2074 842 2105 pro
866 2064 1025 2104 peccatis.
1054 2063 1140 2094 Nam

150 2111 237 2142 etin
262 2110 365 2141 veteri
389 2115 589 2140 testamento
624 2109 685 2139 etsi
716 2112 808 2139 erant
844 2108 1006 2149 quaedam
1037 2107 1140 2138 sacri-

151 2154 238 2192 ficia,
263 2163 350 2195 quae
374 2154 581 2184 vocabantur
602 2162 663 2193 pro
686 2156 827 2193 peccato
848 2161 907 2182 seu
930 2161 992 2192 pro
1006 2148 1140 2187 delicto,

154 2204 263 2229 tamen
290 2207 500 2239 nequaquam
525 2195 657 2227 fuerunt
682 2194 761 2226 talia
785 2204 902 2236 opera,
927 2205 1013 2236 quae
1036 2203 1141 2225 niere-

153 2248 266 2272 rentur
290 2240 570 2278 sacrificantibus,
594 2247 649 2270 ant
673 2238 746 2270 aliis
770 2238 999 2269 remissionem
1021 2247 1141 2278 pecea-

152 2292 261 2316 torum
286 2294 399 2315 coram
421 2281 515 2320 Deo,
539 2284 599 2314 sed
623 2288 717 2314 erant
742 2283 950 2313 ceremoniae
974 2282 1142 2312 institutae

153 2329 194 2360 atl
218 2329 301 2365 hoc,
335 2333 371 2357 ut
395 2326 445 2357 his
469 2328 607 2368 picturis
632 2327 879 2367 significaretur
901 2336 1016 2357 verum
1041 2324 1143 2356 sacri-

153 2372 262 2403 ficium
287 2370 430 2408 Christi,
460 2371 513 2412 qni
539 2369 670 2402 futurus
695 2374 764 2400 erat
789 2369 920 2399 victima
943 2379 1004 2410 pro
1023 2378 1143 2409 pecca-
1169 2369 1170 2374 ’
1194 2372 1409 2407 pec-catorum
1442 2364 1546 2395 utenti
1577 2369 1607 2394 et
1631 2362 1718 2399 aliis,
1753 2362 1853 2403 plane
1876 2367 2001 2404 pugnet
2026 2371 2099 2392 cum
2125 2361 2182 2392 do-

153 2417 196 2447 tis
220 2415 320 2446 totius
352 2414 474 2446 mundi.
520 2413 561 2445 Et
585 2420 722 2456 propter
752 2412 840 2443 lianc
864 2412 1142 2454 significationem
1169 2404 1170 2411 ¹
1196 2410 1300 2440 ctrina
1324 2407 1497 2451 Evangelii
1524 2411 1564 2437 tre
1588 2407 1754 2437 sacrificio
1780 2405 1918 2437 Christi:
1952 2403 2061 2445 palam
2097 2404 2182 2435 enim

155 2459 400 2490 attribuebatur
424 2456 488 2488 illis
513 2457 686 2488 sacrificiis
712 2457 796 2487 haec
821 2454 1012 2498 appellatio,
1038 2461 1073 2487 ut
1086 2465 1143 2485 vo·
1195 2459 1257 2489 est,
1292 2453 1320 2483 si
1350 2450 1425 2483 sola
1459 2461 1550 2482 mors
1586 2448 1710 2481 Christi
1735 2455 1785 2480 est
1821 2447 1946 2480 oblatio
1971 2454 2001 2478 et
2026 2447 2182 2489 pretium,

156 2509 311 2534 carentur
341 2502 589 2543 propitiatoria,
625 2511 685 2532 seu
710 2499 872 2531 sacrificia
902 2510 964 2541 pro
989 2503 1143 2539 peccam,
1170 2501 1171 2504 ’
1194 2502 1332 2538 propter
1365 2495 1452 2536 quod
1491 2494 1699 2525 remittuntur
1721 2500 1879 2534 peccata.
1914 2501 1996 2533 ergo
2023 2500 2108 2531 opus
2132 2500 2182 2522 sa-

154 2556 220 2577 non
252 2546 341 2588 quod
374 2543 430 2576 illa
465 2554 566 2585 opera
601 2549 809 2575 mererentur
842 2541 1143 2574 reconciliationem
1195 2540 1340 2571 cerdotis
1386 2546 1452 2569 non
1498 2544 1643 2569 merctur
1686 2536 1916 2567 remissionem
1958 2541 2181 2576 peccatorum.

156 2600 270 2621 coram
296 2588 380 2627 Deo,
416 2589 477 2620 sod
502 2588 576 2630 quia
602 2594 694 2619 erant
718 2587 879 2629 imagines
904 2593 935 2621 et
960 2586 1041 2628 typi,
1075 2585 1143 2627 qui·
1194 2583 1281 2619 Quid
1315 2588 1428 2625 potest
1462 2582 1609 2622 apertius
1633 2587 1663 2612 et
1689 2578 1872 2620 simplicius
1897 2579 1985 2610 dici?
2053 2577 2181 2619 Estque

1193 2020 1251 2049 sed
1288 2027 1400 2048 veram
1434 2015 1742 2047 reconciliationem
1777 2025 1838 2046 seu
1873 2016 2102 2045 remissionem
2127 2024 2182 2045 co-

1192 2072 1262 2092 ran:
1293 2060 1369 2092 Deo
1404 2070 1470 2091 non
1507 2060 1813 2101 consequebantur,
1847 2059 1909 2090 nisi
1935 2057 1999 2089 fide
2023 2064 2182 2089 venturae

1194 2105 1347 2135 victimae
1372 2103 1510 2134 Christi.
1536 2104 1576 2134 de
1600 2113 1664 2144 qua
1690 2103 1913 2133 admonebant
1927 2102 2001 2144 pios
2024 2099 2103 2133 illae
2126 2111 2181 2132 ex-

1193 2154 1309 2180 ternae
1333 2148 1551 2179 ceremoniae.

1281 2234 1330 2265 Ex
1368 2234 1419 2264 liis
1456 2234 1540 2264 satis
1564 2231 1702 2274 intelligi
1726 2238 1849 2273 potest,
1884 2232 1972 2273 quod
2005 2232 2116 2272 opinio
2139 2231 2181 2262 de

1195 2277 1362 2309 oblatione
1387 2283 1417 2308 et
1442 2276 1667 2318 applicatione
1691 2276 1801 2317 operis
1826 2274 2014 2306 sacerdotis
2044 2275 2077 2305 in
2103 2273 2181 2305 Mis·

1195 2333 1256 2360 sa,
1297 2331 1382 2364 quae
1416 2319 1556 2352 affirmat
1588 2319 1653 2350 1100
1683 2330 1768 2360 opus
1799 2319 1917 2350 mereri
1953 2318 2181 2349 remissionem
