2383 2990
108 119 206 152 425Δ

109 215 183 247 Hoc
206 213 325 246 illustri
349 220 381 246 et
403 213 499 246 firmo
528 215 719 246 testimonio
743 213 859 247 deliria
882 213 1104 247 fanaticorum

109 259 277 290 hominum
300 257 497 295 refutentur,
523 259 576 300 qui
603 269 724 301 magno
749 266 781 290 et
798 260 988 300 pernicioso
1012 269 1103 290 erro-

109 312 146 334 re
170 302 387 340 contendunt,
411 302 445 332 in
470 300 654 343 Evangelio
679 300 750 333 tolli
775 313 886 334 rerum
916 303 1103 344 proprieta-

108 351 185 377 tem.
243 345 479 387 Adiungantur
502 351 535 376 et
557 344 622 376 alia
646 347 847 384 testimonia,
883 352 917 377 ut
941 346 1102 377 Proverb.

108 389 139 420 5.
187 388 311 420 Fontes
336 390 382 420 tui
402 389 592 420 deriventur
615 388 720 427 foras,
746 396 778 420 et
802 396 836 420 tu
860 389 1024 421 Dominus
1048 400 1103 421 eo-

107 443 181 463 rum
215 438 347 463 maneto
382 430 489 470 solus,
519 438 551 463 et
574 443 640 463 non
661 432 726 463 alii.
796 433 977 465 Discamus
1001 436 1102 465 etiam

108 482 201 508 recte
224 474 396 517 explicare
415 477 571 508 usitatum
594 482 836 517 argumentum.

168 557 381 598 Naturalia
417 564 513 598 sunt
546 557 828 607 immutabilia,

169 616 416 658 Communio
462 632 597 658 rerum
645 624 707 658 est
752 618 853 659 luris
895 619 1100 670 naturalis,

228 684 275 719 ut
306 679 528 733 loquuntur
559 678 844 730 Iurisconsulti,

167 738 276 794 Ergo
308 739 582 780 immutabilis.

193 865 477 908 Respondendum
520 872 570 898 est
612 867 655 898 ad
691 867 860 898 maiorem.
928 866 1101 899 Naturalia

107 915 187 942 sunt
211 909 435 948 immutabilia,
470 909 611 949 scilicet,
648 921 733 952 quae
758 917 835 941 sunt
859 912 1043 953 praecepti,
1067 913 1100 943 id

106 959 169 991 est,
194 954 328 984 notitiae
351 952 536 992 naturales,
560 960 595 985 ut
619 964 844 992 numerorum,
870 960 900 985 et
923 953 989 985 alia
1014 957 1100 996 prin-

107 997 192 1038 cipia
217 1003 249 1028 et
274 996 377 1039 Legis
403 998 535 1028 divinae
558 998 706 1035 notitiae,
730 1008 864 1039 semper
887 1005 1022 1029 manent
1046 1010 1100 1030 ea·
1124 988 1129 1047 i

107 1040 182 1072 dem
205 1040 237 1071 in
262 1048 381 1072 natura
404 1041 536 1081 integra
559 1048 591 1072 et
615 1047 791 1082 corrupta,
826 1047 860 1072 ut
885 1041 963 1073 alibi
988 1043 1100 1084 copio-

105 1084 176 1115 sius
196 1084 326 1115 dicitur.
373 1084 441 1115 Sed
466 1083 650 1121 naturalia,
675 1095 761 1126 qnae
784 1091 862 1116 sunt
887 1086 974 1116 bona
998 1085 1100 1124 utilia,

105 1137 172 1158 non
196 1133 274 1158 sunt
298 1127 524 1165 immutabilia,
551 1135 586 1159 ut
609 1129 738 1159 sanitas
763 1130 927 1170 eorporis,
960 1128 1018 1161 suit
1044 1130 1101 1161 do-

104 1181 182 1202 num
207 1170 299 1208 utile,
324 1180 462 1203 naturae
485 1172 637 1213 integrae
665 1172 874 1203 attiibutum:
908 1173 972 1204 Sed
998 1180 1100 1205 muta-

105 1220 174 1245 tum
198 1220 261 1252 est,
285 1222 463 1256 postquam
478 1214 630 1245 homines
644 1216 743 1246 mersi
757 1222 835 1247 sunt
858 1217 890 1246 in
913 1224 1099 1257 peccatum.

105 1256 155 1289 lta
188 1258 234 1289 uti
270 1259 372 1289 rebus
393 1259 610 1290 communiter
641 1257 698 1290 suit
737 1260 859 1290 bonum
884 1259 975 1297 utile,
1011 1262 1098 1302 qnod

104 1300 223 1332 suisset
247 1301 410 1342 possibile
434 1303 465 1333 in
490 1308 608 1333 natura
634 1303 781 1344 integra,
817 1309 934 1344 postea
958 1314 1023 1335 non
1049 1311 1100 1336 est

104 1343 279 1386 possibile.
337 1344 452 1376 Manet
475 1352 584 1376 autem
609 1347 724 1376 notitia
747 1353 885 1377 aeterua
909 1354 941 1378 et
965 1348 1100 1379 immota

103 1388 136 1418 in
160 1394 284 1418 mente:
308 1388 480 1420 Neminem
505 1387 641 1427 laedas,
666 1400 730 1420 non
756 1391 876 1423 hurbes
901 1392 1098 1423 societatem

102 1431 236 1474 generis
271 1432 417 1463 humani.
486 1432 552 1463 lam
576 1431 706 1473 plurimi
731 1432 969 1465 imbecilliores
989 1434 1099 1466 laede-

102 1481 217 1506 rentur
240 1475 380 1514 iniuste,
405 1476 433 1506 si
457 1477 642 1516 eriperetur
666 1477 716 1507 eis
739 1478 858 1509 victus.
906 1478 983 1509 ideo
1008 1479 1098 1510 videt

101 1519 186 1550 ratio
222 1519 469 1551 distinctionem
499 1520 719 1551 dominiorum
749 1522 977 1553 neeessariam
1002 1533 1097 1553 esse:

102 1567 135 1594 et
157 1560 252 1594 Deus
277 1572 350 1593 eam
375 1574 540 1604 expresso
565 1565 668 1595 verbo
694 1575 756 1595 suo
780 1566 908 1604 sanxit,
940 1572 973 1597 et
1007 1567 1097 1597 addit

103 1604 344 1645 defensionem,
369 1606 525 1638 videlieet
547 1606 698 1649 imperia,
714 1606 945 1650 Magist1·atuS‚
969 1620 1096 1651 poena-2

100 1647 282 1681 furantium
319 1657 351 1681 et
386 1651 583 1691 rapientium
608 1661 661 1682 res
685 1650 832 1691 alienas,
864 1663 905 1683 ne
928 1654 1096 1685 distinctio

101 1693 319 1724 dominini-mn
344 1695 508 1726 turbetur.
564 1694 617 1726 De
641 1694 692 1726 his
717 1693 865 1727 sontibus
890 1692 1017 1728 e‘rudite
1041 1708 1096 1729 co-

100 1736 271 1779 gitandum
296 1743 359 1768 est.

188 1814 320 1846 Deinde
343 1816 518 1846 sciendum
544 1821 615 1855 est,
648 1826 723 1848 cum
753 1815 830 1848 talis
863 1818 905 1849 sit
927 1817 1095 1850 hominum

99 1863 229 1897 natura,
253 1865 288 1890 ut
313 1857 431 1890 alienis
457 1858 629 1891 laboribus
648 1860 866 1902 indigeamus,
885 1868 920 1893 ut
941 1862 972 1893 in
993 1863 1095 1894 nutri-

100 1902 231 1933 cationc
254 1901 428 1934 infantium
454 1904 633 1935 cernimus.
681 1903 778 1935 ltem:
811 1904 855 1936 Ut
885 1916 982 1936 nemo
1008 1917 1094 1938 unus

99 1944 221 1977 habeat
240 1947 347 1977 onmia
372 1946 415 1976 ad
441 1947 541 1978 vitam
567 1948 775 1987 necessaria,
799 1947 870 1980 vult
893 1948 988 1981 Deus
1013 1948 1094 1982 mul-

97 1989 138 2020 tis
163 1987 283 2021 officiis
308 2000 415 2032 genus
439 1990 618 2022 humanum
643 1990 833 2032 copulatura
858 2004 953 2024 esse:
978 1993 1095 2025 Sanxit

97 2032 193 2064 Deus
219 2040 424 2068 contractus,
451 2042 483 2065 et
511 2033 578 2066 vult
603 2045 659 2066 res
683 2036 757 2067 sine
780 2036 907 2068 iniuriis
931 2048 992 2079 per
1015 2048 1094 2070 con-

97 2082 225 2109 tractus
250 2078 498 2109 communicari.

186 2147 300 2179 Oritur
324 2158 404 2190 ergo
429 2158 469 2179 ex
489 2148 554 2179 hoe
578 2155 780 2190 praecepto,
805 2150 957 2181 doctrina
981 2150 1022 2181 de
1046 2151 1093 2182 iu-

97 2190 183 2221 stitia
211 2190 401 2232 particulari
434 2192 464 2222 in
490 2193 736 2230 contractibus,
761 2204 860 2235 quam
885 2194 935 2224 sic
959 2195 1090 2225 ordina-

96 2234 143 2264 vit
167 2233 280 2273 Deus,
305 2241 339 2266 ut
361 2235 404 2266 sit
428 2234 613 2277 aequalitas
639 2237 758 2267 mercis
784 2243 815 2268 et
839 2238 953 2278 pretii,
978 2248 1019 2268 ne
1046 2239 1089 2269 vi·

97 2276 218 2308 delicet
254 2278 414 2309 alterutra
450 2289 528 2319 pars
564 2278 734 2318 laedatur,
774 2287 807 2312 et
841 2280 926 2312 fame
962 2288 1090 2323 pereat.

96 2320 202 2352 Huius
225 2321 439 2364 aequalitatis
464 2322 574 2353 fontes
601 2330 678 2354 sunt
702 2324 733 2354 in
758 2323 810 2355 his
834 2326 946 2356 dietis:
977 2324 1089 2367 Dilige

94 2365 278 2406 proximum
310 2371 400 2397 tuum
431 2367 517 2397 sicut
550 2373 581 2397 te
606 2367 726 2407 ipsum.
774 2368 873 2407 item,
908 2369 1005 2404 Quod
1030 2370 1089 2400 tibi

95 2408 167 2439 fieri
186 2420 252 2440 non
276 2409 340 2445 vis,
363 2408 461 2441 alteri
485 2420 528 2440 no
551 2408 684 2442 seceris.
733 2410 828 2443 Hanc
851 2411 1089 2454 aequalitatem

96 2458 260 2493 quaerunt
289 2451 384 2492 leges
420 2454 588 2495 sapienter
612 2455 777 2496 scriptae,
813 2455 854 2487 Et
877 2456 968 2494 Lex,
1003 2467 1089 2498 quae

97 2493 185 2526 hane
208 2495 443 2538 aequalitatem
468 2498 613 2528 ostendit
638 2504 670 2529 et
694 2500 867 2541 praecipit,
892 2501 980 2531 iusta
1003 2506 1066 2531 est.

184 2564 228 2596 Ut
258 2572 369 2598 autem
404 2564 489 2597 alias
521 2567 659 2598 virtutes
684 2570 882 2601 monstravit
907 2569 1019 2608 Deus,
1053 2577 1089 2601 ut

96 2608 259 2648 sciamus,
296 2608 404 2652 qualis
433 2611 476 2642 sit
506 2611 597 2652 ipse:
628 2611 677 2643 lta
707 2612 805 2645 docet
838 2624 900 2644 nos
932 2614 1088 2646 iustitiam

748 118 791 151 V.
814 118 1086 152 EXPLICATIO
1114 119 1316 153 SYMBOLI
1342 120 1505 153 NICENI.

2085 124 2152 156 426

1155 214 1390 257 aequalitatem
1421 227 1518 255 esse,
1552 223 1588 248 ut
1611 217 1757 248 sciamus
1783 223 1815 248 et
1845 218 1971 259 ipsum,
2007 228 2082 250 eum
2106 220 2150 250 sit

1156 258 1232 289 sons
1247 260 1401 298 iustitiae,
1425 259 1598 302 aequalem
1611 271 1702 299 esse,
1716 272 1777 292 nec
1791 271 1867 292 esse
1891 264 1922 292 in
1937 272 1976 292 eo
1990 274 2149 303 προςωπο-

1154 306 1275 342 ληψίαν,
1296 304 1356 333 sed
1380 303 1564 345 aequaliter
1588 315 1661 336 eum
1686 305 1784 335 irasci
1805 311 1958 346 peccam,
1984 312 2015 337 et
2029 316 2147 347 aequa-

1128 351 1131 375 Ι
1156 344 1230 377 liter
1254 356 1369 377 omnes
1391 348 1552 387 recipere,
1577 347 1812 391 confugientes
1836 350 1879 380 ad
1906 348 2033 380 Filium.
2072 349 2150 381 ldeo

1127 378 1131 454 ἰ
1156 395 1188 420 et
1212 389 1338 420 [esaias
1365 390 1406 420 de
1430 390 1564 421 (ltu-isto
1588 392 1693 433 inquit
1723 402 1795 433 cap.
1821 393 1872 423 42.
1904 392 1979 423 Non
2008 393 2151 434 accipiet

1155 442 1345 473 personam.
1392 432 1433 463 Et
1457 434 1554 465 divus
1579 433 1704 466 Paulus
1728 436 1786 466 ait:
1820 435 1910 467 Deus
1937 434 2006 467 vult
2027 447 2144 468 omnes

1154 475 1308 507 homines
1328 475 1444 508 salvos
1470 476 1551 515 fieri,
1575 484 1606 509 et
1632 479 1673 508 ad
1693 479 1896 520 agnitionem
1912 480 2062 511 veritatis
2077 490 2150 520 per-

1154 520 1278 551 venire.
1327 519 1424 551 ltem:
1456 520 1577 552 Venite
1608 522 1650 551 ad
1674 532 1725 552 me
1751 532 1884 560 omneS,
1908 524 1963 565 qui
1988 522 2150 554 laboratis

1155 570 1187 594 et
1211 564 1339 594 onerati
1364 564 1446 594 estis
1471 569 1533 595 etc.
1571 563 1767 605 Cogitemus
1792 567 1892 607 igitur
1915 568 1946 597 in
1972 567 2149 598 contracti-

1155 607 1217 637 bus
1243 604 1284 637 de
1308 607 1373 638 hoe
1399 614 1598 649 praecepto:
1623 608 1696 638 Non
1722 607 1844 640 furtum
1869 608 1985 647 sanies,
2011 617 2043 641 et
2067 620 2146 651 pro-

1153 656 1228 691 pter
1253 649 1360 681 Deum
1384 661 1559 682 servemus
1585 650 1838 693 aequalitatem:
1864 653 1994 684 Deinde
2018 664 2058 684 eo
2083 664 2150 685 ma-

1153 694 1205 734 gis
1230 695 1379 724 ordinem
1393 694 1551 733 divinum,
1576 704 1606 725 et
1632 694 1719 726 hane
1736 694 1968 737 aequalitatem
1985 707 2148 736 amemu5‚

1153 737 1233 810 quiq
1260 738 1386 769 seimus
1417 748 1480 768 nos
1511 749 1530 768 a
1555 738 1629 769 Deo
1662 740 1909 770 connnonetieri
1944 741 1984 771 de
2009 751 2072 772 sua
2094 751 2150 772 ae-

1154 791 1221 822 qua
1237 781 1325 812 itate.

1242 858 1429 890 Prudenter
1449 860 1546 890 etiam
1570 860 1782 891 iudicandum
1803 866 1854 891 est
1879 861 1920 891 de
1945 862 2042 892 dietis
2067 862 2151 893 scri-

1152 908 1297 943 ptorum,
1329 910 1364 934 ut
1399 914 1473 934 cum
1506 904 1716 945 Augus-tinus
1748 904 1867 945 inquit:
1903 904 1976 935 lure
2004 905 2149 936 humano

1154 947 1237 976 haec
1262 945 1342 978 villa
1368 957 1439 977 mea
1463 952 1526 985 est,
1548 958 1613 977 non
1640 947 1761 978 divino.
1788 947 1880 979 Haec
1905 949 2025 986 oratio,
2051 950 2078 979 si
2104 949 2149 980 in-

1153 987 1322 1031 telligatur
1345 997 1378 1021 ut
1404 997 1515 1027 sonat,
1541 1001 1751 1032 nequaquam
1777 1002 1856 1023 vera
1881 998 1943 1029 est,
1968 992 2050 1023 Nam
2072 992 2151 1023 hae-

1152 1034 1278 1063 reditas
1314 1044 1413 1075 quam
1444 1034 1499 1065 tibi
1533 1039 1689 1074 parentes
1720 1035 1805 1065 iuste
1831 1036 1983 1074 tradunt,
2019 1042 2076 1067 tua
2100 1041 2152 1067 est

1152 1077 1223 1107 iure
1248 1077 1369 1108 divino.
1395 1078 1452 1109 Sic
1470 1087 1523 1108 res
1538 1079 1624 1109 iuste
1649 1084 1747 1116 emta,
1770 1079 1910 1119 perinde
1935 1085 1985 1110 est
2010 1086 2066 1111 tua
2079 1080 2151 1111 iure

1153 1120 1278 1159 divino,
1316 1132 1381 1152 non
1419 1128 1544 1152 tantum
1580 1122 1788 1153 ordinatione
1814 1132 1939 1164 regum.
1978 1122 2063 1158 Quia
2085 1123 2151 1154 dis·

1124 1164 1266 1196 »tinctio
1298 1165 1519 1195 dominiorum
1550 1165 1707 1196 divinitus
1745 1167 1874 1197 sancita
1904 1174 1954 1197 est
1985 1167 2017 1197 in
2054 1178 2150 1209 prae-

1125 1202 1129 1230 l
1152 1214 1267 1248 cepto:
1297 1208 1371 1238 Non
1396 1207 1519 1239 furtum
1545 1206 1660 1240 facies.
1707 1208 1805 1244 Quod
1830 1215 1937 1240 antem
1963 1211 2060 1249 dicit,
2086 1210 2150 1242 Le-

1124 1247 1129 1310 Ι
1151 1251 1250 1292 gibus
1276 1261 1390 1294 regum
1415 1252 1568 1282 distribui
1594 1262 1661 1290 res,
1684 1251 1751 1283 hoc
1770 1253 1820 1283 sic
1839 1252 2054 1294 intelligatur,
2080 1254 2150 1285 Ma-

1151 1295 1326 1335 gistratum
1354 1305 1431 1326 esse
1461 1302 1700 1337 exequutorem
1731 1296 1810 1326 iuris
1841 1297 1954 1328 divi-ii.
2002 1299 2093 1329 SIcut
2116 1299 2150 1329 in

1151 1346 1352 1379 praecepto:
1386 1338 1460 1369 Non
1486 1339 1642 1377 occides,
1678 1339 1744 1370 vita
1776 1346 1826 1370 est
1850 1346 1906 1371 tua
1930 1342 2000 1372 iure
2024 1342 2148 1380 divino,

1123 1356 1128 1406 l
1151 1382 1183 1411 id
1207 1383 1401 1422 pronuntiat
1425 1381 1657 1424 Magistratus,
1683 1393 1758 1414 eum
1782 1382 1868 1414 alias
1893 1390 1925 1414 te
1948 1385 2070 1416 iniuste
2093 1396 2148 1416 ac-

1151 1431 1249 1456 cusat
1274 1432 1305 1456 et
1326 1426 1471 1457 custodit
1496 1433 1584 1457 tuam
1615 1427 1732 1464 vitam,
1768 1426 1826 1457 Sic
1852 1437 1925 1458 cum
1946 1426 2030 1458 alius
2056 1435 2148 1460 tuum

1150 1466 1288 1500 fundum
1314 1470 1411 1510 petit,
1448 1468 1668 1511 Magistratus
1701 1470 1759 1500 tibi
1785 1480 1849 1501 non
1875 1471 1930 1502 dat
1956 1472 2147 1510 dominium,

1149 1512 1210 1542 sed
1235 1513 1427 1553 pronuntiat
1452 1519 1483 1543 te
1507 1523 1584 1544 esse
1614 1514 1736 1544 iustum
1767 1514 1953 1552 (lominum,
1988 1516 2148 1547 adversa-

1150 1555 1233 1587 rium
1258 1567 1325 1587 non
1351 1566 1444 1587 esse:
1471 1556 1645 1587 Discernit
1667 1557 1753 1587 inter
1776 1558 2043 1599 propositiones,
2067 1570 2147 1601 qua-

1150 1610 1221 1630 rum
1247 1602 1372 1631 veritas
1402 1611 1468 1630 non
1494 1601 1615 1641 pendet
1640 1611 1682 1631 ex
1707 1602 1844 1632 arbitrio
1871 1602 1992 1643 ipsius,
2018 1604 2079 1634 sed
2105 1613 2147 1634 ex

1149 1642 1224 1674 aliis
1245 1644 1377 1682 causis,
1408 1650 1443 1674 ut
1478 1644 1506 1674 si
1543 1644 1691 1675 medicus
1722 1646 1912 1691 pronuntiet
1943 1646 2054 1677 vinum
2078 1657 2146 1678 non

1119 1674 1125 1734 Ι
1148 1688 1313 1728 prodesse
1336 1685 1501 1718 laboranti
1526 1686 1633 1725 febre,
1657 1689 1823 1729 prodesse
1846 1696 1955 1720 autem
1976 1691 2146 1731 potionem

1119 1745 1124 1760 ι
1148 1741 1189 1761 ex
1215 1730 1372 1761 Cicltorio
1397 1739 1430 1761 et
1454 1731 1646 1773 absynthio.
1685 1731 1723 1762 Et
1749 1743 1823 1763 cum
1849 1734 2075 1774 pronuntiavit
2095 1733 2144 1766 lu·

1148 1774 1224 1812 dex,
1252 1773 1321 1806 vult
1344 1785 1419 1806 eum
1445 1773 1539 1806 Deus
1564 1785 1642 1806 esse
1667 1777 1841 1807 custodem
1863 1788 1998 1808 suarum
2024 1788 2144 1809 rerum.

1149 1818 1197 1849 lta
1221 1829 1287 1849 non
1313 1816 1372 1849 suit
1402 1819 1524 1849 iustum
1550 1829 1674 1861 eogere
1698 1819 1833 1851 Nabotb
1864 1821 1906 1851 ad
1935 1821 2145 1852 vendendam

1147 1867 1204 1893 aut
1228 1862 1419 1893 donandam
1443 1863 1512 1904 regi
1537 1863 1678 1900 vineam,
1705 1869 1737 1894 et
1757 1874 1947 1906 quanquam
1979 1865 2145 1906 stipendia

1148 1906 1312 1937 debentur
1328 1905 1475 1947 Regibus
1501 1912 1532 1937 et
1547 1905 1774 1948 Principibus:
1802 1913 1909 1938 tamen
1932 1909 2009 1950 quia
2029 1909 2144 1940 distin-

1148 1950 1212 1980 ctio
1248 1950 1467 1981 dominiorum
1503 1956 1556 1982 est
1579 1951 1658 1981 ioris
1682 1951 1801 1989 divini,
1825 1952 1933 1983 sciant
1964 1951 2075 1994 Reges
2110 1958 2145 1984 et

1148 1993 1322 2035 Principes
1347 2004 1384 2025 se
1410 2004 1476 2024 nou
1501 1993 1625 2025 habere
1650 1994 1809 2026 infinitam
1843 2001 2062 2036 potestatem,
2092 2006 2143 2027 ra-

1147 2038 1257 2078 piendi
1282 2048 1321 2068 ex
1354 2038 1451 2068 bonis
1486 2039 1696 2069 subditorum
1733 2045 1892 2079 quantum
1918 2038 2051 2077 volunt,
2087 2045 2144 2071 aut

1147 2091 1209 2111 eos
1234 2082 1367 2112 omnino
1394 2083 1581 2113 excutiendi
1606 2093 1647 2113 ex
1674 2082 1780 2113 honis.
1811 2082 1927 2113 S‹·iant
1947 2093 1985 2114 se
2009 2093 2143 2126 quoque

1146 2125 1320 2156 subiectos
1339 2135 1418 2156 esse
1446 2125 1521 2156 huic
1546 2132 1745 2167 praecepto:
1777 2125 1852 2157 Non
1877 2124 2000 2158 furtum
2024 2126 2142 2166 facies,

1146 2169 1233 2199 sieut
1258 2168 1310 2199 his
1325 2169 1539 2210 Praeceptis:
1552 2169 1626 2201 Non
1641 2170 1795 2207 occides,
1808 2170 1883 2201 Non
1898 2170 2140 2203 moechaberis.

1232 2264 1403 2296 Pertinent
1430 2265 1471 2295 ad
1503 2263 1568 2295 hoc
1592 2272 1808 2307 praeceptum
1840 2264 1961 2297 multae
1984 2266 2138 2306 virtutes,

1142 2307 1269 2339 lustitia
1294 2307 1520 2350 particularis,
1544 2320 1630 2350 quae
1654 2316 1723 2348 est,
1758 2320 1820 2340 nee
1844 2308 1978 2348 fraude,
2009 2320 2071 2341 nec
2096 2311 2140 2349 vi,

1143 2362 1198 2382 res
1222 2362 1309 2393 quae
1332 2360 1408 2383 sunt
1430 2351 1571 2384 aliorum
1599 2352 1732 2384 auferre
1757 2359 1789 2384 et
1818 2360 1942 2384 tenere.
1989 2354 2041 2385 Ac
2070 2365 2138 2386 una

1141 2394 1368 2437 appellatione
1393 2396 1558 2437 scriptura
1584 2398 1730 2428 nominat
1750 2396 1853 2434 sures,
1878 2407 1996 2427 omnes
2011 2396 2137 2429 violan-

1144 2445 1194 2470 tes
1219 2439 1306 2471 hane
1330 2440 1497 2470 iustitiam.
1544 2441 1611 2470 sed
1637 2440 1667 2471 in
1688 2439 1762 2471 foro
1788 2439 1902 2482 plures
1926 2446 2003 2471 sunt
2022 2440 2135 2483 appel-

1142 2481 1303 2521 lationes,
1327 2484 1404 2525 quia
1429 2482 1493 2514 alia
1517 2483 1640 2515 delicta
1672 2483 1747 2515 aliis
1771 2485 1937 2516 atrociora
1964 2492 2060 2523 sunt,
2088 2484 2138 2517 fu-

1143 2537 1210 2565 res,
1236 2534 1467 2569 grassatores,
1493 2535 1664 2568 raptores,
1689 2530 1849 2565 usurarii,
1877 2526 2070 2567 stelliones,
2093 2529 2137 2560 ad

1142 2581 1227 2612 quos
1264 2569 1452 2602 referantur
1486 2572 1596 2613 ignavi
1622 2572 1779 2606 mendici..
1814 2573 1867 2614 qui
1893 2571 2066 2604 laboribus
2090 2573 2136 2604 vi—

1142 2620 1230 2646 ctum
1249 2625 1370 2655 parare
1393 2622 1543 2656 possent.
1578 2615 1663 2646 Sunt
1688 2622 1720 2647 et
1737 2616 1867 2656 septimi
1887 2617 2059 2658 praecepti
2073 2617 2135 2648 vir—
