2383 2990
150 140 213 173 637

238 236 354 268 Redeo
377 235 422 268 ad
445 236 616 277 sapientes
638 234 729 274 illos,
754 245 897 277 quorum
920 232 1022 276 aliqui
1047 235 1146 266 simu-

148 280 269 313 lantes-
294 279 512 322 religionem,
546 286 726 322 postquam
756 279 869 311 vident
899 279 1066 310 absurdas
1090 288 1146 309 su-

147 325 364 367 perstitiones
412 324 624 366 superiorum
665 329 851 365 temporum
886 322 1043 353 excusari
1078 332 1145 353 non

146 378 264 411 posse,
286 367 462 410 adfingunt
482 368 599 399 ritibus
625 373 657 398 et
680 367 826 398 decretis
849 364 1022 398 molliores
1047 365 1144 396 inter-

146 413 366 455 pretationes,
390 417 426 443 ut
448 419 541 443 recte
565 410 739 443 stabiliant
762 410 976 451 impietatem,
1008 419 1145 441 conser-

146 457 233 488 vatis
259 456 376 487 ritibus
401 466 442 487 ac
466 455 596 487 vitiosis
621 455 778 486 decretis.
846 453 938 484 'salis
973 459 1026 484 est
1060 452 1146 484 liber

147 501 257 532 editus
281 498 457 538 Coloniae,
493 497 588 531 titulo
612 497 930 533 Refot·mationis.’²‘)
977 497 1089 529 Audio
1113 503 1144 528 et
1169 523 1173 543 ἱ

146 543 375 576 Contarenum
411 542 625 574 Cardia-alem
659 543 693 573 in
731 539 825 572 ltalia
868 541 982 572 dicere
1018 539 1143 579 solere,

144 586 360 619 Lutheranos
400 586 514 618 facere
554 587 704 618 iniuriam
748 584 908 616 Romanis
944 586 1144 626 proceribus

146 642 222 664 cum
246 631 443 662 adscribant
465 629 534 661 illis
559 636 670 661 errata
691 628 900 670 plebeiorum
930 629 1145 669 scriptorum,

143 681 182 708 ut
205 674 452 717 Legendarum‚
476 673 592 705 Dormi
617 683 749 711 secure,
773 679 806 704 et.
829 672 995 704 similium.
1053 672 1143 703 Nun-

144 729 245 761 quam
269 719 318 749 sic
342 719 497 749 sensisse
522 717 694 749 Romanos
718 726 894 758 proceres,
920 722 977 747 aut
1001 717 1143 758 ineptias

143 761 222 794 illas
246 763 424 804 probasse.
471 761 519 793 lta
543 772 632 792 nunc
656 771 676 792 a
699 771 738 791 se
757 761 909 791 derivant
933 767 1056 791 errata.
1091 759 1143 790 Ae

143 807 217 838 scio
241 806 365 847 ubique
391 805 538 848 gentium
562 803 725 845 plurimos
750 814 842 841 esse,
877 804 932 845 qui
957 802 1022 834 hoc
1052 814 1142 835 novo
1169 835 1172 843 ,

144 849 288 882 artificio
311 849 443 881 laudem
478 848 663 890 singularis
698 848 885 889 sapientia-3
921 854 1143 888 aucupantur,

144 894 200 935 qui
224 895 365 935 primum
389 903 429 924 eo
453 893 566 923 iniusti
593 898 689 930 sunt,
727 893 816 934 quod
842 902 916 922 cum
939 890 1100 932 pleraque
1124 901 1144 922 a
1169 898 1173 931 ζ

144 937 244 968 nobis
280 942 434 968 correcta
469 946 510 967 ex
534 937 661 967 nostris
687 934 780 966 libris
804 941 1004 972 mutuentur,
1030 942 1061 965 et
1086 946 1142 965 no-

146 980 226 1012 stris
260 989 299 1011 se
324 980 443 1021 pennis
469 986 599 1018 ornent,
634 985 670 1011 ut
703 978 817 1011 fucum
840 979 981 1010 incautis
1006 979 1142 1016 saciant,

143 1030 254 1056 tamen
279 1024 377 1055 nobis
402 1023 514 1065 iniqua
540 1022 686 1065 δίδακτρα
711 1024 865 1061 reddunt,
886 1023 960 1053 Non
977 1024 1063 1053 enim
1087 1024 1143 1053 dc-

144 1068 258 1099 sinunt
281 1068 313 1099 in
337 1077 400 1098 nos
420 1078 581 1098 exercere
594 1066 837 1105 crudelitatem,
863 1067 983 1097 deinde
997 1076 1062 1097 non
1087 1078 1142 1097 eo-

144 1111 251 1154 gitant
273 1110 360 1142 hanc
384 1121 505 1142 novam
530 1111 757 1152 sophisticam
780 1110 852 1142 iore
864 1116 1047 1142 extremam
1070 1121 1144 1152 per·

143 1155 263 1187 niciem
288 1165 388 1187 verae
411 1153 595 1197 religionis.

232 1242 268 1273 Si
302 1243 444 1283 ingeniis
486 1240 766 1284 petulantioribus
812 1241 891 1273 lieet
937 1242 1144 1273 comminisci

145 1284 283 1329 glossas
308 1296 370 1317 suo
394 1287 545 1324 arbitrio,
570 1286 647 1328 quid
672 1285 818 1317 futurum
843 1286 918 1318 est?
965 1285 1145 1316 Manifesta

145 1336 198 1362 est
220 1329 413 1362 idololatria
449 1331 481 1362 in
517 1329 608 1362 cultu
641 1330 856 1367 Sanctorum,
882 1329 915 1360 in
942 1330 1056 1361 Missis
1081 1340 1143 1371 pro

144 1374 297 1405 mortuis.
346 1373 387 1404 Et
412 1379 523 1417 tamen
548 1372 688 1415 glossae
702 1372 911 1415 affinguntur
934 1374 974 1405 ad
1001 1375 1144 1404 retinen-

145 1418 208 1449 dos
232 1418 316 1449 ritus
335 1427 396 1458 per
420 1427 497 1448 sese
523 1418 674 1448 vitiosos.
723 1417 770 1448 lta
796 1416 894 1458 paulo
920 1424 997 1460 post
1022 1418 1144 1449 tin-tas-

144 1462 192 1492 sis
216 1460 403 1504 Aegyptias
428 1462 685 1503 superstitiones
711 1462 932 1492 excusabunt.
980 1462 1075 1492 Absit
1102 1463 1143 1492 ab

143 1504 300 1536 Ecclesia
324 1505 408 1536 haec
432 1505 528 1547 impia
553 1512 584 1536 et
609 1505 799 1546 perniciosa
824 1504 1035 1546 Sophisttca,
1059 1516 1144 1546 quae

145 1555 197 1581 est
221 1549 420 1590 protestatio
445 1550 614 1580 contraria
639 1549 740 1581 santo.
787 1547 904 1580 fultus·
925 1561 989 1580 non
1015 1550 1143 1580 institu-

145 1598 200 1625 tus
237 1603 401 1634 expresso
433 1591 497 1624 Dei
534 1594 656 1631 verbo,
690 1604 752 1634 per
785 1603 865 1624 sese
900 1595 1042 1625 vitiosus
1078 1599 1143 1631 est,

145 1637 275 1669 etiamsi
289 1636 434 1678 affingas
448 1647 683 1678 quamcunque
696 1635 791 1668 voles
806 1635 970 1679 glossam,
995 1643 1028 1668 ut
1051 1638 1145 1668 invo-

145 1681 232 1714 catio
256 1681 461 1712 Sanctorum
485 1690 546 1721 per
570 1691 649 1711 sese
673 1681 793 1712 vitiosa
818 1686 879 1718 est,
904 1681 981 1722 quia
1006 1691 1072 1711 non
1093 1687 1145 1711 est

145 1725 297 1757 instituta
332 1725 504 1762 divinitus,
541 1725 660 1755 deinde
685 1730 716 1755 et
741 1725 784 1755 ob
809 1724 896 1755 hanc
923 1735 1060 1755 (eausam
1085 1735 1145 1766 per

146 1778 185 1800 se
208 1768 330 1799 vitiosa
355 1774 418 1806 est,
442 1768 519 1809 quia
539 1768 594 1799 hic
614 1769 686 1809 ipse
711 1778 795 1806 mos,
821 1769 950 1798 etiamsi
976 1769 1144 1799 divers-mn

146 1812 289 1853 cogites,
326 1812 440 1843 tribuit
475 1811 610 1844 Sanctis
647 1811 810 1844 honorem
851 1811 926 1842 Deo
962 1813 1144 1854 proprium,

146 1856 238 1898 quod
257 1865 374 1887 omnes
398 1855 546 1887 audiant.

234 1945 377 1977 Possem
413 1943 567 1986 exempla
602 1943 707 1975 multa
731 1944 893 1981 recitare,
929 1944 990 1974 sed
1015 1943 1144 1981 desino,

145 2000 187 2022 ac
219 1990 295 2031 pios
329 1988 509 2027 adhortor,
544 1993 581 2020 ut
610 1989 706 2019 istam
731 1986 891 2019 nefariam
917 1986 1144 2029 Sophistitzam

145 2039 357 2065 execrentur.
424 2032 592 2064 Ezechias
635 2043 701 2063 non
746 2031 855 2063 solum
892 2032 1144 2073 superstitiosas

146 2078 321 2119 opiniones
358 2077 399 2108 de
435 2087 542 2108 aeneo
577 2081 735 2117 serpente
754 2076 919 2113 correxit,
954 2075 1014 2106 sed
1038 2076 1144 2116 ipsam

147 2127 291 2153 statuam
315 2119 448 2151 delevit.
494 2120 544 2151 Itu
566 2120 674 2161 pietas
699 2125 752 2152 est
777 2130 850 2151 cum
875 2120 984 2161 impiis
1016 2119 1144 2160 opinio-

146 2166 245 2197 nibus
281 2164 364 2195 ritus
399 2163 495 2206 ipsos
531 2164 691 2201 abiicere,
727 2164 784 2205 qui„
819 2174 884 2195 uon
910 2170 986 2195 sunt
1011 2164 1145 2203 proprie

146 2218 259 2241 mores
283 2207 418 2250 politici.
465 2207 560 2238 Sicut
583 2209 750 2248 scriptura
773 2208 937 2248 praecipit:
972 2205 1065 2238 ldola
1089 2207 1144 2237 de—

148 2253 242 2284 strui.
274 2254 329 2283 Sic
348 2252 412 2293 ipsi
436 2251 517 2283 ritus
531 2251 736 2293 privatarum
756 2251 949 2289 missarum,
975 2251 1146 2282 invocatio

148 2296 362 2334 Sanctorum,
387 2294 553 2327 Votorum
578 2295 783 2333 observatio,
807 2295 1017 2326 Monastious
1048 2294 1147 2325 vesti-

147 2346 214 2379 tus,
239 2339 397 2373 Sodalitia
420 2339 618 2377 monastica,
642 2337 823 2370 Vinculum
847 2337 1046 2376 coelibatus,
1069 2338 1147 2369 Dis-

150 2385 287 2417 crimina
323 2384 494 2422 eiborum,
529 2388 563 2414 et
597 2381 724 2414 similes
759 2383 859 2425 inepti
883 2383 966 2414 ritus
985 2393 1006 2415 a
1029 2393 1146 2426 super-

149 2428 341 2460 stitionibus
365 2427 440 2466 orti,
463 2425 627 2458 tollantur
650 2432 683 2458 et
701 2425 913 2460 aboleantur.

176 2616 407 2653 ⁸)l-1unclibrum
433 2619 577 2650 composuit
602 2619 635 2645 10.
656 2619 812 2650 Gropperus.
869 2619 941 2645 Cont’.
970 2619 1148 2646 seckendorfii

222 2656 360 2681 comment.
380 2654 412 2681 de
432 2654 631 2682 Lutheranismo
650 2654 668 2681 l.
687 2655 727 2680 ΙΙΙ.
746 2661 771 2686 p.
793 2654 843 2681 137
862 2661 918 2687 sqq.

597 139 655 171 vt.
680 138 741 171 DE
765 138 984 171 ECCLESlA
1006 137 1063 170 ΕΤ
1084 137 1148 170 DE
1167 137 1455 170 AUTORITATE
1479 137 1616 169 VERBI
1640 136 1728 169 DEl.

1172 243 1177 298 1

1169 301 1175 520 i

1168 545 1173 683 Ξ

1168 695 1172 795 t

1168 848 1172 1026 ἒ

1168 1034 1173 1163 ἰ

2134 139 2200 173 638

1289 234 1357 266 Sed
1380 234 1459 276 quid
1483 234 1639 276 disputo?
1662 233 1724 274 llli,
1749 234 1803 276 qui
1827 233 1892 267 hac
1909 234 2104 276 Sophistica
2127 237 2199 278 pin-

1201 284 1282 320 gunt
1308 279 1447 310 vitiosos
1471 279 1567 317 ritus,
1591 289 1657 310 non
1682 278 1747 310 hoc
1770 288 1849 309 vere
1873 285 1996 320 agunt,
2020 285 2055 311 ut
2079 279 2200 312 tollant

1200 333 1334 353 errores
1358 333 1399 354 ex
1423 321 1594 361 Ecclesia,
1630 324 1689 354 sed
1715 329 1745 354 ut
1771 321 1998 365 qualicunque
2021 330 2200 364 praetextu

1201 365 1381 398 defendant
1406 377 1500 397 suam
1524 368 1745 404 autoritatem,
1781 371 1814 398 et
1849 374 1921 398 arte
1945 366 2118 399 stabiliant
2140 368 2200 399 im-

1200 411 1366 451 pietatem.
1392 409 1504 441 Facile
1528 412 1615 441 enim
1640 410 1845 452 repullulant
1868 421 1994 452 pravae
2007 412 2199 452 opiniones,

1198 455 1227 485 si
1251 455 1334 485 ritus
1354 455 1416 495 ipsi
1442 460 1608 486 maneant.
1655 455 1808 486 Necesse
1844 462 1896 485 est
1919 455 1994 496 pios
2018 454 2199 498 vigilantes

1198 508 1286 528 esse.
1332 498 1416 528 Nam
1452 496 1617 529 Diabolus
1653 505 1827 541 oppugnat
1855 497 2097 541 Evangelium‚
2130 510 2199 531 non

1198 547 1323 572 tantum
1348 540 1458 582 palam
1479 542 1620 572 incitans
1643 542 1820 584 Tyr-annos
1844 543 1886 573 ad
1914 544 2101 582 saevitiam,
2138 543 2199 575 sed

1198 586 1295 616 etiam
1324 584 1444 615 callide
1477 586 1614 616 insidias
1640 592 1774 617 struens
1803 592 1977 627 praetextu
2001 587 2198 628 sapientiae,

1198 635 1229 659 et
1254 628 1431 659 offundens
1456 627 1564 659 bellas
1587 631 1840 669 persuasiones,
1865 631 1908 662 de
1932 630 2052 672 quibus
2077 641 2198 662 caven-

1198 673 1248 703 dis
1268 673 1367 703 toties
1391 673 1551 713 praecipit
1577 674 1719 714 Spiritus
1745 681 1896 712 sanctus,
1920 681 1954 705 ut
1978 673 2200 707 adTimothe-

1197 727 1251 747 um
1276 717 1378 758 inquit
1406 715 1543 754 Paulus,
1566 724 1729 748 venturos
1753 719 1890 758 spiritus
1914 718 2128 759 impostores.
2153 718 2197 750 Et

1196 761 1239 791 ad
1263 760 1490 791 colossenses
1526 760 1583 797 ait,
1620 762 1818 792 traditiones
1854 761 2018 793 humanas
2050 762 2198 804 speciem

1197 805 1380 845 sapientiae
1414 803 1589 835 habituras
1624 814 1712 836 esse.
1769 806 1844 836 Non
1870 812 1997 836 tantum
2020 804 2200 838 manifesta

1197 847 1416 879 deliramenta
1442 854 1655 890 spargentur,
1680 848 1791 890 qualia
1810 849 1941 880 luerunt
1965 847 2125 890 pleraque
2144 860 2199 882 ve-

1197 898 1270 923 tera
1296 904 1313 921 ‹-
1354 892 1520 929 recentia,
1555 898 1591 923 ut
1615 892 1716 933 paulo
1741 899 1819 923 ante
1844 892 2041 924 manifestae
2065 892 2199 925 fuerunt

1198 937 1400 976 imposturae
1425 934 1716 977 indulgentiarum,
1740 937 1800 967 sed
1825 937 1922 967 etiam
1944 937 2095 968 homines
2109 944 2200 968 astu-

1197 980 1219 1010 ti
1240 978 1325 1010 salsa
1346 980 1505 1019 <logmata
1530 985 1561 1010 et
1584 980 1704 1021 impios
1737 981 1819 1011 ritus
1844 981 2025 1011 artificiose,
2050 982 2199 1023 pingent,

1197 1029 1230 1054 ut
1268 1034 1389 1064 magno
1425 1034 1501 1054 cum
1536 1022 1700 1064 adplausu
1736 1025 1964 1065 excipiantur,
1987 1030 2140 1056 amemur
2159 1035 2200 1057 ac

1197 1068 1413 1098 retineantur.
1461 1066 1514 1097 An
1540 1077 1605 1099 non
1631 1068 1730 1099 habet
1754 1069 1939 1109 sapientiae
1963 1069 2110 1110 speciem
2140 1069 2197 1100 im-

1198 1112 1302 1152 pietas
1317 1111 1553 1142 smnosaeeni‘e
1576 1111 1628 1142 An
1655 1122 1720 1142 non
1742 1118 1791 1143 est
1819 1111 2005 1153 plausibilis
2030 1123 2125 1144 error
2138 1111 2199 1144 Pe-

1198 1154 1275 1197 lagii
1301 1154 1484 1196 prophanis
1509 1156 1673 1197 ingeniis?
1719 1156 1764 1187 lta
1789 1156 1911 1187 liabent
1944 1156 2027 1187 haec
2051 1157 2200 1198 speciem

1198 1200 1393 1240 sapientiae,
1410 1198 1550 1229 Prodest
1575 1200 1617 1230 ad
1641 1210 1756 1241 pat-em
1783 1207 1813 1230 et
1839 1199 2123 1241 tranquillitatem,
2149 1211 2200 1231 re-

1199 1244 1303 1274 tinerev
1328 1248 1471 1274 usitatos
1494 1254 1626 1281 mores,
1663 1245 1886 1285 decerpantur
1911 1244 2011 1286 igitur
2034 1244 2200 1275 horridio-

1199 1298 1253 1318 res
1278 1287 1464 1328 opiniones,
1499 1292 1531 1317 et
1554 1286 1759 1328 affinguntur
1792 1289 2083 1328 interpretationes
2108 1288 2200 1329 εὔφη-

1197 1331 1333 1372 (aliqua,
1369 1331 1452 1362 ritus
1488 1331 1550 1372 ipsi
1584 1332 1800 1369 retineantur,
1836 1331 2018 1373 splendide
2042 1332 2108 1363 hoc
2133 1333 2197 1363 dici

1199 1376 1341 1412 xioetur,
1366 1386 1442 1406 eum
1465 1374 1567 1417 longe
1591 1374 1679 1407 aliud
1700 1382 1829 1417 agatur.

1287 1462 1358 1493 liae
1382 1461 1631 1504 sycophantiae
1666 1462 1875 1503 significatae
1905 1469 1979 1494 sunt
2005 1464 2037 1495 in
2061 1461 2199 1495 historia

1200 1507 1241 1537 de
1264 1506 1414 1544 Christo,
1437 1517 1535 1548 quem
1560 1518 1633 1537 eum
1660 1506 1778 1538 oeulos
1804 1508 1875 1538 eius
1899 1506 2082 1545 velassent,
2102 1508 2198 1550 eique

1199 1549 1363 1592 colaphos
1398 1551 1615 1593 impegissent
1641 1549 1776 1582 lictores
1801 1552 1992 1589 irridentes,
2027 1553 2197 1583 iusserunt

1200 1595 1384 1632 vaticinari,
1409 1605 1429 1625 a
1449 1605 1514 1636 quo
1538 1606 1725 1635 percussus
1750 1602 1852 1627 esset.
1897 1596 1954 1626 Sic
1978 1601 2197 1626 excusatores

1199 1639 1250 1669 isti
1287 1639 1459 1679 impiorum
1496 1639 1615 1670 rituum
1652 1638 1794 1670 ludibrio
1825 1638 1947 1670 habent
1973 1638 2142 1670 Christum
2166 1645 2198 1670 et

1199 1681 1398 1713 Ecclesiam.
1446 1682 1630 1724 Postquam
1665 1682 1828 1714 insulsum
1865 1682 1999 1725 aliquod
2025 1682 2198 1724 glossema

1199 1727 1452 1767 excogitarunt,
1487 1732 1605 1768 putant
1628 1738 1665 1757 se
1689 1727 1752 1758 iam
1778 1728 2036 1768 praestrinxisse
2062 1726 2197 1758 Christo

1199 1769 1335 1807 oeulos,
1360 1770 1480 1801 deinde
1504 1771 1628 1801 addunt
1655 1770 1838 1812 colaphos,
1867 1771 1930 1801 hoc
1955 1778 2025 1808 est,
2050 1771 2197 1812 impietae

1198 1821 1262 1845 tem
1288 1812 1479 1852 stabiliunt,
1511 1815 1666 1845 incedunt
1691 1815 1800 1857 Reges
1826 1815 1867 1845 ad
1891 1813 2132 1853 crudelitatem,
2158 1825 2199 1847 ac

1197 1857 1400 1899 Triumphus
1430 1864 1550 1900 agunt,
1575 1860 1671 1900 quasi
1696 1859 1759 1889 iam
1785 1870 1924 1899 prorsus
1950 1859 2090 1890 delerint
2114 1859 2200 1889 veri·

1198 1908 1309 1933 tatem.
1337 1902 1401 1943 ipsi
1425 1901 1578 1943 plausum
1601 1904 1632 1933 in
1658 1914 1720 1934 suo
1744 1902 1890 1934 'rheam-0
1914 1901 2081 1938 auferunt,
2102 1912 2199 1944 prae-

1198 1946 1354 1977 dicantur
1378 1956 1397 1977 a
1420 1945 1529 1985 malis,
1553 1954 1705 1978 amantur
1729 1958 1748 1977 a
1773 1946 1933 1988 Regibus,
1960 1957 2101 1983 quorum
2125 1956 2196 1977 ser·-

1198 1991 1289 2021 viunt
1315 1990 1562 2031 cupiditatibus.
1609 1991 1675 2021 Sed
1699 1993 1846 2022 orandus
1872 1997 1924 2022 est
1944 1987 2054 2029 Deus,
2073 1997 2109 2022 ut.
2130 1990 2197 2022 hoc

1198 2044 1306 2076 genus
1329 2033 1619 2076 Sycophantarum
1642 2035 1810 2076 reprimat.

1285 2121 1457 2153 Nicander
1480 2122 1525 2152 ait.
1549 2132 1657 2163 genus
1681 2132 1759 2153 esse
1782 2122 2000 2164 Serpentum,
2030 2121 2119 2163 quod
2144 2131 2202 2162 ap-

1198 2164 1301 2206 pellat
1327 2165 1632 2204 Haemorrhoidas,
1668 2172 1743 2198 sunt
1775 2172 1884 2197 autem
1909 2167 2052 2208 exiguae
2077 2166 2201 2196 bestio-

1199 2208 1270 2248 lae,
1306 2210 1404 2241 unius
1428 2207 1634 2250 longitudine
1657 2210 1771 2251 pedis,
1807 2211 1868 2241 seii
1893 2210 2012 2241 veneni
2037 2215 2129 2240 tanta
2148 2209 2201 2240 vis

1200 2259 1264 2293 est,
1297 2258 1335 2284 ut
1368 2253 1411 2284 ab
1441 2251 1507 2284 illis
1538 2253 1604 2284 icto
1640 2254 1744 2284 sudor
1769 2261 1919 2295 erumpat
1945 2259 2105 2285 cruentus
2129 2258 2200 2284 toto

1201 2307 1357 2339 corpore,
1381 2301 1419 2329 ut
1445 2306 1487 2328 ex
1512 2307 1583 2336 ore,
1606 2298 1763 2336 naribus,
1795 2299 1910 2329 vesica
1933 2296 2030 2339 large
2055 2296 2201 2338 profluat

1201 2341 1352 2384 sanguis
1375 2345 1411 2372 ut
1434 2342 1638 2372 sanoutneas
1662 2340 1833 2383 lacrymas
1857 2340 2008 2373 extillent
2034 2339 2140 2378 oculi,
2164 2345 2202 2372 ut

1201 2386 1316 2417 ardeat
1339 2385 1526 2416 incredibii
1549 2385 1807 2416 inflammatione
1830 2391 1936 2416 totum
1961 2394 2097 2426 corpus.
2132 2383 2201 2415 Hu-

1199 2429 1252 2460 ius
1288 2429 1420 2472 generis
1455 2429 1564 2460 bestia
1589 2439 1663 2460 cum
1686 2430 1719 2460 in
1743 2429 1901 2471 Aegypto
1926 2433 2085 2460 necasset
2109 2427 2198 2459 Nau-

1201 2472 1327 2506 clerum
1351 2470 1514 2514 Helenae,
1547 2472 1693 2504 Heroica
1715 2471 1834 2504 mulier
1857 2472 1942 2513 pede
1965 2471 2054 2503 illam
2078 2471 2201 2503 contri—

1200 2518 1264 2557 vit,
1304 2517 1396 2549 unde
1435 2521 1467 2548 et
1512 2517 1695 2558 posteritas
1737 2515 2039 2548 Haemorrhoidum
2082 2515 2201 2547 dicitur

1202 2560 1395 2593 claudicare
1437 2561 1561 2592 amissa
1596 2562 1703 2602 spina.
1770 2560 1878 2592 Porro
1914 2565 2054 2592 eventus
2090 2565 2201 2591 osten-

1202 2605 1247 2636 dit
1269 2604 1357 2637 hanc
1379 2614 1503 2636 novam
1526 2604 1754 2647 Sophisticam
1783 2604 2110 2646 interpretandarum
2132 2608 2200 2634 tra-

1201 2649 1374 2688 ditionum,
1396 2657 1563 2681 venenum
1587 2659 1666 2681 esse
1687 2659 1757 2681 non
1780 2646 1943 2681 dissimile
1963 2646 2201 2680 Haemrorhoi-
