2383 2990
134 154 200 188 Q
696 152 783 185 VIII.
807 151 1029 185 DEFENSIO
1050 152 1254 185 CONIUGII
1278 151 1598 185 SACERDOTUM.
2113 156 2178 189 690

134 255 218 288 rent,
242 259 309 292 quo
332 248 442 281 minus
465 246 564 280 aulici
589 248 751 280 ducerent
773 258 909 281 uxores.
958 248 1125 284 Quorsum
1179 250 1300 287 catior,
1336 259 1435 290 quem
1468 249 1563 281 Deus
1592 249 1740 293 flagitet,
1776 257 1811 282 ut
1841 251 1940 293 digne
1970 252 2175 302 sacrificent.

134 299 187 326 est
205 302 290 335 opus
318 292 544 333 disputatione
567 292 610 324 de
632 290 816 335 religione,
851 292 892 324 de
915 292 1060 330 iustitia,
1097 292 1125 323 si
1178 292 1229 323 Ac
1262 292 1464 324 sacrificium
1500 292 1598 331 illud,
1633 304 1695 326 seu
1728 293 1909 336 applicatio
1941 294 2087 334 Missae,
2122 303 2176 328 est

134 337 212 376 hoc,
233 337 326 379 quod
348 337 381 368 in
403 334 593 379 Tragoedia
616 341 680 374 est,
704 336 800 378 sequi
824 334 958 368 volunt:
1179 336 1306 367 abusus
1326 335 1562 369 idololatr-icus
1579 344 1611 369 et
1636 338 1770 369 omnino
1794 337 1973 381 fugiendus
1993 345 2024 370 et
2038 338 2176 371 abolen-

1180 379 1253 411 dus.
1300 378 1414 415 Quare
1447 386 1561 413 votum
1584 382 1713 413 irritum
1736 388 1800 420 est,
1825 383 1915 424 quod
1939 382 2054 425 fingit,
2077 382 2178 415 coeli-

501 422 684 461 Saacatas,
705 423 826 464 pietas,
849 422 941 464 fides,
1180 423 1294 454 batum
1317 433 1395 454 esse
1420 422 1546 456 cultum
1570 424 1786 467 singularem,
1810 432 1846 457 ut
1869 426 1952 464 dixi,
1975 432 2010 458 et
2032 426 2068 458 fit
2100 438 2178 468 pro-

222 467 366 500 Privata
389 467 473 498 bona
495 470 581 505 sunt,
605 477 669 508 qua
691 467 793 504 iuvat,
820 466 924 507 Reyes
947 470 1032 498 eant.
1180 472 1254 506 pter
1277 464 1489 499 idololatrian
1523 469 1701 500 sacrificia.
1748 468 1840 501 Haec
1871 475 1922 501 est
1951 469 2047 501 firma
2077 470 2174 509 ratio,

1180 519 1266 551 quae
1289 510 1453 549 ostendit,
1490 511 1562 542 sine
1585 511 1652 544 ulla
1676 512 1882 544 dubitatione
1905 513 1971 545 hoc
1994 522 2109 545 votum
2132 514 2176 545 ir-

222 554 295 585 Nos
319 564 388 586 non
412 554 454 585 de
477 552 596 585 aulicis
619 551 818 585 utilitatibus
841 552 896 584 hic
909 553 1128 594 disputamus,
1181 553 1276 584 ritum
1301 563 1389 585 esse.
1435 553 1554 595 Fugite
1576 554 1813 594 Idololatriam,
1836 557 1942 598 inquit
1966 556 2103 589 Paulus.
2139 557 2176 589 Id

136 598 195 629 sed
221 598 263 629 de
288 596 463 629 voluntate
487 596 563 635 Dei,
587 597 628 628 de
653 596 869 628 emendandis
893 597 1042 627 moribus
1067 595 1129 627 Ec·
1180 603 1397 638 praeceptum
1420 599 1563 630 omnium
1587 609 1750 631 summum
1773 606 1840 631 est:
1864 600 1978 636 Quare
2002 611 2064 632 nec
2086 608 2176 639 vota,

134 640 276 681 clesiae,
301 642 343 672 de
367 641 527 672 sanandis
550 641 681 681 piorum
705 640 939 677 conscientiis,
962 646 997 671 ut
1021 638 1128 671 Deum
1181 649 1243 671 nec
1266 638 1334 671 ulla
1363 640 1497 672 w'ncula
1521 641 1650 679 valent,
1686 649 1718 674 ut
1756 650 1872 674 contra
1895 644 1927 675 id
1957 651 2175 686 praeceptum

133 685 294 717 invocare
325 691 355 715 et
387 690 478 716 recte
509 683 621 715 colere
651 684 793 724 possint.
839 683 923 714 Nam
947 693 1041 714 mens
1066 682 1129 713 sibi
1183 681 1358 715 faciamus.
1383 683 1540 715 Iurabant
1567 691 1598 716 et
1618 684 1797 717 Eleusiniis
1822 687 1949 725 initiati,
1974 698 2011 719 se
2026 698 2174 719 ceremo-

133 727 222 760 male
258 729 410 767 conscia,
452 737 538 770 quae
571 726 671 758 habet
707 727 915 768 propositum
958 726 1130 768 peccandi,
1180 727 1254 758 nias
1279 727 1350 758 eius
1374 726 1522 759 foederis
1546 736 1743 760 servaturos
1769 740 1860 761 esse:
1907 731 1970 762 Sed
2006 732 2039 763 id
2073 732 2175 763 iusiu-

138 770 249 814 qualis
273 781 351 803 esse
375 770 460 802 solet
486 772 518 802 in
543 771 786 802 scortatoribus
812 776 844 801 et
867 769 1039 808 adulteris,
1063 779 1129 800 non
1180 771 1321 801 randum
1345 780 1420 802 cum
1444 772 1627 803 contineret
1651 772 1894 811 idololatriam,
1918 774 2022 805 fuisse
2048 775 2175 806 irritum

137 821 251 856 potest
275 816 434 847 invocare
458 813 585 852 Deum;
615 820 671 845 aut
695 819 875 854 expectare
898 824 917 844 a
941 813 1015 845 Deo
1040 813 1130 844 auxi-
1182 812 1282 845 facile
1305 813 1445 857 intelligi
1469 822 1592 856 potest.
1640 814 1796 847 Similiter
1821 818 1862 848 tle
1885 817 2034 849 horribili
2049 817 2174 850 Missae

137 857 236 897 lium,
265 864 299 890 ut
325 858 426 900 inquit
453 857 610 889 Ioannes:
646 858 678 890 Si
703 868 762 889 cor
785 864 937 888 nostrum
961 867 1027 888 non
1053 866 1131 887 con·
1183 858 1291 889 abusu
1315 864 1347 889 et
1372 859 1532 890 connexis
1547 860 1745 891 ceremoniis
1770 860 1984 892 iudicandum
1997 867 2063 893 est:
2089 862 2175 893 Nam

138 903 273 934 demnat
298 912 373 940 nos,
396 901 552 933 fiduciam
576 900 739 933 habemus
765 911 847 938 erga
872 899 991 932 Deum.
1037 899 1130 938 Item,
1182 900 1360 942 adplicatio
1374 901 1513 940 Missae,
1536 913 1604 934 non
1628 910 1679 934 est
1704 904 1825 944 exigua
1848 910 1903 935 aut
1928 903 2013 936 levis
2033 904 2177 946 propha-

136 945 341 978 Peccatores
371 944 466 976 Deus
500 955 567 976 non
602 944 747 976 exaudit.
805 944 938 975 Debent
973 944 1072 985 igitur
1100 948 1131 974 et
1182 945 1273 976 natio
1299 955 1424 976 coenae
1447 944 1595 984 Domini,
1618 953 1654 978 ut
1677 957 1738 979 suo
1763 946 1841 979 loco
1855 948 1994 979 dicetur.
2041 949 2098 980 Sin
2120 959 2176 980 au-

136 988 311 1030 Principes
347 994 378 1020 et
401 988 560 1030 Episcopi
592 987 711 1019 tollere
745 989 884 1019 iniustas
909 986 1019 1029 leges,
1045 996 1131 1028 quae
1183 994 1248 1019 tem
1273 995 1352 1019 vota
1378 988 1459 1020 fiunt
1484 991 1609 1021 ventris
1634 1000 1753 1029 causa,
1779 992 1862 1023 haec
1894 990 2084 1034 hypocrisis
2109 1003 2176 1024 non

138 1038 215 1064 sunt
239 1031 350 1063 sontes
385 1031 568 1070 scelerum,
600 1038 631 1062 et
655 1029 802 1062 avellunt
839 1038 966 1062 mentes
1000 1041 1020 1062 a
1043 1030 1129 1062 Deo.
1154 1046 1160 1073 3
1183 1032 1292 1064 minus
1312 1032 1510 1064 detestanda
1533 1039 1595 1065 est.

136 1075 213 1108 Non
237 1076 423 1107 existiment
447 1086 484 1107 se
508 1074 626 1106 leviter
650 1074 820 1106 offendere
840 1074 960 1113 Deum,
985 1085 1059 1105 cum
1083 1074 1130 1105 in-

136 1119 223 1150 iusta
258 1117 393 1151 vincula
418 1120 634 1151 conscientiis
659 1119 823 1156 iniiciunt,
858 1120 943 1150 sicut
975 1117 1130 1149 Christus
1272 1117 1467 1158 Postremo,
1510 1130 1584 1151 cum
1620 1119 1744 1152 Paulus
1780 1129 1877 1153 vocet
1918 1121 2178 1164 prohibitionem

135 1163 257 1204 inquit:
283 1162 356 1193 Vae
379 1163 495 1200 nobis,
531 1163 585 1203 qui
606 1161 722 1193 claves
748 1162 885 1200 tenetis,
910 1172 973 1193 nec
996 1162 1059 1202 ipsi
1082 1162 1130 1192 in·
1183 1162 1327 1203 coniugii
1353 1163 1537 1194 doctrinam
1550 1163 1823 1204 Daemoniorutn,
1847 1166 1946 1197 etiam
1971 1165 2035 1198 hoc
2060 1167 2178 1198 vincu-

136 1206 231 1237 tratis
251 1206 283 1237 in
307 1215 447 1247 regumn
472 1204 654 1243 coelorum,
680 1212 711 1236 et
736 1203 822 1236 alios
846 1206 981 1237 arcetis.
1183 1203 1249 1236 lum
1284 1206 1368 1243 voti,
1404 1217 1469 1248 quo
1500 1207 1572 1238 sine
1602 1207 1792 1240 discrimine
1823 1210 1975 1240 omnibus
2007 1210 2178 1241 initiandis

1154 1259 1159 1305 Ι
1183 1248 1381 1289 prohibetur
1406 1251 1608 1292 coniugium,
1634 1258 1684 1282 est
1710 1258 1818 1283 ortum
1843 1251 2031 1284 aDiabolo.
2064 1253 2179 1290 Quare

1183 1292 1310 1324 irritum
1324 1300 1437 1324 votum
1462 1294 1614 1332 ducatur,
1640 1296 1835 1335 praesertim
1861 1307 1935 1328 cum
1960 1303 2090 1329 constet
2111 1304 2178 1329 tam

1154 1312 1159 1376 l
1184 1334 1286 1367 multa
1309 1336 1388 1367 vitia
1420 1338 1532 1368 inesse
1562 1336 1640 1369 huic
1664 1345 1754 1370 voto.
1800 1339 1874 1371 Non
1906 1339 1940 1371 fit
1966 1347 2105 1382 sponte,
2141 1340 2177 1372 fit

506 1398 512 1405 .
694 1397 702 1405 .
775 1398 782 1405 .
1183 1384 1218 1410 ut
1242 1380 1283 1410 sit
1298 1378 1406 1411 cultus
1420 1379 1615 1423 singularis,
1635 1381 1669 1413 fit
1693 1388 1727 1413 ut
1752 1382 1954 1421 sacrificent,
1979 1391 2034 1416 aut
2049 1384 2084 1416 fit
2098 1395 2178 1416 ven-

435 1397 587 1448 Qumt'a
622 1396 821 1439 Oblecth.
1183 1422 1243 1496 {liis
1268 1433 1382 1474 causa,
1417 1430 1456 1499 eg
1486 1424 1521 1455 tit
1545 1425 1587 1456 ab
1612 1426 1765 1500 omnibuis
1800 1427 1855 1469 qui
1884 1427 2070 1503 insuantur,
2104 1429 2177 1460 sine

1207 1476 1383 1498 tscrinnne.
1447 1479 1514 1499 sum
1544 1469 1644 1500 iwitur
1673 1470 1715 1500 sit
1739 1472 1890 1502 ‹octrina
1938 1472 2165 1504 aemoniorum

223 1506 351 1540 Paulus
375 1509 541 1549 vituperat
565 1507 703 1546 viduas,
727 1517 813 1549 quae
834 1506 941 1540 electe
965 1516 998 1540 ut
1024 1509 1129 1540 serw'-
1183 1516 1214 1540 et
1234 1510 1361 1542 irritum
1385 1516 1420 1542 et.
1438 1493 1670 1545 detestei’ndum
1695 1519 1755 1544 est.
2168 1495 2178 1511 ⁹

135 1556 210 1583 rent
228 1550 406 1588 Ecclesiis,
430 1551 534 1582 veteri
548 1550 683 1582 Iudaico
707 1561 812 1589 more,
836 1562 910 1583 cum
935 1552 975 1584 de
994 1552 1129 1594 publico

135 1594 318 1633 alerentur,
342 1600 460 1635 postea
483 1595 686 1635 appetebant
709 1595 853 1636 nuptias.
899 1595 996 1627 Hunc
1020 1594 1130 1627 locum

135 1637 228 1670 multi
259 1638 514 1670 accommodant
547 1638 591 1668 ad
627 1644 757 1676 votum,
791 1638 869 1681 quia
903 1639 947 1670 ibi
976 1640 1130 1671 dicuntur

134 1683 274 1724 primam
306 1680 404 1713 fidem
427 1682 552 1712 irritam
576 1680 720 1719 fecisse,
756 1682 845 1723 quoti
868 1682 1129 1724 interpretantur

134 1724 236 1767 aliqui
261 1725 303 1756 de
326 1723 507 1757 violatione
530 1725 610 1755 voti.
646 1723 722 1755 Non
754 1725 968 1766 respondebo
992 1725 1129 1758 callide:

135 1768 248 1800 Prima
272 1767 357 1800 fides
381 1778 449 1800 non
474 1768 515 1799 de
539 1773 636 1806 voto,
662 1768 723 1799 sed
747 1768 788 1799 de
813 1768 878 1799 tide
900 1769 932 1800 in
958 1768 1129 1802 Christum

136 1809 357 1853 intelligenda
381 1819 444 1850 est,
467 1818 502 1843 ut
525 1809 698 1853 aliquanto
722 1812 877 1853 superius
902 1811 1064 1855 loquitur:
1096 1815 1128 1846 Si

1270 1596 1439 1629 Hactenus
1464 1596 1587 1641 collegi
1613 1609 1671 1637 ea,
1706 1610 1793 1642 quae
1823 1601 1855 1632 in
1886 1600 1951 1633 hac
1976 1612 2079 1634 causa
2099 1609 2177 1635 sunt

1181 1641 1379 1682 praecipua:
1415 1641 1512 1673 Nunc
1543 1644 1751 1675 obtestamur
1781 1654 1897 1676 omnes
1932 1647 2176 1688 gubernatores

1183 1690 1318 1725 propter
1341 1683 1482 1727 gloriam
1507 1685 1588 1725 Dei,
1613 1686 1697 1719 haec
1721 1687 1786 1721 duo
1811 1694 1845 1719 ut
1868 1689 1931 1730 piis
1955 1690 2074 1721 animis
2098 1700 2177 1722 con-

1182 1727 1342 1766 siderent,
1356 1727 1522 1768 videlicet,
1535 1730 1625 1772 quod
1639 1730 1764 1763 Paulus
1778 1732 1893 1774 inquit,
1915 1731 2176 1766 prohibitionem

1183 1771 1326 1802 coniuwii
1350 1782 1426 1803 ess·
1451 1773 1638 1805 doctrinam
1657 1773 1931 1807 Daemoniorum.
1967 1776 2061 1815 Item,
2085 1778 2176 1819 quod

1180 1796 1303 1846 Daniel
1326 1816 1495 1858 significat
1524 1818 1694 1859 propriam
1716 1818 1914 1851 Antichristi
1945 1826 2059 1852 notam
2090 1821 2175 1860 sore,

136 1865 202 1897 qua
225 1864 320 1893 suos,
343 1860 375 1887 et
399 1855 540 1886 maxime
563 1855 769 1886 domesticos
793 1865 858 1886 non
884 1862 995 1893 curat,
1030 1857 1128 1889 tidem
1182 1858 1328 1900 coniugii
1352 1866 1565 1892 contemtum.
1622 1860 1728 1894 Multa
1752 1869 1864 1894 autem
1886 1862 1950 1895 hae
1975 1865 2097 1896 breves
2117 1865 2175 1897 ad-

135 1899 328 1940 abnegavit,
352 1904 384 1930 et
408 1903 461 1930 est
483 1897 608 1929 infideli
632 1899 788 1930 deterior.
835 1898 1013 1941 vituperat
1040 1901 1128 1937 enim
1182 1902 1381 1934 monitiones
1406 1902 1690 1945 complectuntur:
1716 1905 1751 1938 Si
1776 1907 1881 1938 oritur
1905 1905 1989 1940 haec
2013 1909 2175 1949 supersti-

135 1940 262 1974 Paulus
289 1940 505 1974 mulierculas
528 1941 624 1980 illas,
659 1942 750 1984 quod
774 1952 849 1974 cum
871 1945 963 1984 prius
987 1944 1020 1975 in
1051 1954 1126 1987 ege·
1182 1946 1227 1976 tio
1251 1945 1444 1985 aDiabolo,
1469 1957 1509 1978 ac
1534 1947 1723 1981 defenditur
1747 1955 1779 1981 et
1802 1957 2008 1993 propagatur
2023 1953 2066 1984 ab
2080 1952 2174 1983 Anti—

135 1991 222 2017 state
234 1983 375 2017 fuissent
389 1985 574 2024 modestae,
594 1991 626 2017 et
638 1984 779 2017 fideliter
792 1987 990 2026 servissent,
1009 1994 1129 2030 postea
1183 1987 1320 2027 christo,
1343 2000 1486 2022 necesse
1511 1997 1562 2023 est
1585 2002 1658 2024 eam
1683 1992 1818 2025 trahere
1841 1995 2009 2037 ingentem
2033 1996 2174 2028 ruinam.

135 2034 270 2071 sumptu
298 2027 435 2071 publico
463 2027 570 2067 altae,
602 2029 775 2071 coeperint
811 2030 974 2071 impudice
1004 2032 1128 2065 vivere,
1182 2031 1314 2068 Quanta
1345 2034 1377 2064 in
1400 2034 1592 2067 universum
1623 2035 1814 2079 corruptela
1844 2049 1973 2070 morum
1997 2046 2049 2071 est
2073 2038 2174 2072 coeli-

135 2078 169 2104 et
197 2071 370 2114 negligere
400 2070 562 2104 officium:
600 2071 741 2113 Propter
775 2073 838 2104 hos
867 2072 975 2104 malos
1005 2085 1129 2114 mores,
1153 2088 1159 2112 ι
1183 2076 1304 2108 batus?
1349 2075 1425 2109 Alia
1448 2079 1535 2110 enim
1559 2080 1637 2111 vitia
1660 2091 1702 2112 ex
1725 2079 1797 2112 aliis
1822 2082 1982 2114 oriuntur.
2029 2082 2174 2115 Maxima

134 2115 256 2158 inquit,
292 2125 351 2147 eas
375 2115 474 2147 fidem
497 2116 635 2157 primam
658 2117 786 2148 irritam
809 2115 941 2155 facere,
976 2117 1042 2150 hoc
1067 2125 1129 2157 est,
1152 2116 1158 2161 Ι
1180 2130 1260 2160 pars
1283 2118 1392 2161 palam
1422 2121 1592 2164 inquinata
1623 2129 1674 2155 est
1699 2126 1905 2157 scortatione
1928 2133 1960 2158 et
1980 2125 2172 2159 adulteriis:

137 2164 297 2191 excutere
331 2158 446 2198 fidem,
484 2169 551 2201 qua
581 2166 681 2191 antea
705 2159 884 2201 placebant
918 2160 1010 2192 Deo:
1044 2162 1129 2194 Nam
1181 2162 1276 2194 Haec
1321 2162 1471 2196 efficiunt
1507 2172 1635 2198 mentes
1676 2167 1872 2210 prophanas
1907 2176 1939 2201 et
1973 2170 2172 2213 Epicureas,

135 2213 217 2234 vera
242 2202 327 2234 fides
351 2203 528 2240 excutitur,
553 2213 627 2234 cum
652 2204 859 2236 conscientia
883 2203 1051 2246 polluitur.
1181 2207 1269 2238 sicut
1292 2206 1415 2240 Paulus
1439 2209 1483 2239 ad
1507 2209 1676 2251 Ephesios
1701 2219 1831 2251 monet,
1856 2211 2011 2246 libidines
2036 2225 2173 2247 causam

1182 2260 1260 2282 esse
1283 2250 1436 2293 Epicurei
1461 2260 1648 2286 contemtus
1671 2254 1746 2287 Dei.
1794 2256 1877 2292 Quis
1897 2268 1964 2288 non
1988 2258 2173 2290 detestetur

222 2288 354 2321 Deinde
389 2290 417 2320 si
442 2289 645 2320 contendent
681 2290 723 2321 de
745 2297 825 2322 voto
861 2290 914 2322 hic
946 2292 1028 2330 diei,
1064 2293 1128 2334 ipsi
1180 2292 1389 2326 manifestam
1411 2297 1645 2337 turpitudinem
1670 2309 1798 2331 morum
1828 2301 1861 2331 in
1885 2300 2038 2343 collegiis
2062 2300 2172 2334 Cano-

134 2331 236 2365 multo
260 2338 406 2376 ‘gravius
431 2333 612 2364 accusandi
636 2339 725 2370 sunt,
759 2334 849 2376 quod
873 2334 1025 2377 obligant
1049 2342 1128 2368 voto
1180 2338 1329 2370 nieorum
1353 2338 1386 2370 iu
1409 2345 1478 2371 tota
1502 2339 1660 2383 Europa?
1705 2342 1747 2374 Et
1770 2350 1880 2375 tamen
1904 2343 1991 2376 hanc
2011 2351 2172 2386 superant

133 2377 285 2415 iuvenes,
320 2386 386 2408 non
411 2386 523 2415 seneS,
558 2382 593 2408 ut
613 2376 667 2407 hic
686 2376 783 2409 locus
797 2379 917 2410 aetatis
928 2379 1128 2411 mentionem
1180 2380 1366 2424 flagitiosae
1400 2381 1556 2415 libidines
1588 2385 1680 2416 urbis
1704 2385 1843 2418 Romae.
1890 2387 2089 2430 Quanquam
2113 2399 2171 2421 au-

133 2418 225 2452 facit.
272 2419 413 2452 Adhaec
443 2421 472 2451 si
502 2430 569 2462 qua
598 2418 742 2452 fuissent
771 2422 885 2463 primis
920 2424 1126 2463 temporibus
1180 2431 1246 2456 tem
1269 2435 1400 2468 semper
1419 2429 1517 2468 pauci
1539 2426 1643 2470 aliqui
1666 2428 1809 2469 fuerunt,
1835 2431 1890 2473 qui
1909 2442 2100 2475 repugnare
2113 2433 2171 2464 im-

134 2469 213 2495 vota
237 2463 391 2505 publica,
425 2462 568 2495 fuissent
591 2464 664 2496 sine
686 2465 943 2506 superstitione,
980 2465 1127 2510 obligas·
1180 2467 1350 2501 becillitati
1384 2476 1524 2502 naturae
1558 2473 1669 2504 conati
1703 2480 1799 2513 sunt,
1841 2481 1951 2506 tamen
1991 2475 2171 2509 multorum

134 2512 210 2539 sent
244 2517 282 2539 se
317 2506 475 2539 mulieres
509 2502 587 2539 illae
621 2507 663 2539 ad
699 2509 913 2541 serviendum
939 2508 1125 2542 Ecclesiae.
1179 2513 1403 2545 conscientiae
1438 2515 1587 2556 graviter
1616 2517 1787 2549 sauciatae
1817 2524 1913 2556 sunt,
1948 2526 1981 2550 et
2016 2518 2170 2562 deplora-

134 2551 178 2582 At
201 2557 282 2583 vota
305 2551 526 2583 Sacerdotum
549 2558 580 2582 et
594 2550 838 2584 Monachorum
861 2554 1019 2593 recentia,
1043 2553 1127 2586 fiunt
1177 2562 1255 2588 runt
1277 2556 1390 2597 lapsus
1410 2567 1493 2589 suos
1516 2557 1608 2591 multi
1627 2560 1705 2592 boni
1729 2561 1801 2593 viri.
1837 2561 1904 2594 Iam
1928 2562 1994 2594 hoc
2017 2570 2169 2606 tempore

133 2604 208 2626 cum
231 2595 337 2636 impiis
359 2595 635 2637 persuasionibus
658 2594 825 2637 plurimis,
855 2597 1001 2629 sentiunt
1025 2596 1126 2630 coeli·
1178 2610 1253 2632 cum
1276 2600 1471 2632 Antichristi
1495 2613 1635 2645 regnum
1658 2611 1885 2647 oppugnatur,
1903 2608 2070 2640 accedunt
2093 2619 2168 2650 par-

133 2638 246 2671 batum
269 2649 351 2671 esse
373 2637 498 2671 cultum
522 2637 739 2682 singularem,
763 2649 830 2682 quo
854 2639 950 2672 Deus
974 2640 1032 2673 fiat
1054 2640 1125 2684 pla·
1177 2643 1310 2683 ricidia,
1342 2643 1586 2678 interficiuntur
1608 2647 1742 2680 honesti
1766 2648 1993 2691 Sacerdotes,
2029 2657 2169 2694 propter

288 2708 437 2729 ΚΕΙΔΗἸἯ.
452 2708 536 2730 01’138.
552 2709 616 2729 VOL.
631 2709 717 2730 xxux.
1958 2714 1993 2737 44
