2383 2990
144 136 187 168 19
776 134 891 165 PHtL.
914 133 1018 166 MEL.
1043 133 1232 167 SCRIPTA
1249 133 1530 167 DOGMATICA.
2121 136 2166 168 20

140 230 173 261 in
195 229 259 260 hac
281 230 360 268 vita,
384 229 509 261 Paulus
529 229 675 260 nominat
696 229 951 270 imputationem·
966 229 1121 269 iustitiae,

140 271 457 311 reconciliationem,
481 283 545 315 qua
557 279 694 314 propter
706 272 923 304 Mediatorem
935 274 1121 315 recipimur.

259 438 359 488 Quis
392 444 454 478 est,
485 452 580 479 usus
611 438 784 480 nominis
818 437 1009 480 Gratiae?

223 545 340 578 Gratia
366 546 454 586 apud
477 544 617 577 Paulum
640 547 672 578 in
695 546 759 579 hac
784 547 936 589 doctrina
958 547 1123 590 significat
1148 543 1150 578 !

136 589 268 621 Ebraea
302 589 418 633 phrasi
453 590 712 621 misericordiam
747 591 933 632 gratuitam,
968 591 1123 623 videlicet

137 633 366 664 remissionem
397 639 611 673 peccatorum
641 639 673 664 et
707 633 1027 673 reconciliationem,
1061 646 1122 666 seu

137 676 400 717 acceptationem
420 677 595 717 gratuitam
620 683 756 718 propter
778 676 895 708 Filium
919 677 1000 716 Dei,
1036 688 1121 720 quae

137 730 211 751 cum
231 718 295 749 fide
320 719 489 759 accipitur,
513 718 610 751 simul
633 720 734 751 Filius
749 720 810 751 Dci
834 720 981 752 vivificat
1005 722 1120 759 corda,

136 768 168 793 et
190 772 250 803 per
273 761 492 804 Evangelium
517 763 595 793 dicit
619 762 880 794 consolationem
904 765 936 794 in
957 765 1070 801 corde,
1089 771 1122 795 et

135 805 424 846 accenditSpiritu
439 812 556 836 sancto
580 805 664 837 tales
688 813 809 844 motus,
833 805 940 848 qualis
964 808 1036 849 ipse
1060 813 1120 838 est.

136 848 192 879 Sic
212 849 358 879 nominat
373 847 496 880 Paulus
520 850 671 892 gratiam,
690 856 722 881 et
742 850 864 881 donum
886 860 946 891 per
970 851 1120 893 gratiam,

133 897 169 923 ut
191 901 292 934 supra
316 892 435 923 dictum
455 898 516 924 est.

278 1057 377 1108 Quis
410 1064 472 1098 est
503 1073 597 1098 usus
630 1058 802 1098 nominis
834 1059 865 1099 F
868 1059 974 1099 idei?

221 1174 321 1205 Fides
353 1182 404 1214 est
428 1175 579 1207 assentiri
604 1175 691 1206 omni
715 1177 819 1207 verbo
844 1175 907 1207 Dei
931 1176 1029 1207 nobis
1053 1182 1118 1207 tra·
1144 1177 1146 1182 ‘

134 1218 213 1256 dito,
246 1225 345 1259 atque
374 1219 420 1249 ita
452 1219 664 1259 promissioni
689 1220 827 1260 gratiae,
864 1226 895 1250 et
924 1225 975 1250 est
999 1219 1119 1250 fiducia

134 1262 351 1302 acquiescens
385 1262 416 1292 in
447 1261 520 1292 Deo
556 1268 694 1303 propter
727 1261 844 1299 filimn,
879 1263 1045 1293 accedens
1076 1264 1118 1294 ad

133 1303 253 1342 Deum,
288 1311 318 1335 et
340 1305 500 1335 invocans
525 1315 609 1342 eum,
646 1312 678 1336 et
714 1304 861 1336 clamans
892 1306 990 1336 Abba
1013 1312 1119 1347 pater,

1147 234 1149 294 1
1175 228 1280 261 codis
1315 235 1378 260 etc.
1447 228 1540 260 Haec
1564 229 1682 259 notitia
1711 229 1744 260 in
1767 227 1921 260 Diabolis
1944 230 1977 260 in
2003 229 2165 263 infinitum

1175 273 1394 304 discernenda
1413 277 1465 303 est
1487 273 1529 303 ab
1553 271 1618 302 hac
1642 271 1717 310 fide,
1753 273 1794 303 de
1816 283 1883 313 qua.
1905 273 2036 304 dicitur:
2072 273 2164 304 lusti-

1148 304 1149 326 *
1174 315 1263 349 ficati
1286 316 1351 346 fide
1374 325 1489 356 pacem
1512 315 1687 353 habemus
1712 325 1797 356 quae
1814 322 1865 346 est
1887 316 2043 346 assentiri
2061 317 2164 348 omni-

1175 360 1237 390 bus
1261 358 1412 390 articulis
1436 357 1606 400 Symboli,
1630 364 1662 389 et
1684 359 1915 399 promissioni,
1941 365 1974 390 et
2004 370 2069 400 qua
2093 370 2164 391 cre-

1174 402 1237 439 dis,
1261 402 1319 432 tibi
1343 402 1406 443 ipsi
1429 402 1548 433 remitti
1572 408 1727 443 peccata,
1760 402 1854 435 cuius
1879 402 1955 432 tidei
1979 403 2163 443 proprieta-

1147 450 1150 479 Ι
1174 450 1225 476 tes
1249 444 1441 476 dulcissime
1465 446 1645 476 recitantur
1664 444 1788 485 Ephes.
1807 445 1838 476 3.
1863 455 1936 476 cum
1961 445 2077 486 inquit,
2100 456 2164 477 nos

1148 485 1150 535 i
1173 487 1238 519 hac
1262 488 1326 519 fide
1350 489 1475 519 habere
1493 488 1667 530 παῤῥησιάν
1691 495 1723 519 et
1747 488 1900 519 fiduciam
1916 489 2097 519 accedendi
2121 489 2165 520 ad

1174 530 1293 561 Deum.
1361 530 1444 562 Saul
1475 542 1660 572 oppressus
1690 532 1894 562 dubitatione
1923 531 2074 562 horribili
2098 530 2161 563 fre-

1174 575 1254 605 mitu
1273 572 1357 615 sugit
1380 574 1501 612 Deum,
1526 581 1618 615 optat
1641 585 1679 605 se
1702 575 1808 616 redigi
1833 575 1865 605 in
1888 573 2042 612 nihilum,
2077 575 2164 606 sicut

1148 622 1150 639 ἰ
1174 618 1335 658 scriptum
1364 624 1414 648 est
1441 617 1553 648 Lucae
1577 617 1629 648 23.
1692 617 1817 649 Dicent
1845 618 2029 651 montibus,
2055 618 2164 649 cadite

1148 667 1149 700 t
1173 670 1273 701 super
1296 671 1370 691 nos.
1434 660 1543 692 David
1567 667 1677 692 autem
1696 661 1807 692 audita
1832 659 2075 699 consolatione,
2100 661 2162 691 eri-

1148 706 1149 713 *
1173 704 1261 745 gitur
1274 703 1350 741 fide,
1375 703 1507 734 accedit
1525 704 1567 734 ad
1581 703 1701 741 Deum,
1727 711 1757 735 et
1782 705 1880 735 audet
1904 705 2073 742 invocare,
2098 704 2162 734 sic-

1147 749 1149 773 ἶ
1173 753 1208 778 ut
1231 747 1352 788 inquit:
1377 746 1541 778 Sustinuit
1563 749 1671 778 anima
1695 758 1768 778 inea
1792 748 1823 778 in
1852 748 1955 778 verbo
1979 748 2063 784 eius,
2087 757 2162 787 spe-

1147 795 1149 824 ]
1173 790 1258 820 ravit
1281 790 1390 821 anima
1413 800 1486 820 mea
1508 791 1540 820 in
1564 790 1720 827 Domino,
1747 802 1766 821 a
1790 789 1903 831 vigilia
1926 791 2083 820 matutina
2106 800 2162 820 us-

1173 843 1237 874 que
1262 833 1304 863 ad
1330 839 1471 864 noctem.
1517 833 1558 864 Et
1581 833 1646 864 hac
1670 834 1735 864 fide
1758 832 1854 864 simul
1879 834 1951 873 ipse
1974 832 2077 864 Filius
2096 832 2161 864 Dei

1146 890 1148 903 s
1171 876 1258 915 λόφος
1282 876 1359 906 (licit
1384 875 1649 907 consolationem
1673 877 1705 907 in
1731 878 1833 908 corde
1857 882 1929 913 tut),
1960 883 1992 907 et
2015 877 2162 907 viviticat

1146 916 1148 953 Ι
1172 924 1216 957 te,
1240 925 1272 949 et
1296 918 1440 949 extrahit
1464 926 1495 949 te
1520 930 1559 950 ex
1584 919 1718 957 inferis,
1742 930 1781 950 ac
1807 920 2162 952 ostendit‚n1i.3ericor-

1173 962 1258 992 diam
1285 962 1392 992 Patris
1418 972 1502 993 voce
1525 961 1718 1004 Evangelii,
1754 969 1785 994 et.
1809 963 1864 993 dat
1888 962 2046 1002 Spiritum
2082 972 2161 993 san-

1146 1017 1147 1033 ι
1172 1011 1260 1035 ctum
1284 1003 1519 1036 laetificantem
1543 1016 1617 1036 nos.
1665 1006 1742 1036 ldeo
1766 1006 1868 1047 inquit
1893 1004 2016 1036 Paulus
2035 1004 2160 1046 Ephes.

1171 1048 1201 1078 3.
1255 1047 1412 1078 Habitare
1450 1047 1617 1079 Christum
1648 1059 1709 1089 per
1736 1049 1834 1080 fidem
1863 1049 1895 1079 in
1921 1049 2078 1079 cordibus
2103 1058 2161 1079 no-

1171 1091 1260 1122 stris.
1322 1091 1349 1121 l.
1382 1090 1538 1122 Iohannis
1572 1092 1600 1122 4.
1654 1092 1688 1122 In
1715 1092 1780 1122 hoc
1815 1092 1960 1129 scimus,
1996 1091 2087 1133 qxod
2122 1092 2156 1122 in

1171 1144 1210 1164 eo
1237 1144 1419 1169 manemus,
1445 1141 1475 1164 et
1498 1135 1570 1174 ipse
1595 1135 1627 1165 in
1653 1136 1764 1173 nobis,
1794 1136 1871 1176 quia
1895 1145 1935 1165 ev,
1960 1136 2075 1175 spiritu
2097 1144 2160 1166 suo

1171 1177 1226 1207 dat
1246 1178 1352 1208 nobis.
1400 1176 1440 1207 Et
1471 1176 1679 1208 Athanasius
1710 1179 1828 1219 inquit:
1861 1178 2058 1219 Ubicunque
2083 1179 2159 1209 dici-

1144 1217 1224 1253 }tur
1259 1220 1401 1260 Spiritus
1437 1227 1574 1251 sanctus
1610 1221 1642 1251 in
1675 1219 1786 1262 aliquo
1823 1230 1916 1258 esse,
1951 1221 1996 1251 ibi
2025 1227 2077 1252 est
2100 1231 2161 1262 per

1144 1260 1147 1291 ὲ
1170 1262 1330 1294 Verbum.

136 1357 221 1389 quae
245 1348 386 1379 sentitur
405 1348 437 1378 in
461 1348 685 1385 credentibus
711 1354 743 1379 et
766 1349 796 1379 in
822 1350 909 1379 veris
939 1350 1119 1389 pavoribus
1145 1344 1147 1377 ἶ

133 1390 228 1421 affert
253 1390 517 1422 consolationem
537 1398 568 1422 etv
587 1391 762 1430 laetitiam,
796 1392 888 1423 iuxta
907 1393 1043 1424 dictum:
1070 1392 1119 1423 lu-

132 1434 265 1465 stiticati
287 1435 352 1465 fide
376 1445 492 1476 pacem
510 1434 682 1466 habemus.

223 1502 486 1544 Complectimur
519 1514 599 1545 ergo
642 1502 864 1545 appellatione
893 1503 970 1535 fidei
1003 1514 1120 1535 omnes

133 1544 292 1577 articulos
312 1546 421 1584 simul,
445 1554 477 1578 et
489 1547 677 1578 nominatim
691 1546 779 1578 hunc
792 1546 985 1578 articulum:
1011 1545 1120 1577 Credo
1147 1545 1149 1554 ¹

133 1590 363 1621 remissionem
383 1597 606 1631 peccatorum,
631 1597 663 1621 et
675 1592 774 1622 vitam
794 1596 975 1627 aeternam,
994 1591 1048 1632 qui
1072 1591 1121 1622 sic

134 1631 369 1674 intelligendus
394 1640 446 1665 est
467 1634 500 1664 in
523 1644 604 1665 vera
624 1634 859 1665 conversione:
885 1633 994 1664 Credo
1010 1634 1122 1665 remis-

136 1677 263 1707 sionem
286 1684 500 1717 peccatorum
524 1687 589 1707 non
614 1683 739 1708 tantum
762 1676 835 1707 aliis
859 1677 940 1715 dari,
965 1678 1025 1707 sed
1045 1676 1122 1707 mihi

136 1730 279 1760 quoque.
303 1719 356 1751 De
379 1719 443 1751 hac
467 1719 542 1757 fide,
568 1731 633 1761 qua
655 1721 717 1751 sibi
742 1721 970 1761 unusquisque
993 1724 1025 1751 in
1045 1731 1123 1751 eon-

136 1764 291 1794 versione
317 1770 348 1794 et
369 1761 599 1794 consolatione
624 1764 877 1804 promissionem
896 1762 1052 1804 applicat.
1074 1762 1122 1794 lo-

137 1806 248 1846 quitur
271 1805 396 1837 Paulus
420 1807 535 1838 Roma.
556 1807 587 1837 4.
635 1807 712 1837 lateo
733 1817 773 1837 ex
798 1807 863 1837 fide
882 1808 998 1848 gratis,
1023 1812 1057 1837 ut
1081 1808 1121 1838 sit

136 1848 231 1879 firma
259 1851 447 1890 promissio.
495 1849 676 1881 Promissio
707 1856 816 1880 autem
840 1856 871 1880 et
895 1857 1047 1881 caeteros
1071 1860 1120 1880 ar—

135 1891 254 1922 ticulos
274 1891 424 1934 Symboli
448 1894 604 1924 continet.
651 1893 742 1924 Haec
762 1892 861 1933 plana
892 1899 921 1923 et
947 1894 1123 1934 perspicua

137 1942 213 1966 sunt
236 1936 268 1966 in
292 1946 373 1967 vera
398 1935 627 1967 consolatione
651 1942 682 1967 et
705 1937 926 1967 invocatione.

222 2012 273 2043 Ac
292 2014 470 2045 discrimen
496 2014 644 2054 conspici
669 2023 808 2044 necesse
833 2019 899 2051 est,
931 2014 1016 2044 inter
1041 2013 1123 2044 noti-

137 2055 214 2086 tiam
237 2055 414 2095 historiae,
445 2056 553 2098 qualis
578 2063 629 2087 est
652 2058 683 2087 in
708 2056 862 2087 Diabolis·
887 2063 917 2087 et
941 2058 1066 2098 impiis,
1091 2063 1124 2088 et

137 2098 224 2130 hanc
249 2098 364 2139 fidem,
394 2111 479 2142 quae
503 2099 598 2131 simul
624 2106 655 2130 et
680 2099 851 2130 historiam
874 2101 984 2137 novit,
1019 2106 1050 2130 et
1073 2106 1124 2130 est

137 2152 316 2180 assensuS,
352 2154 417 2185 quo
445 2144 699 2185 promissionem
729 2143 855 2185 gratiae
883 2142 1123 2184 amplectimur,

139 2191 170 2215 et
194 2185 331 2223 fiducia,
356 2198 420 2228 qua
444 2192 667 2228 agnoscentes
692 2187 964 2227 promissionem,
993 2187 1122 2228 acquie-

139 2228 276 2266 scimus,
300 2236 331 2260 et
349 2229 510 2260 laetamur
533 2231 565 2260 in
588 2228 663 2260 Deo
686 2235 821 2270 propter
845 2228 972 2260 Filium.

226 2306 300 2337 Sint
324 2307 422 2349 igitur
445 2308 478 2338 in
503 2312 685 2348 conspectu
708 2306 791 2338 haec
815 2307 880 2338 duo
905 2307 1008 2338 dicta:
1035 2306 1123 2338 Dae-

139 2359 254 2380 mones
279 2351 416 2381 credunt
441 2356 473 2381 et
498 2351 770 2387 contremiscunt,
793 2352 826 2382 id
846 2356 913 2388 est,
933 2356 1056 2381 norunt
1075 2349 1124 2380 hi-

140 2393 293 2430 storiam,
319 2400 352 2424 et
375 2404 414 2424 eo
439 2392 596 2424 furiosius
620 2393 826 2431 irascuntur,
851 2394 927 2435 quia
952 2399 1042 2424 certo
1065 2403 1122 2424 no-

140 2440 231 2472 runt,
265 2435 381 2467 Filium
404 2436 466 2467 Dei
486 2438 704 2468 iudicaturum
728 2447 823 2474 esse,
849 2442 887 2467 ‘et
916 2437 1124 2478 prospiciunt

140 2487 221 2508 suas
244 2489 382 2519 poenae,
408 2481 527 2521 quibus
551 2480 582 2510 in
603 2485 672 2511 tota
703 2480 899 2511 aeternitate
929 2480 1124 2511 cruciabun-

140 2526 204 2551 tur.
273 2521 531 2554 Promissionem
565 2533 646 2554 vero
671 2522 805 2554 Gratiae
836 2523 946 2553 sciunt
968 2523 1009 2553 ad
1030 2522 1123 2553 solos

139 2563 290 2594 homines
313 2566 498 2606 pertinere,
533 2567 622 2597 iuxta
645 2567 785 2597 dictum:
820 2565 883 2601 Qui
906 2572 1042 2607 propter
1061 2576 1123 2596 nos

140 2605 306 2645 homines,
343 2614 375 2639 et
396 2615 530 2650 propter
552 2615 702 2641 nostram
725 2608 869 2641 salutem
893 2609 1064 2640 descendit
1083 2609 1124 2640 de

1257 1331 1377 1362 Differt
1396 1332 1496 1373 igitur
1525 1331 1626 1369 fides,
1663 1332 1704 1362 de
1727 1342 1793 1373 qua
1828 1331 1961 1362 dicitur:
1990 1331 2161 1363 iustificati

1171 1375 1235 1406 fide
1247 1386 1362 1416 pacem
1388 1375 1561 1412 habemus,
1585 1385 1604 1405 a
1624 1375 1750 1413 notitia,
1775 1374 1882 1416 qualis
1907 1382 1956 1405 est
1982 1375 2022 1415 in,
2039 1375 2161 1415 impiis,

1172 1419 1304 1449 obiecto
1334 1424 1366 1449 et
1397 1429 1500 1449 causa
1538 1416 1712 1448 efficiente.
1781 1419 1863 1452 Quia
1888 1428 1967 1448 vera
1990 1417 2088 1448 Fides
2113 1418 2161 1448 in-

1145 1480 1148 1496 .
1171 1467 1282 1492 tuetur
1304 1462 1569 1502 promissionem,
1589 1467 1621 1491 et
1644 1462 1838 1491 accenditur
1860 1471 1919 1502 per
1943 1459 2060 1491 Filium
2083 1460 2160 1498 Dei,

1147 1530 1149 1535 ,
1173 1505 1227 1546 qui
1242 1504 1365 1546 Spiritu
1385 1510 1501 1535 sancto
1526 1515 1585 1536 cor
1601 1503 1770 1542 laetificat,
1794 1510 1826 1535 et
1849 1505 1891 1535 ad
1915 1505 2160 1535 invocationem

1174 1554 1348 1579 exuscitat-

1298 1714 1518 1765 Quomodo
1556 1714 1701 1768 accipit
1739 1714 1863 1753 horno
1896 1714 2037 1753 remis—

1175 1775 1329 1816 sionem
1376 1782 1651 1829 peccatorum,
1698 1780 1740 1813 et
1784 1774 2162 1824 reconciliat-ionem,

1242 1851 1313 1877 seu
1359 1836 1685 1875 iustificationem
1735 1842 1776 1873 et
1824 1834 2086 1873 donationem

1271 1896 1441 1951 Spiritus
1473 1895 1599 1935 sancti
1633 1901 1675 1934 et
1706 1895 1814 1933 vitae
1848 1893 2063 1933 aeternae?

1264 2004 1478 2045 Respondeo.
1535 2002 1642 2033 Homo
1665 2003 1697 2032 in
1723 2002 1961 2039 conversione,
1984 2002 2016 2032 id
2041 2008 2104 2037 est,
2127 2002 2162 2033 in

1176 2049 1265 2078 reris
1301 2047 1473 2078 doloribus
1506 2051 1537 2076 et
1576 2047 1757 2086 pavoribus
1787 2045 1905 2085 accipit
1932 2046 2162 2076 remissionem

1175 2100 1407 2131 peccatorum,
1441 2094 1577 2130 propter
1596 2088 1811 2119 Mediatorem
1836 2088 1952 2118 Filium
1976 2087 2057 2125 Dei,
2091 2087 2161 2118 Do-

1176 2135 1297 2165 minum
1317 2140 1464 2164 nostrum
1479 2132 1586 2163 lesum
1600 2131 1779 2169 Christum,
1803 2130 1910 2162 Deum
1934 2137 1965 2161 et
1985 2130 2162 2168 hominem,

1147 2172 1150 2203 Ῑ
1177 2177 1300 2215 Gratis,
1320 2176 1396 2207 sola
1419 2176 1494 2213 fide,
1517 2185 1584 2206 non
1608 2182 1744 2216 propter
1767 2175 1932 2216 propriam
1957 2175 2162 2215 dignitatem,

1148 2207 1152 2272 Ι
1177 2231 1237 2251 seu
1260 2226 1396 2261 propter
1432 2220 1570 2249 virtutes
1607 2219 1778 2259 proprias,
1808 2224 1865 2248 aut
1896 2218 2029 2257 propria
2059 2227 2162 2258 opera

1177 2274 1238 2295 seu
1261 2264 1387 2294 merita.
1412 2261 1453 2292 Et
1476 2263 1507 2292 in
1532 2261 1583 2292 his
1607 2261 1787 2301 pavoribus
1812 2271 1944 2301 semper
1968 2261 2056 2290 sitin
2082 2270 2161 2291 con·

1149 2273 1293 2360 'spectu
1329 2306 1506 2337 discrimen
1541 2304 1643 2345 Legis
1679 2311 1710 2335 et
1744 2303 1931 2345 Evangelii,
1959 2310 1991 2334 et
2014 2304 2160 2334 sciamus

1149 2358 1346 2637 iactet-num
1377 2355 1408 2380 et
1443 2346 1643 2379 immutabile
1673 2348 1861 2378 mandatam
1900 2346 1963 2378 Dei
1997 2356 2090 2383 csse,
2125 2352 2162 2377 ut

1177 2394 1354 2424 credamus
1377 2402 1438 2423 nos
1459 2391 1560 2431 recipi
1580 2397 1715 2431 propter
1739 2390 1875 2428 Filium,
1910 2391 1998 2430 iuxta
2019 2390 2160 2420 dictum:

1179 2436 1264 2467 Vivo
1284 2447 1366 2478 ego,
1389 2435 1465 2466 dicit
1489 2433 1671 2472 Dominus,
1697 2433 1774 2465 nolo
1798 2440 1936 2464 mortem
1959 2432 2160 2473 peccatoris,

1177 2481 1237 2511 sed
1260 2486 1294 2511 ut
1319 2484 1532 2511 convertatur
1556 2483 1588 2508 et
1616 2479 1716 2517 vivat.
1773 2477 1871 2507 Item:
1902 2476 2015 2506 Gratia
2039 2476 2161 2506 cxi-ibe-

1176 2530 1227 2554 rat
1251 2533 1353 2563 supra
1377 2521 1544 2553 delictum.
1602 2519 1751 2562 Cumque
1776 2520 1931 2561 erigimur
1954 2519 2030 2556 fide,
2056 2525 2087 2549 et
2105 2529 2160 2549 ac—

1178 2567 1315 2607 cipimus
1346 2565 1573 2596 remissionem
1602 2571 1838 2604 peccatorum,
1872 2561 1959 2592 filius
1987 2561 2051 2592 Dei
2082 2571 2161 2592 vere

1178 2615 1229 2640 est
1262 2607 1394 2646 efficax,
1429 2614 1462 2639 et
1493 2617 1576 2639 voce
1598 2605 1774 2649 Evangelii
1798 2606 1877 2638 dicit
1895 2603 2161 2636 consolationem
