2383 2990
187 137 253 171 233
829 134 885 166 tv.
908 131 1170 165 ENARRATIO
1193 130 1397 165 SYMBOLI
1425 129 1587 163 NICENI.
2163 129 2228 161 234

188 239 338 266 autorem
360 232 402 263 ab
427 230 613 263 effectibus.
660 230 790 269 Omnia,
815 230 984 272 inquiens,
1002 227 1088 260 haec
1112 225 1182 259 effi-

189 277 234 309 cit
253 285 341 309 unus
365 280 398 307 et
420 275 508 306 idem
531 274 684 316 Spiritus.

275 344 405 376 Eodem
435 343 534 376 modo
564 342 713 385 loquitur
734 343 831 375 Rom.
854 342 886 374 8.
938 341 1015 382 lpse
1039 340 1182 382 Spiritus

188 390 245 422 dat
268 388 490 419 testimonium
514 387 644 429 spiritui
667 393 795 418 nostro.
827 386 1001 417 Discernit
1024 384 1079 416 hic
1103 395 1183 426 quo-

188 442 253 475 que
276 438 466 463 moventem
487 437 522 462 et
547 430 778 462 consolantem
792 429 950 471 Spiritum
974 434 1139 466 sanctum,
1163 438 1184 459 3

188 473 421 508 consolatione
444 485 510 516 qua
533 485 593 505 cor
616 474 754 516 erigitur
776 478 809 504 et
832 472 1030 504 vivificatur.

274 535 402 568 Eodem
426 535 526 567 modo
549 533 694 576 loquitur
716 533 749 564 2.
774 532 923 564 Corinth.
948 532 980 564 3.
1011 530 1184 564 Transfor-

187 589 317 611 mamur
350 585 507 621 tanquam
541 589 561 609 a
584 577 718 608 Domini
739 577 869 618 spiritu,
905 577 962 608 ubi
986 576 1084 607 etiam
1109 575 1185 606 effe—

188 629 318 655 ctorem
343 622 502 654 discernit
525 632 544 653 a
562 620 640 652 luce
662 621 695 651 in
718 621 818 652 nobis
843 627 976 658 creata,
1007 626 1040 651 ut
1066 619 1110 650 ibi
1134 620 1184 649 111-

212 667 270 705 uit,
293 666 326 697 id
350 672 420 704 est,
443 676 463 696 a
487 663 579 696 clara
605 670 637 695 et
661 663 758 695 firma
781 664 914 702 notitia,
938 664 970 694 id
994 669 1065 702 est,
1090 662 1185 694 firma

187 677 266 749 due,
291 715 323 741 et
344 709 568 741 invocatione.

276 778 319 811 Et
341 779 429 820 quod
444 778 586 819 Spiritus
610 783 750 808 sanctus
774 775 884 815 fuerit,
908 782 1087 818 antequam
1112 786 1184 806 car-

187 833 264 854 nem
299 822 404 854 induit
430 821 534 853 Filius
558 819 645 858 Dei,
679 821 857 862 perspicue
886 826 1027 852 testatur
1052 819 1184 858 Petrus,

189 876 266 898 cum
302 865 407 907 inquit
441 866 482 896 de
506 864 701 905 Prophetis:
737 863 881 906 Spiritus
906 863 1030 895 Christi
1065 863 1182 900 ineis,

187 909 385 951 praedicens
410 907 580 940 Christum
615 918 793 950 passurum
829 918 916 940 esse.
964 907 1027 939 Hic
1058 907 1184 938 diserte

187 953 379 984 nominatur
406 951 531 983 Christi
556 952 718 993 Spiritus,
754 952 809 994 qui
844 950 904 983 suit
938 952 969 982 111
994 950 1183 992 Prophetis.

187 995 314 1028 Eodem
345 996 446 1038 igitur
468 996 594 1036 Spiritu
617 1002 736 1027 sancto
760 1002 792 1026 et
816 994 934 1026 Patres
959 1001 991 1026 et
1015 993 1183 1036 Apostoli,

188 1044 219 1071 et
237 1040 282 1080 pii
306 1040 476 1081 deinceps,
496 1039 563 1071 hoc
587 1045 650 1077 est,
673 1049 790 1071 omnes
813 1037 911 1071 electi
931 1039 1085 1070 omnibus
1106 1045 1184 1069 tem-

187 1084 328 1126 poribus
353 1082 551 1114 sanctificati
574 1088 664 1115 sunt.

276 1143 379 1186 quue
412 1143 518 1175 multo
548 1142 712 1175 illustrius
736 1143 855 1174 docent
879 1143 984 1174 verba
1007 1141 1107 1173 Esaie
1130 1141 1183 1173 59.

187 1186 262 1219 Hoc
286 1186 405 1219 foedus
430 1198 539 1218 meum
564 1198 638 1218 cum
663 1187 723 1224 eis,
748 1187 824 1217 (licit
849 1186 1024 1222 Dominus,
1048 1187 1184 1227 spiritus

187 1241 284 1263 meus
308 1232 362 1273 qui
387 1236 438 1262 est
457 1232 489 1261 in
513 1236 558 1269 te,
582 1236 613 1261 et
637 1232 741 1262 verba
765 1240 837 1261 mea
861 1240 946 1272 quae
970 1230 1066 1271 posui
1082 1230 1184 1260 inore

188 1279 266 1313 tuo,
289 1284 357 1305 11011
381 1275 541 1305 recedent
565 1275 692 1308 abore
715 1279 787 1312 tuo,
811 1284 875 1305 nec
899 1275 940 1305 ab
966 1284 1024 1304 ore
1048 1273 1184 1303 seminis

188 1318 246 1355 tui,
277 1318 355 1349 dicit
389 1317 573 1356 Dominus,
608 1318 766 1357 deinceps
802 1323 834 1348 et
868 1318 899 1348 in
935 1317 1184 1358 sempiternum.

187 1359 338 1393 Eundem
364 1361 521 1401 Spiritum
545 1361 590 1392 ait
615 1371 693 1392 esse
716 1361 748 1390 in
772 1360 892 1398 Esaia,
916 1366 946 1391 et
972 1362 1002 1391 in
1028 1366 1098 1391 tota
1122 1359 1184 1390 Ec-

189 1403 307 1443 clesia,
330 1405 373 1435 ad
397 1414 527 1435 omnem
548 1404 788 1435 aeternitatem.
833 1403 909 1435 Non
934 1404 1033 1445 igitur
1056 1409 1183 1434 tantum

187 1453 267 1489 post
299 1448 579 1479 resurrectionem
610 1446 735 1478 Christi
764 1446 890 1479 effusus
915 1454 966 1479 051
992 1448 1021 1477 111
1046 1453 1185 1489 pectora

188 1492 414 1523 invocantium
449 1490 560 1522 Deum
583 1491 727 1533 Spiritus
762 1496 918 1529 sanctus,
955 1492 1016 1522 sed
1052 1500 1185 1532 semper

190 1535 306 1567 eodem
318 1535 445 1578 Spiritu
463 1541 596 1574 sancto,
620 1545 737 1567 omnes
761 1533 859 1566 electi
882 1535 1081 1566 sanctificati
1095 1540 1184 1566 sunt.

276 1613 329 1645 Ac
351 1612 450 1646 valde
472 1613 610 1655 prodest
623 1613 688 1644 1100
701 1611 822 1644 Esaiae
839 1613 964 1645 dictum
979 1614 1182 1652 meminisse,

188 1657 266 1699 quia
289 1655 519 1689 dulcissimam
542 1657 727 1688 doctrinam
742 1663 773 1688 et
792 1656 1057 1689 consolationem
1079 1658 1183 1688 conti-

187 1705 255 1733 net.
301 1700 468 1732 Adfirmat
501 1710 635 1741 semper
668 1710 860 1732 mansuram
895 1711 972 1732 esse
995 1700 1183 1732 Ecclesiam

187 1742 265 1782 Dei,
285 1749 318 1775 et
341 1745 438 1786 quasi
462 1744 565 1785 digito
590 1750 795 1782 monstrans,
830 1744 929 1775 docet
953 1745 1029 1786 quid
1054 1746 1098 1775 sit
1121 1744 1184 1775 Ec-

188 1785 307 1826 clesia,
333 1793 365 1818 et
387 1788 443 1818 ubi
468 1788 522 1826 sit,
557 1786 713 1818 videlicet
737 1788 792 1818 ubi
816 1794 914 1819 sonat
937 1799 1003 1820 vox
1027 1787 1184 1830 Evange-

187 1829 234 1869 lii,
259 1837 293 1862 et
315 1836 461 1863 testatur
485 1841 525 1863 ea
547 1840 633 1863 voce
656 1831 814 1872 Spiritum
838 1838 992 1863 sanctum
1012 1829 1184 1863 efficacem

187 1883 277 1906 esse.

274 1934 318 1966 Et
341 1934 445 1967 Zach.
464 1935 496 1967 7.
542 1934 658 1967 Verba
681 1945 768 1977 quae
791 1935 880 1967 misit
902 1934 1068 1966 Dominus
1092 1946 1185 1967 exer-

189 1978 312 2010 cituum
332 1979 364 2010 in
388 1979 512 2021 Spiritu
536 1985 668 2017 sanem,
691 1989 752 2020 per
775 1990 909 2011 manum
934 1978 1184 2021 prophetarum.

186 2021 262 2054 Hoc
285 2023 373 2054 (licto
396 2029 574 2064 utrumque
598 2022 810 2061 adfirmatur,
845 2028 877 2054 et
900 2024 1108 2065 gubernatus
1133 2033 1185 2055 es-

187 2075 227 2097 se
251 2066 374 2107 Spiritu
408 2072 527 2098 sancto
551 2066 758 2108 Prophetas,
794 2072 826 2098 et
856 2067 994 2098 verbum
1019 2066 1083 2098 Dei
1116 2077 1184 2098 non

188 2119 267 2141 esse
289 2110 422 2142 inanem
445 2110 602 2149 sonitum,
626 2111 686 2142 sed
711 2111 832 2142 adesse
846 2110 1004 2152 Spiritum
1018 2116 1183 2149 sanctum,

188 2159 221 2185 et
245 2163 286 2184 ea
308 2164 394 2185 voce
417 2164 554 2185 movere
578 2159 610 2185 et
633 2154 821 2186 accendere
844 2160 991 2192 mentes,
1016 2155 1105 2196 quod
1130 2153 1184 2184 fir-

187 2197 338 2229 missime
361 2198 574 2229 statuendum
598 2204 650 2229 est
674 2199 756 2240 piis,
780 2203 815 2229 ut
839 2198 948 2229 sciant
971 2208 1050 2229 vere
1074 2197 1184 2229 Deum

189 2239 365 2272 efficacem
388 2251 466 2272 esse
484 2251 546 2282 per
563 2252 682 2273 vocem
705 2252 789 2273 suae
813 2242 985 2274 doctrinae
999 2247 1029 2272 et
1042 2242 1183 2283 promis-

188 2284 295 2316 sionis
317 2284 350 2315 in
373 2285 540 2317 mentibus
563 2285 782 2325 credentium,
817 2292 850 2317 et
867 2286 1054 2317 accendere
1078 2284 1111 2316 in
1135 2286 1182 2316 eis

187 2326 311 2367 lucem,
335 2328 506 2367 iustitiam,
530 2334 563 2360 et
585 2329 687 2360 vitam
711 2335 899 2368 aeternam,
934 2335 971 2361 ut
993 2330 1024 2361 2.
1046 2327 1125 2360 Cor.
1149 2328 1182 2361 3.

187 2378 331 2416 vocatur
348 2371 571 2415 Evangelium
594 2373 813 2405 ministerium
836 2373 985 2415 spiritus.
1030 2371 1074 2403 Et
1086 2372 1181 2404 Rom.

190 2415 220 2447 1.
242 2414 463 2491 {vangelium
497 2421 550 2448 est
581 2416 730 2459 potentia
751 2416 817 2449 Dei
849 2418 893 2449 ad
928 2415 1072 2449 salutem
1094 2417 1183 2448 omni

187 2469 246 2492 cre
271 2460 350 2491 enti.

276 2545 422 2579 Constat
454 2547 555 2590 igitur
589 2557 631 2579 ex
652 2546 775 2580 Esaiae
807 2553 840 2580 et
863 2547 1048 2580 Zachariae
1071 2546 1183 2586 dictis,

188 2600 277 2633 quae
294 2591 461 2630 recensui,
496 2591 682 2623 doctrinam
715 2592 757 2623 de
780 2593 904 2634 Spiritu
927 2597 1047 2624 sancto
1070 2592 1103 2623 in
1127 2601 1183 2623 ve·

187 2635 252 2667 teri
274 2633 434 2669 Ecclesia
455 2634 592 2668 Patrum
615 2641 648 2668 et
665 2634 909 2678 Prophetarum
930 2641 1045 2669 notam
1066 2634 1182 2668 luisse.

1235 228 1312 258 Ideo
1336 227 1433 258 etiam
1457 233 1589 258 veteres
1612 225 1678 257 hoc
1702 225 1823 257 dictum
1852 225 1884 256 in
1915 225 2039 256 Genesi
2061 223 2228 257 intellexe-

1236 276 1313 302 runt
1336 271 1378 301 dc
1402 270 1528 311 Spiritu
1551 276 1682 308 sancto,
1706 269 1761 311 qui
1785 275 1835 300 est
1859 279 2005 310 persona
2031 269 2227 301 divinitatis:

1236 314 1279 345 Et
1312 314 1455 355 Spiritus
1487 314 1620 344 Domini
1650 313 1820 344 ferebatur
1853 323 1956 354 super
1985 322 2102 354 aquas.
2170 313 2228 344 Sic

1237 358 1322 389 enim
1346 357 1449 399 inquit
1471 356 1635 388 Basilius:
1660 357 1750 395 Sive,
1775 358 1864 398 quod
1877 357 1987 387 verius
2003 362 2066 395 est,
2090 362 2121 387 et
2136 366 2230 388 enar-

1237 408 1344 432 ratum
1365 407 1414 431 est
1441 402 1482 431 ab
1507 401 1559 438 iis,
1585 401 1640 442 qui
1664 407 1740 432 ante
1760 410 1823 431 nos
1848 399 1994 438 suerunt,
2017 398 2164 442 loquitur
2187 400 2229 431 de

1237 445 1361 486 Spiritu
1385 450 1503 475 sancto
1527 443 1603 475 Dei.

1325 504 1399 536 Etsi
1432 511 1542 536 autem
1572 504 1650 535 novi
1674 503 1876 535 Testamenti
1912 505 1997 535 dicta
2026 505 2133 546 magis
2157 514 2231 545 per-

1239 549 1355 590 spicua
1390 555 1484 587 sunt,
1520 554 1631 579 tamen
1655 554 1844 590 congruunt
1869 559 1944 579 cum
1968 548 2016 579 eis
2040 548 2230 580 testimonia

1238 592 1495 633 Prophetarum.

1327 653 1362 683 In
1383 653 1471 684 dicto
1486 650 1555 683 1031
1578 651 1765 694 significata
1791 658 1840 683 est
1854 661 1999 693 persona
2013 652 2136 690 divina,
2157 662 2231 683 cum

1238 697 1341 738 inquit
1355 695 1468 727 Dens:
1492 695 1667 727 Effundam
1692 696 1732 727 (10
1745 696 1866 737 Spiritu
1890 705 1964 726 meo
1989 705 2089 736 super
2102 706 2232 726 omnem

1240 751 1386 779 carnem,
1418 741 1493 781 quia
1528 740 1614 770 enim
1649 740 1711 770 ait:
1760 739 1873 776 MEO,
1902 744 2042 769 testatur
2060 750 2127 770 non
2150 738 2233 770 mitti

1239 790 1386 816 creatam
1410 784 1639 825 agitationem,
1658 783 1717 814 sed
1730 782 1854 824 aliquid
1868 783 2037 813 essentiae
2050 781 2125 813 Dei.
2148 782 2233 813 Nam

1239 840 1313 859 cum
1337 829 1394 865 ait,
1418 828 1458 858 (10
1482 838 1555 858 11100
1580 828 1721 868 Spiritu,
1755 827 1902 858 nominat
1928 837 1993 857 non
2020 825 2109 857 aliud
2141 836 2233 858 crea-

1237 878 1305 902 tum
1326 878 1421 902 extra
1445 881 1500 909 se,
1524 871 1584 901 sed
1609 871 1777 912 spiritum,
1813 870 1868 911 qui
1893 870 1925 900 in
1949 870 2023 910 ipso
2048 876 2143 910 patre
2167 874 2230 900 est.

1238 915 1423 957 Utrumque
1442 915 1541 956 igitur
1564 915 1789 955 significatum
1814 920 1883 951 est,
1917 913 1995 955 quia
2018 914 2063 944 ait
2094 913 2134 944 dc
2158 923 2232 944 meo

1239 959 1381 999 Spiritu,
1412 959 1564 989 adfirmat
1589 957 1678 989 hunc
1702 957 1858 998 Spiritum
1883 968 1949 987 non
1975 967 2052 988 esse
2076 957 2232 998 quiddam

1239 1009 1396 1034 creatum.
1433 1001 1473 1032 Et
1500 1002 1575 1043 quia
1599 1002 1785 1042 procedere
1805 1012 1878 1032 eum
1897 1001 2000 1042 inquit
2025 1011 2085 1031 seu
2099 1000 2233 1038 effundi,

1240 1047 1395 1077 discernit
1431 1056 1505 1076 eum
1540 1056 1560 1076 a
1586 1044 1695 1076 Patre.
1740 1044 1800 1075 Est
1836 1045 1933 1086 igitur
1966 1055 2123 1085 persona,
2157 1044 2234 1085 quia

1239 1090 1397 1132 quidquid
1422 1087 1544 1130 aliquid
1570 1094 1620 1119 051
1646 1088 1722 1127 Dei,
1745 1089 1835 1130 quod
1859 1094 1969 1119 tamen
1994 1099 2060 1119 non
2085 1094 2137 1119 cst
2161 1089 2233 1129 ipse

1238 1133 1353 1173 Pater,
1378 1139 1429 1164 est
1449 1142 1568 1163 revela
1591 1143 1747 1173 persona.

1327 1193 1520 1236 Cogitemus
1544 1198 1653 1224 autem
1678 1194 1710 1224 in
1734 1192 1799 1224 1100
1823 1194 1897 1234 ipso
1916 1191 2105 1224 testimonio
2120 1202 2233 1223 verum

1239 1244 1271 1269 et
1306 1238 1474 1280 ingentem
1509 1237 1541 1268 in
1566 1236 1639 1268 Deo
1676 1248 1756 1278 erga
1792 1247 1854 1267 nos
1879 1247 2026 1267 amorem
2052 1246 2145 1273 esse,
2177 1237 2232 1277 qui

1238 1280 1327 1312 hunc
1362 1282 1469 1322 ipsum
1505 1281 1614 1321 ignem
1648 1281 1772 1311 31110115
1797 1281 1847 1311 5111
1871 1281 1902 1310 111
1934 1291 1996 1311 1105
2021 1279 2233 1318 transfundit,

1239 1323 1494 1356 coessentialem
1519 1326 1592 1365 ipsi,
1617 1329 1648 1354 et
1671 1335 1734 1354 nos
1758 1325 1821 1354 sibi
1847 1323 1978 1364 copulat
1992 1324 2233 1354 societatenon

1238 1374 1363 1399 tantum
1388 1369 1491 1399 creati
1517 1369 1607 1405 doni,
1633 1369 1693 1398 red
1719 1368 1810 1398 missi
1834 1367 1864 1398 in
1890 1374 2025 1408 pectora
2042 1373 2156 1398 nostra
2181 1367 2233 1398 sui

1238 1412 1390 1453 Spiritus.
1416 1411 1507 1442 llaec
1531 1422 1605 1442 011111
1630 1412 1661 1441 in
1674 1410 1832 1441 Ecclesia
1856 1411 2021 1447 dicuntur.
2046 1411 2234 1441 existimant

1237 1454 1390 1486 homines
1414 1454 1574 1496 prophani
1599 1455 1708 1485 inania
1733 1455 1862 1486 somnia.
1888 1455 2025 1491 narrari,
2041 1454 2107 1484 Scd
2132 1464 2234 1496 quan-

1238 1510 1337 1541 quam
1372 1499 1516 1530 ridemur
1546 1499 1588 1529 ah
1623 1499 1740 1539 impiis,
1777 1504 1887 1529 tamen
1924 1497 2009 1528 haec
2044 1509 2124 1529 1013
2154 1508 2232 1529 esse

1238 1549 1443 1581 statuamus,
1481 1553 1545 1573 nec
1575 1543 1802 1574 existimomus
1827 1549 1875 1573 tot
1900 1541 2143 1583 promissiones
2168 1541 2233 1573 Dei

1238 1587 1345 1617 editas
1379 1593 1445 1617 tam
1480 1585 1664 1617 illustribus·
1700 1587 1898 1617 testimoniis
1923 1586 2032 1616 irritas
2058 1592 2089 1616 et
2114 1586 2232 1616 inanes

1238 1640 1325 1661 esse.
1372 1630 1404 1661 Si
1430 1630 1540 1661 credis
1558 1629 1755 1671 Evangelio,
1781 1635 1813 1660 et
1836 1631 1925 1660 bona
1949 1630 2153 1660 conscientia
2168 1629 2233 1661 De-

1238 1685 1292 1705 um
1323 1673 1443 1704 fiducia
1478 1672 1534 1703 filii
1554 1672 1750 1705 Mediatoris
1784 1674 1936 1711 invocas,
1971 1673 2061 1704 50135
2087 1680 2177 1704 certo
2202 1679 2234 1704 te

1237 1718 1308 1759 regi
1333 1718 1455 1758 Spiritu
1478 1724 1609 1755 sancto,
1636 1728 1697 1749 nec
1722 1715 1895 1759 indulgeas
1921 1717 2128 1755 dubitationi,
2147 1726 2234 1758 quae

1237 1761 1324 1792 hanc
1344 1760 1507 1792 infirmam
1528 1767 1681 1792 naturam
1704 1761 1886 1795 excruciat,
1911 1772 1972 1793 nec
1997 1762 2164 1802 approbes
2177 1761 2234 1791 im-

1238 1806 1326 1846 piam
1362 1805 1560 1842 doctrinam,
1592 1815 1676 1846 quac
1711 1805 1801 1836 iubet
1835 1811 1866 1835 te
1890 1806 1930 1835 de
1954 1805 2232 1847 promissionibus

1239 1849 1359 1880 divinis
1384 1848 1545 1879 dubitare.

1327 1908 1525 1951 Quanquam
1559 1916 1669 1941 autem
1704 1910 1745 1941 dc
1776 1909 1923 1940 essentia
1946 1908 2010 1940 Dei
2035 1909 2106 1940 sine
2131 1908 2233 1940 certis

1239 1953 1358 1985 divinis
1389 1954 1608 1992 testimoniis,
1643 1963 1705 1985 nec
1729 1952 1868 1995 Angeli,
1903 1963 1967 1984 1100
1990 1951 2048 1983 11111
2073 1953 2233 1984 doctores

1239 2003 1332 2029 certo
1366 2008 1429 2029 nos
1465 1997 1586 2028 (locere
1610 2003 1766 2039 possunt,
1802 2003 1910 2028 tamen
1935 2003 2115 2038 postquam
2138 1995 2234 2027 Deus

1238 2052 1276 2073 50
1310 2040 1480 2081 patefecit,
1515 2046 1547 2072 et
1580 2042 1717 2073 verbum
1752 2051 1849 2072 suum
1872 2039 2050 2071 Ecclesiae
2084 2040 2231 2078 tradidit,

1237 2083 1318 2116 utile
1353 2090 1405 2116 est
1438 2094 1543 2116 nosse
1578 2086 1656 2126 quid
1685 2085 1814 2126 probati
1841 2084 1990 2115 homines
2014 2084 2048 2115 in
2071 2084 2178 2125 prima
2201 2089 2233 2115 et

1237 2129 1373 2170 puriore
1396 2127 1552 2160 Ecclesia
1586 2129 1762 2160 senserint.
1810 2128 1938 2159 Horum
1973 2128 2060 2160 enim
2084 2128 2233 2158 testimo-

1236 2173 1292 2203 nio
1318 2178 1349 2203 et
1372 2182 1436 2203 nos
1460 2172 1707 2211 confirmamur,
1732 2172 1787 2214 qui
1806 2172 1982 2203 adfirmant
2005 2171 2232 2203 5011300500-

1236 2217 1371 2248 tentiam
1395 2216 1436 2247 ab
1460 2215 1636 2257 Apostolis
1661 2216 1846 2258 accepisse.

1322 2285 1474 2317 Recitavi
1509 2291 1619 2317 autem
1654 2296 1758 2327 supra
1792 2285 2040 2318 confessionem
2075 2283 2231 2326 Gregorii

1236 2330 1534 2361 Neocaesariensis
1568 2331 1791 2371 perspicuam.
1837 2329 1880 2361 Et
1915 2328 2053 2371 collegit
2083 2326 2230 2359 Basilius

1236 2374 1426 2406 testimonia
1450 2371 1638 2409 multorum,
1662 2384 1801 2416 quorum
1823 2374 2004 2415 praecipua
2026 2370 2088 2403 fuit
2111 2372 2143 2402 in
2168 2371 2231 2403 Ec-

1237 2417 1342 2450 clesia
1365 2418 1539 2449 autoritas.
1607 2417 1659 2449 Ac
1686 2417 1878 2449 nominatim
1902 2418 2020 2448 recitat
2044 2415 2130 2447 haec
2155 2425 2229 2447 ver-

1236 2463 1280 2493 ba
1302 2461 1437 2493 Eusebii
1460 2460 1658 2493 Palaestini:
1694 2461 1852 2492 Sanctum
1870 2460 1981 2491 Deum
2003 2459 2090 2491 lucis
2115 2459 2229 2490 condi·

1235 2512 1354 2543 torem,
1378 2516 1438 2546 per
1460 2504 1664 2537 salvatorem
1687 2510 1840 2536 nostrum
1863 2503 1983 2542 lesum,
2007 2514 2081 2535 cum
2106 2503 2230 2545 Spiritu

1236 2555 1356 2581 sancto
1380 2550 1589 2582 invocantes.
1634 2548 1727 2580 Haec
1750 2549 1854 2580 verba
1884 2548 2067 2579 ostendunt
2094 2554 2228 2579 veteres

1236 2593 1360 2625 diserte
1382 2598 1452 2624 tres
1476 2602 1640 2634 personas
1662 2594 1695 2624 in
1718 2593 1932 2624 invocatione
1956 2590 2151 2633 complexos
2175 2600 2227 2622 es—

1235 2647 1293 2677 se,
1328 2643 1360 2669 et
1389 2647 1431 2669 ea
1462 2636 1571 2669 forma
1598 2635 1757 2679 loquendi
1781 2636 1823 2668 de
1845 2634 1931 2668 Filio
1953 2645 2038 2669 usos
2063 2644 2159 2675 esse,
2191 2639 2229 2666 ut
