2383 2990
191 103 257 135 699
825 107 935 139 PHlL.
959 108 1065 141 MEL.
1089 109 1277 143 SCRIPTA
1301 99 1581 146 DOGMATICA.
2154 118 2219 151 ⁷00

493 202 679 245 Secunda
730 205 860 246 Ratio.
1597 211 1844 255 confutatio.

278 302 341 338 Qui
366 309 484 335 contra
496 305 685 337 mandatum
699 306 843 338 <livinum
855 305 979 348 aliquid
992 308 1176 349 instituunt,
1317 302 1458 338 QUldam
1481 301 1645 343 fatentur,
1668 305 1701 336 in
1724 304 1908 349 Evangelffi
1932 307 2097 349 integrum
2120 318 2219 340 usum

188 352 342 388 peccam,
365 347 456 378 iuxta
478 346 574 379 illud:
605 348 642 380 Si
664 349 738 390 quis
761 348 851 382 aliud
874 349 1094 393 Evangelium
1118 353 1176 385 do-
1228 345 1411 378 institutum
1433 357 1530 385 esse,
1560 346 1707 380 fatentur
1736 349 1833 380 etiam
1861 350 1894 381 in
1928 352 2031 383 veteri
2061 350 2218 384 Ecclesia

189 390 303 428 cuerit,
327 389 506 422 anathema
528 392 582 422 sit.
628 392 755 431 Porro,
790 392 1007 434 prohibentes
1035 394 1176 428 alteram
1227 388 1332 420 fnisse
1354 399 1480 421 ῙΠΟΓΘῙΠ
1504 401 1602 432 quem
1625 392 1784 431 diximus,
1813 393 1873 424 sed
1903 394 1994 426 alum
2017 396 2137 427 mutari
2158 405 2218 436 ΡΟ·

186 438 314 473 partem
338 432 556 473 sacramenti,
575 434 664 467 haud
687 436 786 468 dubie
809 443 958 479 pugnant
986 448 1061 470 cum
1084 450 1175 471 man.
1228 433 1345 470 tuisse,
1370 433 1446 474 quia
1471 433 1513 464 sit
1536 444 1592 466 res
1615 433 1739 473 libera,
1761 436 1809 467 uti
1831 437 1962 479 integro
1985 436 2215 476 Sacramento,

187 476 265 507 dato
289 476 417 508 divino:
442 477 527 509 Sunt
550 478 635 510 enim
658 480 762 511 verba
784 481 972 512 mandantis
1006 487 1039 513 et
1062 483 1175 524 dispo·
1227 475 1281 507 vel
1304 483 1410 517 Pffl‘te·

185 519 306 551 nentis.
362 519 526 572 ACClPstG,
562 522 673 553 blblte.
730 522 823 562 Item,
856 524 982 556 Probet
1005 535 1043 557 Se
1065 527 1174 568 lpsunl
1315 536 1415 574 Idem,
1438 537 1599 579 inquiunt,
1622 538 1702 569 iuris
1726 545 1777 570 est
1801 540 1842 571 de
1865 545 1936 571 toto
1959 546 1991 572 et
2013 546 2117 582 parte,
2162 541 2216 572 Li.

184 561 294 614 houm,
329 568 361 594 et
384 574 434 596 8¹0
457 565 499 596 de
522 563 588 597 ¹100
606 575 692 605 P?me
714 566 804 604 edat,
833 573 867 599 et
895 568 937 599 de
970 567 1035 601 ¹¹³0
1068 569 1175 602 calice
1228 580 1344 610 berum
1379 586 1429 611 est
1452 591 1593 621 prorsus
1613 582 1781 614 abstinere
1811 593 1832 614 a
1856 583 2092 622 Sacramenta,
2122 583 2216 627 Ergo

185 606 287 637 blbat-
1227 621 1368 654 liberum
1392 630 1443 654 est
1466 630 1498 655 et
1521 631 1616 666 parte
1638 630 1762 657 tantum
1785 627 1843 657 uti.

721 728 737 749 ,
1314 709 1377 741 Hic
1399 710 1441 741 ad
1464 709 1628 742 Minorem
1651 712 1893 752 respondemus
1918 712 2113 754 dupliciter,
2144 712 2215 745 Pri-

646 776 653 783 .
795 778 802 784 .
1195 749 1204 784 ,⁸
1227 764 1334 784 mum.
1356 752 1494 784 Etiamsi
1517 760 1608 786 esset
1632 753 1771 786 liberum
1795 766 1937 796 prorsus
1960 757 2214 788 aSacramento

544 776 681 816 Tema
710 777 840 818 ΕΘΠΟ·
1225 796 1415 835 abstinere,
1448 802 1558 828 tamen
1583 807 1657 829 cum
1681 799 1822 837 utimur,
1852 809 1994 830 necesse
2023 806 2076 831 est
2097 800 2145 831 uti
2167 800 2214 831 in-

1225 846 1322 881 tegro
1358 839 1596 878 Sacramento,
1628 842 1706 883 quia
1734 848 1847 882 partes
1877 853 1944 874 non
1978 849 2055 874 sunt
2078 853 2215 884 separa-

1225 883 1332 915 biles:
1355 882 1430 914 Non
1455 885 1541 915 enim
1559 882 1636 916 lieet
1657 891 1784 916 mutare
1795 885 2043 917 Testamentum
2056 887 2213 918 divinum.

1225 926 1322 958 Valet
1356 933 1466 957 autem
1499 926 1619 968 regula
1653 926 1810 967 forensis,
1840 930 1896 961 ubi
1927 937 2039 970 partes
2072 939 2213 971 prorsus

1224 977 1301 1002 sunt
1323 968 1540 1011 separabiles,

271 899 398 932 Paulus
421 901 513 932 iubet
533 903 728 934 conservari
752 905 975 936 ceremoniam
998 915 1106 947 usque
1129 906 1172 937 ad

183 942 367 986 gloriosum
381 943 503 975 Christi
525 945 713 982 adventum,
736 952 768 977 et
779 947 868 978 iubet
881 949 1069 979 annuntiari
1086 960 1172 980 mor-

183 993 246 1018 tem
259 986 406 1024 Domini,
429 987 495 1019 hoc
518 994 581 1027 est,
606 990 684 1020 addi
711 989 779 1021 vult
803 992 984 1023 conciones
1009 992 1049 1023 de
1074 993 1172 1023 bene·

135 1035 141 1038 *
182 1030 266 1061 ficiis
281 1029 415 1069 Christi,
439 1037 473 1062 ut
496 1033 697 1070 recordatio,
720 1033 818 1071 fides,
841 1040 871 1065 et
889 1036 1069 1077 gratiarum
1083 1036 1171 1067 actio

182 1074 343 1105 accedant
378 1075 421 1105 ad
455 1077 686 1107 ceremoniam.
742 1076 836 1108 Haec
869 1084 947 1109 sunt
979 1078 1172 1120 simpliciter

182 1124 318 1155 mutata,
341 1118 417 1158 quia
441 1117 566 1159 populo
590 1120 688 1151 (latur
711 1126 835 1152 tantum
858 1132 938 1162 pars
951 1121 1170 1161 Sacramenti,

183 1171 257 1191 cum
280 1159 404 1192 Paulus
430 1161 471 1192 de
494 1167 564 1192 toto
595 1161 768 1204 loquatur:
814 1164 953 1199 Quoties
989 1166 1172 1198 comedetis

181 1214 299 1245 panem
323 1204 429 1241 hunc,
465 1212 498 1236 et
520 1206 643 1236 bibetis
668 1217 707 1237 ex
732 1207 798 1238 hoc
821 1207 958 1249 populo.
1005 1208 1097 1240 Haec
1120 1216 1173 1241 est

181 1247 301 1289 integri
325 1247 533 1279 Sacramenti
568 1250 760 1291 descriptio.
814 1250 945 1283 Deinde
978 1251 1088 1293 qualis
1122 1259 1174 1284 est

181 1291 335 1322 doctrina
357 1291 651 1324 adversariorum?
694 1293 819 1335 Magna
844 1305 885 1326 ex
908 1301 1002 1337 parte
1025 1306 1173 1327 ceremo-

182 1334 237 1365 nia
261 1334 334 1365 sine
358 1332 434 1364 ullis
459 1336 677 1368 concionibus
700 1337 958 1377 administratur,
981 1345 1015 1370 ut
1037 1340 1068 1370 in
1092 1339 1173 1370 Mis-

182 1377 234 1408 sis
269 1377 419 1418 privatis.
466 1377 507 1409 Et
537 1379 662 1421 populo
695 1380 801 1412 semel
824 1383 856 1413 in
879 1392 966 1413 anno
990 1383 1173 1425 porrigitur

181 1420 445 1453 Sacramentum.
491 1421 539 1453 lbi
563 1423 757 1465 quantulum
781 1425 894 1457 doceri
913 1426 1023 1457 subito
1047 1432 1173 1467 potest,

181 1464 310 1496 etiamsi
340 1465 418 1506 quid
455 1465 597 1498 dicitur?
637 1467 677 1498 Et
709 1468 895 1500 doctrinam
929 1469 970 1500 de
999 1469 1172 1501 beneficiis

181 1507 317 1546 Christi,
342 1509 383 1539 de
406 1511 596 1541 exercenda
620 1510 704 1549 fide,
729 1517 761 1543 et
781 1512 823 1543 de
853 1522 917 1544 usu
940 1514 1172 1545 Sacramentu-

180 1562 263 1589 rum,
286 1551 511 1592 multipliciter
530 1561 745 1595 corrumpunt
767 1556 963 1587 adversarii.
1010 1555 1093 1587 Cum
1115 1567 1172 1587 au—

177 1600 244 1626 tem
274 1595 363 1626 (licat
386 1594 527 1635 Pauhm,
557 1596 648 1629 Reos
668 1608 745 1630 esse
770 1600 921 1640 corporis
942 1604 975 1631 et
998 1600 1171 1640 sanguinis

179 1637 303 1669 Christi
329 1648 388 1669 eos
413 1640 467 1680 qui
490 1641 672 1672 abutuntur
692 1641 924 1681 Sacramento,
946 1653 1015 1674 non
1039 1639 1171 1674 dubium

178 1687 231 1743 e,St
260 1688 415 1755 -gmut‘ff
432 1692 591 1741 ,peccfflle
614 1691 751 1736 putores
774 1691 807 1746 (ῗῐ
830 1685 1028 1737 ἀεί-(ἶῃεοηδ
1053 1692 1100 1737 ‘Of
1124 1697 1171 1717 ιη’
1224 1715 1311 1747 runt,
1348 1709 1402 1750 qui
1427 1709 1610 1740 conciones
1640 1709 1806 1746 omittunt,
1841 1714 1874 1739 et
1895 1707 2055 1748 populum
2074 1708 2117 1739 ad
2140 1717 2214 1748 par-

176 1729 1171 1814 g1f1
2003 1751 2046 1782 de

416 1790 424 1799 ¹
471 1793 480 1808 5
581 1794 593 1802 κ
1382 1795 1389 1803 .
1462 1795 1469 1802 .
1586 1806 1595 1810 ἢ
1682 1807 1687 1811 ἱ
1986 1796 1993 1802 .
2020 1795 2027 1802 .
2169 1793 2176 1801 .
2204 1794 2211 1801 .

177 1812 322 1843 debitum
346 1812 379 1842 in
403 1812 605 1845 sacrificium
628 1814 812 1854 ethnicum,
842 1816 983 1848 offerunt
1010 1827 1071 1858 pro
1091 1815 1170 1847 alie·
1193 1797 1198 1856 Ι
1223 1794 1493 1880 ξξὲῒξῗιοὲηξίξί
1520 1792 2213 1873 Ξῖῗῖῐ1133111081ξπὲῑῃὶέἒῶἒῦῑῐόῖᾶἓωίἓζ

1405 1862 1414 1877 ,
1948 1860 1956 1867 .
2158 1863 2166 1868 .

1956 1886 1989 1913 et
2013 1878 2211 1913 ννννννννννν

1235 1938 1342 1958 torum
1364 1937 1384 1957 a
1409 1936 1516 1957 usum·

177 1940 287 1973 Deum
312 1952 377 1972 non
401 1944 591 1983 puniturum
615 1946 716 1977 esse?
744 1946 815 1977 Etsi
840 1947 926 1977 enim
949 1952 1078 1987 tempus
1102 1957 1169 1977 non
1192 1945 1197 1965 1

177 1985 376 2026 praescribit
400 1985 571 2027 Christus,
605 1995 716 2021 tamen
746 1990 833 2020 hanc
857 1990 1078 2021 ceremoniam
1102 2000 1169 2020 non
1192 1994 1198 2057 ἱ

178 2027 301 2059 frustra
326 2030 469 2067 tradidit,
495 2030 565 2063 vult
587 2042 659 2064 eam
682 2034 714 2064 in
730 2032 887 2064 Ecclesia
911 2031 1169 2074 frequenterce-

178 2071 300 2103 lebrari
335 2072 377 2102 ad
415 2073 548 2105 adultis
596 2076 737 2107 Etcum
760 2077 892 2114 utimur,
926 2076 1093 2107 servanda
1118 2082 1167 2106 est
1552 2092 1620 2133 Ali
1680 2090 1759 2132 Ob·
1813 2092 1840 2130 t-

178 2114 285 2146 forma
319 2116 467 2148 instituta
503 2128 521 2148 a
546 2117 694 2157 Christo,
720 2120 866 2151 Peccant
888 2119 1000 2161 igitur,
1024 2119 1080 2160 qui
1103 2119 1168 2150 dis·
1623 2107 1645 2132 a
1751 2106 1809 2132 lec
1831 2106 1879 2131 lo.

180 2159 301 2190 cedunt
324 2159 366 2190 ab
391 2169 432 2190 ea
454 2159 571 2192 forma.

1311 1056 1509 1088 Adiicienda
1532 1063 1583 1087 est.
1606 1063 1640 1088 et
1662 1055 1767 1088 altera
1790 1058 1984 1099 responsio:
2015 1058 2091 1090 Non
2115 1064 2168 1091 est
2178 1057 2215 1090 li-

1224 1102 1341 1132 berum
1365 1101 1537 1131 abstinere
1560 1111 1580 1132 a
1604 1106 1675 1132 toto
1699 1100 1928 1139 sacramento,
1952 1102 2013 1133 sed
2026 1103 2216 1134 mandatum

1225 1144 1267 1175 de
1285 1155 1349 1176 usu
1372 1144 1514 1185 pertinet
1537 1144 1578 1174 ad
1603 1142 1738 1175 adultos
1763 1154 1898 1182 omnes,
1933 1146 1988 1186 qui
2017 1152 2094 1176 sunt
2116 1155 2215 1176 mem-

1226 1188 1287 1219 bra
1311 1193 1427 1218 coetus
1452 1186 1635 1219 Ecclesiae.
1672 1185 1752 1218 Vult
1772 1186 1928 1219 Christus
1952 1187 2105 1230 singulos
2124 1186 2217 1219 adul-

1224 1237 1278 1262 tos
1312 1230 1375 1262 hac
1410 1232 1598 1262 ceremonia
1627 1229 1806 1272 aliquando
1842 1231 1899 1269 uti,
1931 1232 2059 1262 etiamsi
2090 1238 2216 1263 certum

1224 1280 1355 1315 tempus
1379 1284 1446 1305 non
1470 1275 1667 1315 praeseribit
1691 1273 1844 1316 singulis.
1880 1274 2020 1316 Oportet
2039 1274 2124 1306 enim
2138 1285 2216 1306 con-

1225 1318 1354 1349 servari
1388 1316 1475 1348 hanc
1510 1318 1730 1349 ceremoniam
1762 1328 1867 1359 usque
1889 1319 1933 1348 ad
1961 1317 2062 1349 finem
2089 1319 2214 1357 mundi,

1225 1362 1311 1393 sicut
1344 1359 1470 1392 Paulus
1504 1371 1668 1402 expresse
1702 1362 1826 1402 inquit:
1863 1361 2002 1397 Quoties
2033 1361 2215 1393 comedetis

1224 1416 1345 1447 panem
1368 1405 1469 1442 hunc,
1492 1410 1524 1435 et
1549 1415 1589 1436 ex
1611 1403 1733 1446 poculo
1757 1403 1822 1436 hoc
1835 1405 1968 1443 bibetis,
1993 1410 2133 1436 mortem
2146 1403 2216 1435 Do-

1225 1449 1303 1480 mini
1326 1448 1533 1485 annuntiate,
1568 1449 1676 1479 donec
1707 1448 1825 1479 veniet.
1872 1447 1967 1479 lubet
2000 1453 2033 1479 et
2068 1457 2216 1479 ceremo-

1225 1493 1313 1523 niam
1337 1492 1545 1530 conservari,
1568 1498 1599 1522 et
1612 1492 1689 1523 addi
1708 1492 1917 1523 ceremoniae
1935 1491 2216 1529 recordationem,

1225 1542 1257 1566 et
1281 1535 1563 1575 praedicationem
1586 1535 1627 1565 de
1650 1542 1756 1566 morte
1780 1533 1921 1570 Christi,
1944 1544 2053 1576 usque
2075 1534 2119 1566 ad
2142 1532 2216 1577 glo-

1225 1579 1351 1610 riosum
1373 1579 1552 1609 adventum
1577 1579 1659 1611 eius.
1706 1577 1775 1609 Cur
1798 1576 1864 1609 hoc
1887 1578 2010 1609 dictum
2034 1575 2129 1609 Pauli
2158 1587 2215 1609 ne-

1225 1621 1401 1664 glexerunt
1416 1621 1608 1659 Pontificesr
1633 1622 1689 1663 qui
1712 1631 1810 1652 usum
1833 1626 2055 1660 mutaverunt,
2077 1621 2133 1663 qui
2156 1621 2215 1652 do-

1224 1667 1363 1697 ctrinam
1387 1666 1427 1696 (le
1452 1665 1532 1703 fide,
1566 1672 1599 1696 et
1629 1665 1670 1696 de
1702 1665 1873 1696 beneficiis
1898 1663 2022 1695 Christi
2056 1674 2215 1705 corrupe-

1308 2183 1527 2226 Evangelium
1550 2184 1704 2215 concedit
1731 2183 1920 2214 libertatem
1943 2183 1977 2214 in
2001 2182 2212 2220 ceremoniis,

1221 2230 1313 2260 iuxta
1330 2228 1428 2259 illud:
1461 2227 1613 2269 Regnum
1637 2226 1700 2258 Dei
1735 2237 1802 2258 non
1832 2228 1924 2258 venit
1952 2236 2027 2257 cum
2051 2227 2212 2257 observa-

1223 2273 1324 2310 tione,
1348 2271 1443 2302 Licet
1465 2271 1566 2312 igitur
1589 2277 1621 2302 et
1644 2272 1677 2302 in
1700 2270 1764 2302 hac
1788 2270 1977 2302 ceremonia
2000 2269 2087 2300 hanc
2110 2268 2209 2300 liber-

1221 2321 1321 2347 tatem
1347 2324 1520 2356 usurpare.

267 2244 400 2277 Dictum
435 2253 487 2278 est
523 2249 564 2280 de
600 2259 722 2288 causa,
757 2255 913 2291 quantum
943 2259 1026 2290 opus
1055 2249 1168 2280 estiis

179 2289 233 2331 qui
258 2288 446 2321 anteferunt
469 2293 608 2323 verbum
631 2292 695 2324 Dei
718 2292 870 2324 humanis
895 2293 1118 2334 opinionibus,
1139 2298 1170 2323 et

178 2333 322 2364 iudicant
355 2333 397 2363 ab
434 2335 642 2367 ordinatione
673 2336 780 2368 divina
806 2347 871 2367 non
895 2346 973 2367 esse
997 2336 1171 2367 disceden-
1192 2344 1198 2393 1

180 2377 256 2408 dum
280 2376 426 2407 humano
450 2378 581 2409 iudicio.
628 2380 696 2411 Sed
731 2380 809 2421 quia
833 2377 1065 2411 cavillationes
1089 2377 1170 2410 mul·
1193 2396 1198 2433 Ι
1310 2375 1372 2406 Hic
1400 2374 1552 2406 homines
1577 2373 1688 2406 callidi
1712 2372 1916 2416 amplificant
1938 2372 2145 2410 libertatem,
2178 2377 2212 2403 et

179 2426 233 2451 tae
256 2418 467 2459 obiiciantur,
490 2422 532 2453 ad
557 2423 617 2454 has
641 2433 775 2465 quoque
799 2423 943 2454 breviter
965 2423 1169 2463 responden-
1223 2420 1392 2461 exagitant
1417 2429 1492 2457 noS,
1526 2424 1682 2460 tanquam
1706 2417 1838 2449 Iudaica
1862 2417 2006 2458 quadam
2029 2414 2212 2457 pertinacia

182 2466 257 2496 dum
280 2467 340 2497 est.
1223 2474 1264 2495 ae
1287 2463 1524 2504 superstitione
1548 2463 1651 2492 simus
1675 2462 1826 2492 duriores
1850 2461 1881 2490 in
1898 2459 2105 2491 defendenda
2119 2468 2211 2490 cere·

1223 2507 1348 2537 monia:
1382 2507 1497 2537 iubent
1531 2503 1689 2536 anteferri
1729 2502 2001 2545 tranquillitatem
2036 2501 2211 2533 Ecclesiae

1193 2547 1198 2599 ξ
1222 2549 1298 2581 huic
1323 2552 1467 2580 externo'
1484 2549 1576 2586 ritui,
1601 2548 1687 2579 sieut
1715 2549 1875 2588 scriptum
1899 2552 1967 2577 est:
1997 2545 2107 2587 Magis
2131 2543 2211 2577 volo

1223 2593 1485 2625 miset-‘cordiam
1519 2602 1617 2634 quam
1651 2592 1862 2623 sacrificium.
1920 2590 2075 2630 Denique
2108 2587 2211 2620 multa

2336 1921 2356 1994 ,κῶο
2339 1871 2354 1889 ,5
2343 1842 2346 1848 .

2294 2164 2353 2990 nnn-amam
2325 2336 2332 2346 -
2330 2047 2355 2174 at..
