2383 2990
135 141 201 174 209

136 247 187 276 ro,
210 236 287 278 quia
308 233 386 266 hinc
405 234 537 265 discunt
560 232 658 264 fidem
681 232 737 263 niti
750 241 905 263 sermone
917 231 1038 265 divino,
1059 229 1125 260 Sed

137 286 246 312 tamen
270 279 344 320 pios
369 278 482 309 doceri
507 282 539 309 et
562 275 751 308 confirmari
773 285 878 317 posse
891 274 1126 306 testificatione

136 324 263 365 piarum
283 322 506 364 synodorum.

246 484 530 542 SYMBoL
537 483 635 539 HM
676 480 1010 537 NICENLJ'M.

141 626 246 658 Credo
258 628 292 656 in
303 634 401 656 unum
418 625 529 661 Deum,
545 623 675 653 Patrem
687 623 945 660 omnipotentem,
963 622 1125 659 faetorem

224 671 305 700 coeli
320 672 353 699 et
367 672 485 705 terrae,
507 666 676 697 visibilium
696 667 836 695 omnium
860 668 894 694 et
909 664 1124 694 invisibilium.

138 730 181 760 Et
200 732 233 760 in
257 738 353 759 unum
377 729 549 758 Dominum
572 727 678 756 Iesum
705 725 885 757 Christum,
924 725 1041 754 Filium
1064 725 1127 754 Dei

224 774 438 811 unigenitum,
473 773 507 800 ec
527 779 570 800 ez·
593 770 692 800 Putre
715 772 827 798 nalum
851 771 928 798 (mle
945 770 1053 798 omnia
1075 777 1125 798 se-

223 817 311 854 cula,
335 813 441 845 Deum
464 813 505 843 de
527 814 610 851 Deo,
634 814 757 843 Lumen
780 812 820 841 de
843 812 991 849 Lumine,
1023 812 1127 841 Deum

224 867 333 889 verum
355 857 396 887 de
419 857 488 887 Deo
510 865 594 893 vero,
614 858 768 895 yenz'tum,
792 864 855 885 non
877 856 1018 893 factum,
1054 864 1127 885 con-

223 901 467 932 substantialem
489 900 592 939 Ριιίνέ,
614 909 676 939 per
698 908 790 937 quem
813 900 921 929 omnia
939 898 1032 934 faeta
1043 902 1126 928 sune.

140 961 201 998 Qua·
215 965 355 1001 propter
377 970 437 991 nos
459 961 606 991 homines
628 963 661 990 et
672 963 812 999 propter
834 962 979 990 nostram
991 960 1127 989 salutem

223 1004 393 1035 descendit
411 1005 452 1035 cle
474 1005 580 1034 coelis.

771 136 827 169 lV.
852 133 1111 167 ENARRATIO
1143 130 1343 164 SYMBOLI
1366 129 1528 162 NICENI.

2104 130 2168 162 210

1267 224 1309 256 Ut
1342 231 1452 255 autem
1485 225 1623 265 primum
1654 230 1868 266 praeceptum
1894 224 2058 267 Decalogi
2082 225 2168 256 ordi-

1178 274 1231 299 tur
1254 269 1295 298 ab
1315 269 1483 309 agnitione
1506 267 1586 305 Dei,
1616 269 1661 299 ita
1685 269 1810 309 primus
1835 274 1867 299 et
1890 268 2092 309 praecipuus
2117 279 2168 299 ar-

1178 309 1301 342 ticulus
1337 312 1369 341 in
1393 309 1553 353 Symbolo
1589 312 1806 343 concionatur
1829 312 1872 342 de
1895 322 1977 342 vera
1999 312 2170 353 agnitione

1177 354 1254 392 Dei,
1278 353 1409 395 qualem
1433 364 1470 385 se
1495 355 1526 384 in
1551 353 1703 386 Ecclesia
1734 355 1810 386 inde
1834 364 1940 397 usque
1964 365 1983 385 a
2006 356 2169 396 principio

1178 399 1312 440 generis
1336 396 1469 428 humani
1494 396 1662 436 patefecit.

1265 466 1418 497 Necesse
1452 472 1503 496 est
1537 468 1622 497 euim
1647 466 1834 498 firmissime
1859 473 1972 498 tenere
2002 467 2089 498 hanc
2113 468 2170 498 do-

1179 510 1318 541 ctrinam
1348 509 1442 550 primi
1472 508 1666 551 Praecepti,
1702 509 1949 541 Adfirmativam
1984 516 2017 541 et
2049 509 2170 541 Exclu-

1177 553 1295 584 sivam.
1341 552 1403 583 Hic
1427 562 1545 583 revera
1570 560 1619 584 est
1644 551 1738 583 Deus
1763 554 1914 584 conditor
1938 552 2023 584 coeli
2047 560 2080 584 et
2104 559 2168 584 ter-

1179 606 1247 633 rae,
1271 602 1301 626 et
1326 596 1461 637 generis
1486 596 1636 634 humani,
1670 596 1724 637 qui
1754 606 1792 626 se
1815 596 1973 637 patefecit
1996 597 2027 627 in
2054 595 2170 627 Eccle-

1179 640 1229 670 sia
1253 639 1331 670 dato
1356 640 1459 670 verbo
1479 649 1541 670 suo
1566 650 1625 679 per
1648 638 1850 679 Prophetas,
1882 638 1998 671 Filium
2024 646 2056 670 et
2080 641 2170 681 Apo-

1179 681 1300 719 stolos,
1325 682 1367 713 Et
1391 682 1444 713 hic
1464 693 1564 713 verus
1589 682 1683 713 Deus
1707 683 1917 714 invocandus
1942 689 2005 720 est,
2041 689 2072 714 et
2096 683 2171 714 diri-

1179 726 1289 768 genda
1312 736 1406 757 mens
1431 726 1463 756 in
1487 726 1700 757 invocatione
1724 726 1766 756 ad
1790 725 1878 757 hunc
1901 725 2029 763 Deum,
2054 727 2108 767 qui
2133 736 2170 757 se

1178 767 1347 810 patefecit.
1395 768 1541 810 Ideoque
1574 769 1606 800 in
1642 770 1747 810 primo
1778 776 1957 810 praecepto
1981 770 2071 800 initio
2097 780 2171 810 pro-

1178 813 1311 853 ponitur
1335 811 1552 843 adfirmativa.
1584 812 1656 854 Ego
1677 823 1750 843 sum
1773 812 1938 843 Dominus
1964 813 2057 843 Deus
2082 818 2170 845 tuus.

1177 856 1215 886 Et
1237 862 1272 886 ut
1287 856 1439 897 agnosci,
1463 866 1502 886 ac
1526 856 1567 886 ab
1586 854 1661 886 aliis
1681 856 1833 887 omnibus
1854 856 2093 887 commenticiis
2111 867 2170 888 nu-

1178 900 1320 930 minibus
1345 899 1489 930 discerni
1515 900 1640 940 possit,
1673 900 1785 930 addita
1810 905 1860 929 est
1888 900 2080 940 descriptio,
2106 899 2171 935 Qui

1180 943 1278 974 eduxi
1297 948 1329 973 te
1349 943 1390 972 de
1414 948 1503 973 terra
1518 943 1671 984 Aegypti.
1706 942 1749 973 Et
1771 941 1914 973 Dent-21.
1938 943 2041 984 inquit
2065 942 2171 982 Deus,

1179 996 1215 1017 se
1236 986 1345 1017 omnia
1369 984 1529 1016 miracula
1553 986 1584 1016 in
1608 986 1785 1017 eductione
1805 996 1845 1016 ex
1858 986 2015 1028 Aegypto
2029 984 2166 1025 secisse,

1151 1052 1155 1066 ,
1179 1036 1214 1060 ut
1238 1030 1384 1059 sciamus
1409 1028 1497 1059 hunc
1522 1029 1629 1060 Deum
1653 1028 1749 1060 huius
1772 1028 1897 1070 populi,
1933 1030 1987 1071 qui
2013 1035 2045 1060 et
2070 1040 2168 1070 pecu-

136 1064 179 1095 El
195 1067 386 1096 ineflrn‘ffm'
409 1068 461 1094 ⁶³⁸5
479 1064 520 1095 de
544 1064 670 1103 Spiritu
692 1067 814 1103 Samma
839 1073 883 1093 ἕλ’
906 1064 1013 1093 Mm‘l'sl
1033 1064 1127 1100 Pir-Ui·
1151 1068 1155 1103 l
1179 1071 1251 1103 liari
1276 1073 1408 1103 nomine
1430 1072 1552 1103 leltova
1577 1073 1720 1103 discerni
1743 1072 1843 1104 voluit
1867 1074 1909 1103 ab
1933 1072 2072 1104 aliarum
2092 1083 2171 1114 gen-

222 1117 271 1147 ne,
295 1111 328 1138 et
348 1108 440 1138 lzm'no
461 1109 572 1147 factus
591 1111 646 1138 est.

138 1167 323 1206 Crucifixus
345 1171 444 1199 etiam
464 1178 527 1207 pro
550 1169 641 1198 nobis
663 1167 722 1198 sub
744 1168 859 1198 Pontio
872 1167 984 1205 Pilato,
1004 1175 1127 1206 passus

222 1215 255 1241 et
275 1213 419 1250 sepultus
441 1215 499 1242 est.

135 1271 179 1302 Ec
209 1272 398 1302 resurresit
429 1274 527 1302 tertia
560 1271 613 1301 die
646 1270 822 1301 secumdum
858 1270 1065 1309 Scre'ptums,
1097 1273 1130 1299 et

223 1315 372 1345 ascendit
391 1317 424 1345 in
447 1316 577 1354 coelum,
612 1314 706 1344 sedet
725 1315 770 1344 ad
789 1315 960 1344 dexteram
984 1314 1103 1344 Patris.

134 1374 178 1406 Et
197 1377 314 1414 iterum
333 1379 488 1405 remmus
517 1378 568 1404 est
587 1384 659 1404 eum
685 1375 793 1412 ⁸qlortr'a
817 1374 963 1404 iudicare
988 1377 1072 1404 vicos
1098 1377 1131 1404 ec

220 1421 373 1455 mortuos,
396 1420 488 1448 cuius
506 1421 602 1456 reym'
618 1427 688 1453 ,uon
710 1420 775 1448 erit
793 1418 878 1455 fim‘s.

136 1478 178 1509 Et
193 1481 227 1509 in
240 1478 399 1518 Spiritum
421 1482 569 1508 sanc-mm
581 1479 753 1508 Dominum
777 1482 810 1508 et
831 1478 1050 1516 re'mft'cmztem,
1074 1479 1130 1516 qui

222 1531 266 1552 ex
285 1522 384 1552 Patre
407 1522 550 1560 Filioque
569 1521 728 1561 procedit.

140 1582 201 1619 Qua·
229 1591 300 1613 cum
322 1582 425 1613 Patre
444 1586 479 1613 et
498 1582 580 1613 Filio
598 1583 697 1612 simul
719 1583 875 1613 adoratur
894 1586 927 1612 el
948 1582 1127 1620 corzylorc'fi-

221 1629 322 1665 catur,
346 1628 401 1665 qui
421 1629 545 1656 [ocutus
568 1629 618 1656 est
635 1635 699 1665 per
721 1626 909 1665 Prophetas.

134 1685 178 1717 Ec
195 1694 303 1737 unqm,
325 1689 483 1724 sanctam,
510 1686 707 1718 Catlzole'cam
731 1690 763 1717 ec
783 1678 997 1725 Apostolicom
1022 1686 1128 1716 Eccle-

221 1739 314 1760 stam.

138 1789 300 1828 Confiteor
334 1798 432 1820 unum
455 1791 627 1830 Baptisma
662 1793 694 1821 in
729 1792 954 1821 remissionem
979 1793 1128 1829 peccato-

222 1842 303 1864 rum.

136 1893 179 1924 Et
197 1898 331 1934 erpecto
353 1897 626 1926 resurrectionem
645 1898 856 1932 mortuorum,
881 1898 913 1924 et
934 1896 1030 1925 vitam
1053 1903 1127 1925 ven-

223 1939 291 1968 turi
311 1939 420 1968 seculi.

580 1999 688 2029 Amen.

1047 2057 1064 2075 C

204 2145 413 2189 PRIMUS
446 2145 767 2249 ΑΒΕΞΞΞΕἸΗΞ
802 2146 1058 2189 SYMBOLI

312 2307 452 2339 Πιστεύω
476 2309 519 2344 εἷς
542 2310 591 2339 ε’να
613 2308 689 2340 θεὼ
712 2309 949 2352 παντοκράτορα.

227 2434 422 2479 Symbolum
450 2438 598 2469 breviter
627 2437 856 2480 complectitur
885 2440 1071 2471 doctrinam
1094 2441 1126 2473 in

136 2479 348 2522 Propheticis
367 2487 399 2512 et
411 2480 620 2522 Apostolicis
638 2482 774 2524 scriptis
793 2484 946 2515 traditam
958 2484 1000 2515 de
1012 2494 1127 2516 essen-

136 2524 183 2555 tia
205 2523 281 2562 Dei,
317 2524 359 2555 de
382 2523 555 2562 Personts‚
591 2525 632 2556 de
667 2527 837 2558 creatione
867 2532 899 2558 et
922 2527 1126 2560 redemtione

137 2568 270 2610 generis
294 2567 440 2606 humani,
459 2568 500 2599 de
524 2567 694 2600 beneficiis
718 2567 774 2601 filii
797 2569 872 2609 Dei,
896 2570 937 2602 de
959 2569 1128 2612 Ecclesia,

136 2612 179 2643 de
201 2610 314 2643 futuro
336 2611 470 2651 iudicio,
491 2617 523 2643 et
545 2612 701 2653 praemiis
724 2623 764 2644 ac
786 2615 904 2655 poenis
927 2616 1081 2646 aeternis.

294 2660 442 2701 ᾺῐΕΙιΔΝΤΗ.
458 2681 540 2702 OPER.
557 2680 620 2700 VOL.
637 2681 722 2702 mu.

1180 1117 1259 1146 tium
1284 1114 1447 1153 cultibus,
1483 1126 1563 1146 vere
1586 1125 1664 1147 esse
1687 1115 1812 1153 Deum,
1843 1122 1874 1147 et
1905 1116 1991 1147 alios
2015 1117 2071 1158 qui
2097 1117 2171 1147 sine

1179 1158 1245 1190 hoc
1268 1159 1371 1190 verbo
1396 1159 1606 1197 invocantur,
1631 1170 1697 1190 non
1718 1169 1795 1190 esse
1818 1160 1912 1190 deos.

1266 1218 1427 1250 Deindeet
1448 1218 1631 1251 Exclusiva
1651 1220 1792 1257 additur,
1816 1220 1891 1250 Non
1916 1220 2056 1250 habebis
2079 1218 2166 1251 alios

1180 1262 1286 1300 Deos,
1320 1263 1376 1293 ubi
1411 1261 1585 1293 manifeste
1609 1262 1805 1304 prohibetur
1829 1263 1997 1294 invocatio
2022 1263 2168 1294 omnium

1179 1305 1318 1337 aliorum
1328 1306 1392 1347 -qui
1418 1306 1586 1346 tinguntur
1609 1317 1687 1337 esse
1711 1307 1766 1344 dii,
1790 1312 1924 1348 praeter
1946 1305 2035 1337 huuc
2056 1317 2172 1338 verum

1180 1349 1287 1380 Deum
1311 1350 1343 1380 in
1368 1348 1523 1392 Ecclesia
1548 1348 1761 1390 patefactum.

1267 1418 1360 1449 Haec
1382 1418 1473 1448 initio
1498 1419 1624 1449 moneri
1649 1419 1689 1449 de
1713 1419 1882 1459 agnitione
1906 1425 1937 1449 et
1961 1419 2172 1450 invocatione

1180 1460 1243 1492 Dei
1278 1471 1421 1492 necesse
1452 1469 1522 1499 est,
1559 1473 1599 1492 ue
1624 1463 1823 1493 misceamus
1848 1460 2045 1503 religiones,
2081 1468 2113 1493 et
2136 1467 2172 1493 ut

1181 1506 1327 1537 sciamus
1354 1505 1556 1536 voluntatem
1570 1504 1634 1536 Dei
1658 1516 1747 1543 esse,
1768 1511 1801 1536 ut
1824 1506 1873 1536 sic
1897 1506 2082 1543 invocetur,
2106 1506 2170 1537 sic-

1180 1555 1215 1579 ut
1239 1559 1277 1579 se
1301 1547 1470 1589 patefecit,
1494 1555 1525 1579 et
1549 1549 1811 1580 discernaturab
1836 1548 1910 1579 aliis¹
1931 1549 2171 1580 commenticiis

1181 1592 1380 1629 numinibus,
1404 1602 1443 1623 ac
1469 1598 1501 1622 nt
1527 1600 1652 1623 mentes
1678 1593 1708 1622 in
1729 1593 1941 1624 invocatione
1954 1592 2044 1624 hunc
2057 1603 2171 1624 verum

1179 1635 1288 1666 Deum
1325 1636 1524 1673 intueantur,
1551 1641 1582 1665 ut
1608 1647 1682 1666 mox
1707 1635 1839 1677 planius
1863 1636 1981 1667 dicam.

1268 1704 1345 1735 Duo
1370 1710 1445 1735 sunt
1470 1711 1579 1735 autem
1603 1706 1783 1746 praecipua
1802 1705 1992 1736 discrimina
2015 1703 2117 1736 {ferae
2140 1710 2171 1736 et

1180 1746 1287 1779 falsae
1311 1748 1545 1786 invocationis,
1571 1748 1612 1778 de
1636 1749 1755 1789 quibus
1779 1747 1831 1779 hic
1855 1749 1886 1779 in
1901 1749 2063 1790 principio
2076 1750 2171 1790 Sym-

1181 1790 1246 1823 boli
1267 1792 1513 1822 commonetieri
1537 1792 1707 1822 auditores
1732 1793 1872 1823 maxime
1897 1792 2070 1830 convenit,
2094 1792 2172 1833 quia

1179 1836 1255 1866 ideo
1281 1835 1455 1866 traduntur
1468 1834 1640 1876 Symbola,
1664 1841 1699 1866 ut
1724 1846 1822 1866 verus
1837 1835 1930 1867 Deus
1953 1841 2171 1876 agnoscatur,

1179 1885 1211 1910 et
1235 1879 1445 1910 discernatur
1468 1889 1488 1909 a
1512 1879 1749 1910 commenticiis
1775 1880 1975 1916 numinibus,
2011 1885 2042 1909 et
2078 1883 2170 1909 recte

1177 1922 1362 1953 inxocetur.
1432 1921 1585 1963 Suntque
1619 1922 1702 1953 haec
1738 1923 1926 1954 discrimina
1963 1922 2108 1964 quotidie
2138 1922 2171 1953 in

1179 1966 1266 1997 omni
1297 1966 1509 1997 invocatione
1538 1972 1570 1996 et
1605 1967 1785 2008 gratiarum
1819 1967 1950 1998 actione
1979 1965 2168 2007 cogitanda.

1265 2051 1363 2083 Prius
1399 2052 1578 2083 discrimen
1603 2058 1654 2083 est
1678 2053 1718 2083 de
1741 2053 1889 2084 essentia
1912 2052 1994 2091 Dei,
2029 2051 2170 2084 alterum

1178 2096 1220 2127 de
1252 2095 1434 2127 voluntate.
1480 2095 1563 2127 Nam
1595 2097 1636 2127 de
1660 2097 1805 2127 essentia
1829 2095 1891 2127 Dei
1916 2103 2030 2128 errant.
2053 2105 2169 2127 omnes

1178 2138 1322 2177 Ethnici,
1346 2138 1470 2177 ludaei,
1484 2139 1747 2177 Mahometistae‚
1770 2140 1846 2181 quia
1865 2138 1982 2171 nolunt
2005 2139 2094 2171 hunc
2118 2149 2170 2170 es-

1179 2193 1216 2213 se
1234 2182 1343 2213 Deum
1368 2183 1591 2220 conditorem,
1627 2184 1682 2224 qui
1706 2190 1758 2214 est
1780 2182 1881 2214 Pater
1906 2183 2038 2214 Domini
2062 2181 2170 2214 nostri

1178 2226 1254 2258 Iesu
1278 2225 1402 2257 Christi
1426 2225 1573 2257 crucifixi
1597 2236 1657 2266 pro
1682 2227 1792 2264 nobis,
1815 2232 1847 2257 et
1870 2227 2070 2258 resuscitati.
2103 2225 2169 2257 Ne-

1178 2275 1259 2311 gant
1293 2268 1438 2311 aliquem
1472 2279 1549 2300 esse
1583 2268 1687 2301 filium
1710 2269 1776 2301 Dei
1811 2270 1957 2312 genitum
1993 2280 2034 2301 ex
2056 2268 2168 2300 Patris

1178 2313 1338 2344 essentia.
1384 2313 1517 2355 Negant
1540 2313 1696 2354 Spiritum
1720 2320 1871 2345 sanctum
1894 2324 1914 2345 a
1937 2312 2037 2344 Patre
2066 2318 2097 2344 et
2116 2311 2169 2343 Fi·

1176 2354 1222 2388 lio
1256 2356 1450 2398 procedere.
1508 2356 1577 2387 lmo
1601 2362 1801 2388 execrantur
1829 2356 1918 2389 hunc
1950 2356 2169 2395 conditorem,

1179 2410 1276 2442 quem
1300 2410 1382 2432 vera
1404 2398 1558 2431 Ecclesia
1580 2400 1763 2441 praedicat.

1265 2486 1338 2517 Etsi
1371 2487 1471 2528 igitur
1504 2496 1625 2518 nomen
1659 2485 1722 2518 Dei
1752 2487 1906 2525 retinent,
1943 2492 1976 2518 et
1998 2484 2055 2517 alii
2077 2483 2168 2517 aliud

1178 2528 1309 2572 fingunt
1341 2540 1419 2561 esse
1447 2529 1567 2566 Deum,
1603 2536 1712 2562 tamen
1743 2541 1764 2562 a
1797 2540 1878 2561 vero
1901 2529 1975 2562 Deo
1998 2530 2168 2567 aberrant,

1180 2574 1266 2605 sicut
1289 2572 1465 2605 manifeste
1483 2573 1636 2606 adfirmat
1659 2572 1775 2613 Pilius,
1798 2573 1968 2615 inquiens:
2003 2572 2068 2609 Qui
2091 2570 2167 2603 Fili-

1178 2627 1233 2648 um
1250 2627 1320 2648 non
1342 2617 1455 2649 adficit
1476 2617 1616 2656 honore,
1648 2627 1712 2650 nec
1735 2617 1868 2649 Patrem
1890 2616 2020 2649 honore
2042 2615 2166 2649 adficit.

1961 2678 1994 2702 14
