2383 2990
239 161 302 193 623

236 258 340 288 berati
360 268 379 287 a
402 255 476 297 lege
499 254 633 293 morali,
664 254 842 293 videlicet,
876 255 1040 286 iudicante
1074 261 1105 286 et
1129 256 1216 286 ocei-

236 301 333 331 dente
357 310 432 333 605,
456 306 485 330 61
511 300 551 329 ab
577 305 710 329 aeterna
734 299 800 335 ira,
837 309 933 339 quam
956 297 1009 329 lex
1035 299 1214 330 denuntiat.

235 343 360 374 Norant
397 343 426 372 in
459 340 514 372 illa
539 339 679 372 naturali
704 342 816 372 notitia
839 352 903 372 non
928 342 1068 382 proponi
1092 342 1215 383 gratui-

236 394 301 417 tam
335 386 562 416 remissionem
597 390 829 424 peccatorum,
863 384 937 415 11160
971 383 1103 415 aliunde
1126 390 1215 425 pete-

237 429 315 459 bant
341 428 577 463 remissionem,
601 428 698 462 Quod
721 427 748 457 si
773 428 957 457 sensissent
982 427 1026 458 ita
1049 437 1084 458 se
1109 428 1215 458 iustos

234 470 315 502 sore.
341 482 413 501 cum
439 472 509 500 sine
530 471 606 500 vitio
631 477 757 502 essent.
783 471 1037 501 succubuissent
1061 470 1094 500 in
1106 480 1214 512 agone

233 514 472 550 conscientiae,
504 514 562 544 sed
587 519 703 544 norant
726 514 799 543 ideo
824 513 1022 553 promissum
1046 523 1123 543 esse
1146 511 1213 544 Sal-

234 564 393 593 vatorem‚
419 562 451 587 ut
477 563 657 587 statuerent
682 566 719 586 se
743 554 875 596 placere
899 555 985 593 Deo,
1009 556 1137 586 etiamsi
1162 566 1214 587 es-

233 607 305 630 sent
331 600 454 640 indigni
478 606 508 629 ct
533 599 697 629 immundi.
744 599 801 629 Sic
831 600 1018 630 sentiebant
1047 609 1084 629 se
1107 599 1213 629 iustos

233 652 320 715 65ῗ6,
355 652 421 672 11011
455 649 590 683 propter
620 640 746 683 legem,
781 642 841 672 sed
874 647 1011 683 propter
1040 647 1214 673 venturum

232 687 274 717 Sa
292 692 448 716 vatorem.

319 770 388 801 llas
423 777 530 801 tantas
566 780 621 801 res
657 768 887 810 complectitur
910 768 1062 800 liberatio
1085 779 1105 799 a
1128 767 1214 810 lege,

232 824 316 855 quas
339 824 404 844 non
428 812 610 855 intelligunt
637 812 785 843 homines
810 813 936 850 securi,
972 813 1025 853 qui
1050 812 1215 850 nesciunt,

232 857 309 897 1111111
344 858 385 887 511
420 867 499 887 vera
527 856 743 897 poenitentia,
777 856 960 893 invocatio,
996 855 1135 895 denique
1159 856 1214 896 qui

232 910 297 930 non
322 907 518 931 exercentur
531 898 787 935 atlssictionibus,
812 905 843 929 et
867 904 921 928 aut
945 897 1067 928 habent
1086 898 1213 928 animos

232 950 414 983 occupatos
448 941 685 982 voluptatibus,
721 948 775 971 aut
811 939 1016 971 delectantur
1051 941 1121 971 suis
1146 940 1214 980 opi-

232 987 398 1022 nionibus,
434 992 463 1016 et
486 991 707 1025 aspernamur
725 984 862 1014 verbum
886 983 960 1020 Dei,
991 989 1047 1014 aut
1069 983 1111 1014 ad
1135 992 1214 1013 suas

232 1029 483 1071 imaginationes
507 1027 677 1058 inflectunt
699 1037 739 1057 ac
763 1031 986 1066 corrumpunt.

317 1112 471 1144 Nonnulli
496 1113 678 1143 adversarii
702 1113 892 1150 astutiores,
927 1112 988 1142 etsi
1011 1111 1125 1142 vident,
1148 1110 1214 1142 Au-

232 1157 353 1199 gustini
378 1164 407 1187 ct
432 1162 579 1186 nostram
602 1156 904 1195 interpretationem
928 1164 1007 1185 vere
1030 1163 1107 1185 esse
1120 1153 1214 1185 Pauli

231 1211 272 1231 ac
286 1199 502 1240 propheticae
526 1206 555 1229 et
571 1197 787 1239 Apostolicae
810 1199 994 1237 scripturae
1006 1198 1214 1235 sententiam,

232 1250 341 1274 tamen
377 1244 573 1283 obstrepunt
609 1242 717 1278 nobis,
752 1248 782 1271 et
808 1242 975 1282 Origenis,
1011 1240 1214 1282 Hieronymi,

233 1285 476 1327 Chrysostomi,
511 1291 543 1315 et.
567 1285 682 1315 nescio
706 1294 843 1325 quorum
868 1285 1077 1314 autoritatem
1102 1284 1213 1320 citant,

232 1340 298 1359 non
323 1329 409 1370 quod
433 1327 509 1359 illos
534 1338 612 1358 vere
637 1338 675 1357 ex
699 1328 807 1357 animo
831 1328 982 1367 probent,
1008 1327 1066 1356 sed
1080 1332 1214 1364 tantum,

232 1379 266 1403 ut
290 1372 401 1403 sucum
426 1370 544 1401 saciant
569 1370 739 1411 imperitis,
764 1381 805 1400 ne
829 1370 1001 1400 videantur
1026 1369 1115 1400 victi.
1139 1369 1214 1399 Non

233 1416 318 1446 enim
353 1413 501 1445 adserunt
538 1414 719 1444 adversarii
752 1413 793 1443 ad
825 1412 909 1443 haec
939 1413 1116 1443 cvrtanfina
1157 1413 1214 1442 bo—

232 1469 307 1488 nam
332 1457 566 1488 conscientiam
591 1463 621 1486 et
645 1456 785 1486 studium
822 1456 1031 1496 quaerendae
1056 1455 1214 1493 veritatis,

231 1501 298 1531 Sed
335 1502 445 1531 odium
480 1501 596 1537 nostri,
631 1505 851 1539 contemptum
880 1498 1066 1540 Evangelii,
1103 1508 1215 1529 curam

231 1544 372 1574 tuendae
396 1554 477 1574 suae
500 1543 695 1573 autoritatis.
743 1542 827 1576 Quid
852 1540 994 1582 populus
1017 1543 1058 1572 de
1082 1540 1214 1572 Christo

231 1587 363 1625 sentiat,
388 1587 550 1627 quomodo
572 1586 760 1616 erudiantur
784 1584 977 1622 Ecclesiae,
1013 1583 1093 1615 nihil
1113 1584 1154 1615 ad
1178 1593 1215 1614 56

231 1630 395 1670 pertinere
418 1630 574 1666 iudicant,
598 1639 637 1658 ac
663 1628 776 1668 partim
801 1634 913 1668 aperte
937 1633 1093 1659 exercent
1117 1637 1215 1668 syco-

232 1672 432 1714 phanticum,
453 1679 484 1702 ut
511 1670 691 1708 Coi-hleus,
722 1669 893 1701 Vuicelius
917 1677 947 1701 et
972 1669 1106 1708 51011165,
1140 1680 1215 1711 par-

235 1717 287 1746 tim
313 1721 389 1747 50111
413 1715 555 1756 tyranni,
579 1721 610 1745 et
634 1721 852 1756 tyrannorum
877 1712 1050 1751 satellites,
1074 1713 1214 1754 quipro-

233 1765 305 1799 pter
339 1759 520 1799 sapientiae
561 1763 616 1788 aut
661 1758 787 1788 virtutis
812 1757 999 1797 opinionem
1029 1757 1214 1798 gubernant

234 1801 439 1838 Pontificum,
463 1800 591 1842 Regum
615 1806 645 1830 et
670 1799 858 1840 Principum
882 1799 1033 1837 consilia,
1058 1809 1130 1830 cum
1149 1800 1214 1829 sint

232 1844 382 1875 homines
408 1844 508 1881 ἄθεοι,
544 1844 598 1884 qui
632 1844 664 1873 in
699 1844 888 1873 universum
914 1843 1114 1873 arbitrantur
1137 1840 1213 1872 reli-

236 1888 352 1929 giones
378 1887 625 1917 commenticias
646 1896 742 1923 esse,
777 1896 816 1916 ac
840 1886 902 1915 sibi
936 1886 999 1926 ipsi
1032 1885 1148 1916 mirum
1181 1885 1213 1914 in

232 1931 364 1961 modum
389 1929 451 1960 hoc
476 1930 606 1959 nomine
630 1927 773 1969 placent,
798 1928 885 1969 quod
908 1930 1016 1959 ausint
1049 1927 1214 1958 ἀντιπέδειν

233 1974 307 2013 πριίς
333 1973 382 2008 ιιὶς
404 1972 544 2014 ρ’ρωίιὶς,
581 1978 613 2003 ut
639 1970 691 2001 ille
712 1972 796 2012 apud
822 1971 991 2001 Comicum
1015 1971 1128 2012 inquit.
1173 1970 1215 2000 Et

233 2016 317 2046 tales
338 2017 454 2046 dicturi
489 2021 565 2046 sunt
590 2015 770 2045 sententias
801 2015 831 2044 111
856 2014 1001 2055 Synodis
1026 2015 1066 2044 de
1091 2013 1214 2044 Christi

233 2058 350 2100 gloria,
373 2059 464 2090 cuius
488 2068 607 2089 nomen
632 2068 706 2088 6556
730 2056 919 2088 fabulosum
944 2057 1099 2099 cogitant.

320 2144 462 2174 Proinde
497 2145 570 2184 pios
606 2142 748 2174 lectores
787 2141 964 2180 adhortor,
1005 2142 1143 2181 primum
1181 2147 1214 2172 ut

234 2187 446 2219 considerent
469 2196 591 2228 genera
614 2186 795 2222 doctrinae,
818 2186 881 2216 utri
903 2184 1093 2225 simpliciter
1117 2190 1149 2215 et
1172 2185 1214 2215 si-

233 2241 275 2261 ne
310 2229 490 2270 sophistica
514 2231 709 2259 sententiam
734 2229 919 2268 scripturae
943 2227 1161 2268 Propheticae
1184 2234 1216 2258 et

232 2272 449 2314 Apostolicae
472 2279 666 2313 proponant.
712 2271 853 2309 Deinde,
879 2282 951 2301 6010
974 2270 1092 2301 Patres
1116 2271 1216 2300 citan-

234 2323 297 2353 tur,
335 2326 418 2357 quae
454 2316 540 2346 dicta
565 2315 697 2345 Patrum
732 2321 806 2345 sunt
833 2320 1061 2344 consentanea
1085 2314 1215 2344 divinae

235 2360 319 2390 voci.
366 2358 425 2389 Est
439 2359 523 2389 enim
537 2369 656 2400 magna
670 2357 900 2388 dissimilitudo
916 2357 1059 2387 Patrum.
1082 2355 1215 2387 Postre-

234 2412 298 2439 mo,
334 2407 368 2432 ut
403 2401 526 2432 Paulus
562 2402 650 2432 iubet
685 2402 827 2442 probare
862 2401 1019 2441 spiritus,
1059 2398 1215 2431 voluntas

234 2446 405 2486 utriusque
434 2444 538 2485 partis
574 2445 755 2485 spectanda
775 2450 836 2481 est,
870 2449 899 2473 et
926 2453 1053 2473 summa
1077 2440 1214 2473 consilii.

234 2486 317 2518 Illud
341 2493 439 2527 agunt
463 2488 656 2525 adversarii,
680 2498 746 2517 0011
765 2495 799 2517 ut
813 2487 932 2527 aliquid
946 2486 1131 2523 emendent,
1155 2485 1215 2515 sed

234 2537 269 2561 ut
303 2529 522 2572 qualicunque
557 2536 729 2572 praetextu
753 2528 929 2560 defendant
954 2539 1047 2560 suam
1072 2528 1216 2570 tyranni-

235 2574 321 2611 dem,
353 2573 547 2604 confirment
582 2579 613 2604 et
636 2574 779 2604 muniant
805 2582 897 2613 opes.
943 2572 1022 2602 ldeo
1046 2570 1160 2612 Reges
1184 2576 1216 2602 et

234 2616 415 2648 Pontifices
438 2616 657 2648 adversantur
691 2616 845 2657 coniugio
870 2615 1106 2652 Sacerdotum,
1140 2615 1217 2656 quia

871 161 982 192 PfflL.
1006 160 1108 193 MEL.
1132 161 1317 193 SCRIPTA
1342 161 1620 193 DOGMATlCA.

1240 2495 1246 2643 „

2184 163 2248 195 624

1269 256 1380 287 vident
1403 255 1599 287 coelibatum
1619 257 1660 287 ad
1684 256 1887 287 retinendam
1910 257 2087 298 potentiam
2111 262 2143 288 et
2166 268 2247 299 opes

1269 299 1503 340 expeditiorem
1537 309 1621 330 esse.
1667 299 1740 330 Hoc
1774 300 1873 330 modo
1908 310 1980 330 60111
2015 306 2127 331 extent
2149 307 2249 332 notae

1269 342 1385 383 impiae
1410 340 1589 373 voluntatis
1614 343 1644 373 in
1669 343 1863 383 quibusdam
1887 341 2068 373 manifestis
2086 342 2247 382 articuliS,

1269 385 1349 415 satis
1373 391 1510 425 apparet
1534 395 1592 416 eos
1616 395 1681 416 non
1706 385 1824 426 agitari
1848 386 1934 416 bono
1949 386 2082 426 Spiritu,
2107 386 2172 417 Sed
2197 396 2248 417 es-

1268 437 1305 458 se
1328 426 1442 457 hostes
1461 425 1651 464 Cln·isti,'et
1674 438 1735 458 nec
1759 429 1790 458 in
1815 428 1955 459 caeteris
1979 428 2125 459 articulis
2149 439 2248 470 quae—

1267 480 1340 543 rerp
1366 470 1544 501 veritatem.
1570 470 1683 506 Quare
1707 481 1821 502 eorum
1845 471 1964 502 iudicia
1988 477 2179 503 constanter
2197 482 2249 503 re·

1266 522 1449 554 1101160105.

1353 596 1488 629 Psalmo
1511 598 1564 629 42.
1594 596 1735 629 affirmat
1765 604 1915 629 renatum
1937 609 2003 630 000
2027 609 2105 630 6556
2128 599 2249 631 iustum

1266 646 1403 682 propter
1426 651 1537 682 opera,
1562 642 1620 672 sed
1645 641 1720 680 fide,
1744 641 1800 672 Sic
1825 642 1910 672 enim
1935 642 2053 682 inquit:
2086 640 2188 673 Plane
2211 643 2248 674 ti-

1267 694 1330 721 me,
1355 684 1383 714 si
1406 684 1524 715 iustum
1548 690 1580 715 te
1603 685 1697 722 111615,
1716 685 1743 715 51
1768 694 1833 715 11011
1857 684 1962 715 habes
1975 683 2064 715 illam
2077 695 2194 716 vocem
2207 695 2249 716 ex

1267 726 1333 757 alio
1357 725 1507 757 Psalmo:
1530 727 1580 758 Ne
1604 728 1705 758 intres
1729 728 1761 758 in
1786 728 1938 758 iudicium
1959 738 2033 758 cum
2056 737 2155 758 servo
2180 733 2248 766 tuo,

1267 769 1352 800 Nam
1371 770 1399 799 si
1421 769 1574 801 iudicium
1599 771 1787 802 exhibueris
1812 771 1883 801 siue
1906 771 2150 808 misericordia,
2182 780 2248 812 quo

1267 813 1344 843 ibo?
1388 812 1423 843 Si
1446 813 1637 854 iniquitates
1662 814 1896 845 observaveris
1921 812 2072 850 Domine,
2106 813 2250 844 Domine

1268 855 1341 896 quis
1365 855 1539 886 sustinebit
1549 856 1563 886 ’.Ρ
1607 856 1656 886 Nc
1692 858 1793 887 intres
1821 858 1852 887 in
1877 856 2030 887 iudicium
2051 866 2124 887 6001
2148 866 2248 887 servo

1269 903 1336 935 tuo,
1360 898 1436 939 quia
1458 907 1525 928 non
1548 898 1779 929 iustificabitur
1802 899 1834 929 in
1859 904 2043 939 conspectu
2065 904 2121 930 tuo
2141 899 2248 930 omnis

1268 940 1397 971 vivens.
1421 939 1513 982 Ergo
1536 941 1564 971 si
1587 951 1653 971 non
1678 941 1908 972 iustificabitur
1931 943 1963 972 in
1987 946 2169 981 conspectu
2192 946 2248 972 tuo

1269 984 1373 1014 omnis
1397 983 1526 1021 vivens,
1561 984 1637 1024 quia
1661 985 1846 1025 quicunque
1868 983 1922 1014 hic
1946 984 2040 1021 vivit,
2073 982 2250 1024 quamlibet

1267 1026 1352 1056 iuste
1371 1026 1462 1063 vivit,
1483 1036 1545 1057 vae
1568 1025 1626 1064 illi,
1646 1027 1674 1057 si
1699 1037 1771 1057 cum
1795 1037 1833 1057 eo
1858 1028 1890 1057 in
1910 1027 2063 1057 iudicium
2087 1026 2180 1058 Deus
2203 1027 2250 1058 in-

1268 1070 1414 1100 traverit.
1459 1068 1543 1099 Nam
1578 1075 1609 1099 et
1635 1070 1721 1109 apud
1745 1068 1843 1100 alium
1867 1069 2066 1109 Prophetam
2088 1080 2250 1110 arrogan-

1269 1118 1319 1142 tes
1343 1117 1374 1142 et
1398 1113 1563 1152 superbos
1588 1113 1637 1142 sic
1660 1112 1827 1153 obiurgat:
1853 1111 1962 1146 Quare
1985 1122 2112 1143 0166001
2127 1113 2248 1143 10111610

1268 1154 1488 1185 contenditis?
1512 1154 1637 1186 Omnes
1662 1154 1882 1196 dereliquistis
1896 1166 1958 1193 me,
1984 1155 2062 1186 dicit
2075 1155 2248 1187 Dominus.

1267 1196 1344 1228 Noli
1368 1207 1449 1238 ergo
1472 1198 1592 1228 iudicio
1628 1198 1847 1235 contendere,
1884 1198 1925 1228 da
1949 1208 2080 1238 operem
2105 1208 2181 1229 esse
2203 1199 2250 1229 iu-

1268 1247 1352 1279 5105,
1376 1246 1409 1271 et
1432 1246 1655 1282 quantumque
1673 1240 1786 1278 tueris,
1813 1241 1971 1271 confitere
1992 1247 2023 1271 te
2037 1246 2250 1281 peccatorum

1269 1294 1358 1321 csse,
1383 1293 1482 1323 spera
1505 1284 1782 1321 misericordiam,
1819 1290 1851 1314 et
1872 1285 1904 1314 in
1928 1284 2013 1314 iusta
2036 1282 2149 1314 humili
2171 1294 2250 1314 con-

1269 1326 1416 1357 fessione
1440 1327 1591 1358 securius
1615 1325 1787 1368 alloquere
1810 1327 1995 1358 turbantem
2020 1332 2063 1364 te,
2088 1332 2120 1358 et
2131 1325 2248 1358 tumul-

1268 1375 1413 1400 tuantem
1436 1371 1597 1400 adversus
1622 1376 1653 1400 te
1677 1371 1816 1400 animam
1840 1376 1941 1406 tuam,
1956 1369 2066 1404 Quare
2083 1370 2186 1400 tristis
2211 1379 2248 1400 65

1268 1413 1376 1444 anima
1398 1422 1482 1450 mea,
1505 1418 1537 1443 et
1560 1423 1663 1454 quare
1688 1413 1866 1443 conturbas
1879 1412 1951 1443 me?
1975 1412 2060 1443 forte
2083 1412 2115 1442 111
2138 1419 2170 1442 te
2192 1422 2250 1443 vo-

1269 1455 1363 1486 lebas
1387 1455 1545 1496 sperare?
1590 1466 1687 1496 spera
1707 1456 1738 1485 in
1762 1455 1922 1492 Domino,
1956 1465 2022 1485 non
2046 1455 2077 1486 in
2102 1460 2148 1495 16,
2172 1454 2251 1496 quid

1269 1500 1353 1529 enim
1377 1509 1413 1529 es
1438 1499 1469 1529 in
1494 1504 1536 1536 te,
1557 1499 1633 1539 quid
1658 1509 1694 1529 65
1719 1499 1759 1529 de
1783 1499 1836 1530 te?
1860 1497 1919 1528 1116
1943 1499 1984 1528 sit
2008 1498 2132 1528 sanitas
2157 1498 2250 1535 inte,

1269 1542 1324 1582 qui
1347 1542 1477 1582 accepit
1501 1540 1638 1573 vulnera
1660 1547 1796 1582 propter
1819 1547 1862 1579 te,
1887 1546 1919 1571 et
1941 1541 2062 1582 inquit:
2089 1540 2194 1581 Spera
2217 1540 2251 1571 in

1268 1584 1452 1616 Dominum.

1355 1668 1477 1700 Psalm.
1503 1669 1555 1701 31.
1601 1669 1664 1705 Qui
1688 1675 1764 1700 sunt
1788 1669 1897 1700 beati?
1941 1667 2016 1699 Non
2039 1666 2103 1705 illi,
2125 1669 2157 1698 in
2181 1667 2250 1709 qui-

1268 1714 1331 1745 bus
1354 1723 1420 1743 non
1443 1714 1586 1744 inveniet
1608 1718 1793 1753 peccatum,
1824 1712 1908 1742 Nam
1931 1712 1963 1741 in
1986 1711 2138 1742 omnibus
2162 1711 2251 1742 inve-

1267 1756 1324 1787 nit.
1371 1755 1495 1787 Omnes
1519 1757 1604 1786 enim
1627 1760 1859 1796 peccaverunt,
1883 1759 1914 1784 et
1937 1759 2035 1794 egent
2054 1752 2161 1794 gloria
2172 1752 2248 1784 Dei.

1267 1799 1304 1830 Si
1338 1809 1420 1841 ergo
1455 1799 1486 1829 in
1511 1798 1662 1830 omnibus
1692 1803 1828 1839 peccata
1852 1798 2071 1834 inveniuntur,
2094 1801 2251 1834 remanet,

1266 1848 1301 1873 ut
1324 1852 1390 1873 non
1414 1843 1478 1872 sint
1503 1842 1600 1878 beati,
1624 1841 1685 1871 nisi
1710 1851 1849 1882 quorum
1873 1840 2012 1870 remissa
2035 1844 2250 1880 5001116663-

1267 1891 1310 1915 ta.
1356 1885 1428 1916 Hoc
1453 1895 1533 1926 ergo
1556 1883 1742 1925 Apostolus
1763 1884 1811 1914 sic
1836 1883 2094 1914 commendavit:
2137 1881 2251 1913 Credi-

1267 1929 1312 1959 dit
1335 1927 1503 1958 Abraham
1524 1927 1609 1965 Deo,
1633 1932 1664 1957 et
1687 1932 1870 1968 reputatum
1896 1931 1946 1956 est
1969 1925 1998 1956 ei
2021 1925 2063 1956 ad
2085 1925 2249 1956 iustitiam.

1267 1971 1328 2001 Hic
1351 1977 1442 2002 recte
1466 1971 1696 2001 accommodat
1720 1971 1842 2000 dictum
1865 1968 1997 2005 11611116,
2012 1973 2043 1998 et
2055 1972 2194 1998 testatur
2212 1977 2251 1998 se

1267 2013 1366 2044 fidem
1399 2013 1605 2055 intelligere,
1640 2023 1706 2043 non
1741 2018 1865 2043 tantum
1899 2010 2056 2041 historiae
2089 2010 2251 2048 notitiam,

1268 2057 1329 2087 sed
1352 2056 1514 2094 fiduciam,
1538 2066 1602 2097 qua
1625 2055 1819 2086 confidimus
1849 2054 1945 2084 nobis
1970 2053 2088 2084 remitti
2111 2059 2251 2094 peccata

1266 2106 1403 2140 propter
1426 2099 1602 2130 Christum.
1659 2098 1729 2129 Nec
1764 2108 1843 2128 vero
1867 2098 2040 2137 quisquam
2065 2101 2174 2137 potest
2196 2106 2252 2127 as-

1267 2143 1360 2183 sequi
1384 2140 1477 2173 Pauli
1511 2142 1719 2179 sententiam,
1754 2140 1817 2171 nisi
1852 2141 1900 2170 sic
1935 2137 2096 2180 intelligat
2130 2148 2251 2169 nomen

1268 2186 1354 2216 fidei.
1402 2184 1474 2216 Hoc
1507 2195 1585 2216 vere
1610 2190 1672 2222 est,
1708 2190 1741 2214 ut
1765 2183 1895 2220 dicitur,
1918 2182 1950 2212 in
1974 2181 2101 2212 foribus
2126 2191 2251 2218 errare,

1268 2228 1366 2258 fidem
1388 2233 1514 2258 tantum
1537 2226 1721 2268 intelligere
1741 2227 1886 2256 notitiam
1898 2225 2069 2263 historiae,
2092 2223 2251 2255 0011111111-

1268 2272 1351 2301 ciam
1396 2270 1581 2310 promissae
1625 2269 1872 2300 misericordiae
1905 2273 2039 2308 propter
2074 2266 2250 2298 Christum.

1268 2313 1338 2344 Nec
1371 2314 1486 2343 mirum
1521 2318 1590 2350 est,
1624 2311 1811 2343 Monachos
1834 2316 1904 2342 tota
1927 2311 1993 2342 vita
2017 2311 2193 2341 deerrasse
2216 2309 2249 2340 in

1268 2356 1454 2387 enarrando
1478 2354 1594 2393 Paulo,
1624 2355 1700 2396 quia
1733 2355 1765 2385 10
1795 2354 1860 2385 1106
1892 2354 1965 2394 ipso
2001 2351 2078 2384 loeo
2112 2352 2251 2393 turpiter

1268 2397 1461 2430 hallucinati
1495 2404 1581 2430 sunt.
1628 2398 1668 2429 Et
1702 2408 1789 2429 1111116
1812 2397 2011 2428 adversariis
2034 2395 2120 2427 haee
2140 2394 2249 2436 caligo

1268 2442 1444 2483 praecipue
1479 2442 1709 2482 impedimento
1749 2447 1819 2478 est,
1861 2451 1925 2480 quo
1955 2440 2061 2470 minus
2091 2439 2252 2479 recipiant,

1269 2485 1454 2516 doctrinam
1485 2486 1526 2516 de
1550 2484 1632 2522 fide,
1657 2485 1733 2526 quia
1756 2493 1876 2514 nomen
1900 2483 1975 2513 fidei
2000 2493 2067 2513 non
2090 2487 2180 2512 recte
2203 2481 2250 2511 in—

1269 2526 1428 2568 telligunt.
1464 2527 1532 2562 Cur
1554 2538 1619 2558 0011
1644 2527 1832 2568 expendunt.
1855 2525 1933 2557 talia
1955 2525 2133 2567 Augustini
2152 2523 2250 2561 dicta,

1269 2571 1368 2612 quale
1401 2571 1466 2602 hoc
1500 2577 1562 2609 est,
1596 2580 1662 2611 quo
1695 2570 1793 2601 modo
1828 2568 1984 2600 recitavi?
2027 2568 2090 2598 Hic
2112 2572 2250 2597 testatur

1269 2613 1409 2645 Paulum
1443 2613 1508 2645 hoc
1541 2612 1639 2652 velle,
1673 2611 1843 2645 Abraham
1878 2611 2083 2653 pronuntiari
2116 2610 2251 2648 iustum,
