<?xml version="1.0" encoding="UTF-8"?>
<!DOCTYPE html PUBLIC "-//W3C//DTD XHTML 1.0 Transitional//EN"
    "http://www.w3.org/TR/xhtml1/DTD/xhtml1-transitional.dtd">
<html xmlns="http://www.w3.org/1999/xhtml" xml:lang="en" lang="en">
 <head>
  <title>
</title>
<meta http-equiv="Content-Type" content="text/html;charset=utf-8" />
  <meta name='ocr-system' content='tesseract 3.04.00' />
  <meta name='ocr-capabilities' content='ocr_page ocr_carea ocr_par ocr_line ocrx_word'/>
</head>
<body>
  <div class='ocr_page' id='page_1' title='image "./operaquaesupersu23melauoft_0403.png"; bbox 0 0 2383 2990; ppageno 0'>
   <div class='ocr_carea' id='block_1_1' title="bbox 127 2035 1141 2079">
    <p class='ocr_par' dir='ltr' id='par_1_1' title="bbox 127 2035 1141 2079">
     <span class='ocr_line' id='line_1_1' title="bbox 127 2035 1141 2079; baseline -0.001 -11"><span class='ocrx_word' id='word_1_1' title='bbox 127 2040 201 2068; x_wconf 80' lang='lat' dir='ltr'><strong>‘tus</strong></span> <span class='ocrx_word' id='word_1_2' title='bbox 223 2047 347 2078; x_wconf 80' lang='lat' dir='ltr'><strong>magno</strong></span> <span class='ocrx_word' id='word_1_3' title='bbox 371 2037 445 2068; x_wconf 86' lang='lat' dir='ltr'><strong>usui</strong></span> <span class='ocrx_word' id='word_1_4' title='bbox 471 2043 524 2068; x_wconf 88' lang='lat' dir='ltr'><strong>est</strong></span> <span class='ocrx_word' id='word_1_5' title='bbox 548 2036 710 2079; x_wconf 77' lang='lat' dir='ltr'><strong>Regibus.</strong></span> <span class='ocrx_word' id='word_1_6' title='bbox 758 2037 842 2068; x_wconf 89' lang='lat' dir='ltr'><strong>Hinc</strong></span> <span class='ocrx_word' id='word_1_7' title='bbox 862 2042 1036 2068; x_wconf 86' lang='lat' dir='ltr'><strong>sumuntur</strong></span> <span class='ocrx_word' id='word_1_8' title='bbox 1058 2035 1141 2068; x_wconf 90' lang='lat' dir='ltr'><strong>ludi—</strong></span> 
     </span>
    </p>
   </div>
   <div class='ocr_carea' id='block_1_2' title="bbox 387 949 1930 1058">
    <p class='ocr_par' dir='ltr' id='par_1_2' title="bbox 387 949 1930 1058">
     <span class='ocr_line' id='line_1_2' title="bbox 387 949 1930 1058; baseline -0.001 0"><span class='ocrx_word' id='word_1_9' title='bbox 387 984 530 1058; x_wconf 85' lang='lat' dir='ltr'><strong>DE</strong></span> <span class='ocrx_word' id='word_1_10' title='bbox 594 949 1129 1058; x_wconf 57' lang='lat' dir='ltr'>&#39;CONIUGIO</span> <span class='ocrx_word' id='word_1_11' title='bbox 1203 980 1930 1056; x_wconf 78' lang='lat' dir='ltr'><strong>SACERDOTUM</strong></span> 
     </span>
    </p>
   </div>
   <div class='ocr_carea' id='block_1_3' title="bbox 840 1165 1472 1209">
    <p class='ocr_par' dir='ltr' id='par_1_3' title="bbox 840 1165 1472 1209">
     <span class='ocr_line' id='line_1_3' title="bbox 840 1165 1472 1209; baseline -0.003 0"><span class='ocrx_word' id='word_1_12' title='bbox 840 1183 842 1185; x_wconf 64' lang='grc'><strong><em>’</em></strong></span> <span class='ocrx_word' id='word_1_13' title='bbox 862 1167 1060 1209; x_wconf 83' lang='lat' dir='ltr'><strong>PHILIP.</strong></span> <span class='ocrx_word' id='word_1_14' title='bbox 1094 1165 1472 1208; x_wconf 88' lang='lat' dir='ltr'>MELANTHON.</span> 
     </span>
    </p>
   </div>
   <div class='ocr_carea' id='block_1_4' title="bbox 814 1276 1534 1319">
    <p class='ocr_par' dir='ltr' id='par_1_4' title="bbox 814 1276 1534 1319">
     <span class='ocr_line' id='line_1_4' title="bbox 814 1276 1534 1319; baseline -0.003 -9"><span class='ocrx_word' id='word_1_15' title='bbox 814 1278 865 1310; x_wconf 80' lang='lat' dir='ltr'><strong>Ex</strong></span> <span class='ocrx_word' id='word_1_16' title='bbox 884 1278 1037 1311; x_wconf 86' lang='lat' dir='ltr'><strong>Editione</strong></span> <span class='ocrx_word' id='word_1_17' title='bbox 1062 1277 1314 1319; x_wconf 44' lang='lat' dir='ltr'><strong>&amp;Vitebergensi</strong></span> <span class='ocrx_word' id='word_1_18' title='bbox 1337 1277 1415 1309; x_wconf 82' lang='lat' dir='ltr'><strong>anni</strong></span> <span class='ocrx_word' id='word_1_19' title='bbox 1441 1276 1534 1309; x_wconf 83' lang='lat'>1549.</span> 
     </span>
    </p>
   </div>
   <div class='ocr_carea' id='block_1_5' title="bbox 145 1423 2197 2298">
    <p class='ocr_par' dir='ltr' id='par_1_5' title="bbox 145 1423 2197 2298">
     <span class='ocr_line' id='line_1_5' title="bbox 234 1423 2197 1468; baseline 0.001 -10"><span class='ocrx_word' id='word_1_20' title='bbox 234 1425 332 1459; x_wconf 84' lang='lat' dir='ltr'><strong>Multi</strong></span> <span class='ocrx_word' id='word_1_21' title='bbox 367 1425 542 1468; x_wconf 76' lang='lat' dir='ltr'>Principes</span> <span class='ocrx_word' id='word_1_22' title='bbox 577 1427 638 1458; x_wconf 84' lang='lat' dir='ltr'><strong>viri</strong></span> <span class='ocrx_word' id='word_1_23' title='bbox 672 1425 783 1468; x_wconf 87' lang='lat' dir='ltr'><strong>palam</strong></span> <span class='ocrx_word' id='word_1_24' title='bbox 823 1424 970 1458; x_wconf 80' lang='lat' dir='ltr'><strong>fatentur</strong></span> <span class='ocrx_word' id='word_1_25' title='bbox 1009 1424 1144 1457; x_wconf 84' lang='lat' dir='ltr'><strong>defendi</strong></span> <span class='ocrx_word' id='word_1_26' title='bbox 1199 1426 1395 1457; x_wconf 85' lang='lat' dir='ltr'><strong>nonicorum</strong></span> <span class='ocrx_word' id='word_1_27' title='bbox 1430 1430 1527 1468; x_wconf 84' lang='lat' dir='ltr'><strong>grata</strong></span> <span class='ocrx_word' id='word_1_28' title='bbox 1560 1425 1695 1457; x_wconf 84' lang='lat' dir='ltr'><strong>licentia</strong></span> <span class='ocrx_word' id='word_1_29' title='bbox 1729 1423 1833 1467; x_wconf 74' lang='lat' dir='ltr'><strong>vulgo</strong></span> <span class='ocrx_word' id='word_1_30' title='bbox 1854 1427 1988 1468; x_wconf 86' lang='lat' dir='ltr'><strong>impune</strong></span> <span class='ocrx_word' id='word_1_31' title='bbox 2007 1428 2197 1460; x_wconf 83' lang='lat' dir='ltr'><strong>scortandi.</strong></span> 
     </span>
     <span class='ocr_line' id='line_1_6' title="bbox 148 1468 2197 1513; baseline -0 -9"><span class='ocrx_word' id='word_1_32' title='bbox 148 1469 363 1509; x_wconf 83' lang='lat' dir='ltr'><strong>coelibatum,</strong></span> <span class='ocrx_word' id='word_1_33' title='bbox 387 1480 453 1503; x_wconf 87' lang='lat' dir='ltr'><strong>nec</strong></span> <span class='ocrx_word' id='word_1_34' title='bbox 476 1469 652 1512; x_wconf 73' lang='lat' dir='ltr'><strong>religione,</strong></span> <span class='ocrx_word' id='word_1_35' title='bbox 678 1480 741 1502; x_wconf 92' lang='lat' dir='ltr'><strong>nec</strong></span> <span class='ocrx_word' id='word_1_36' title='bbox 759 1470 998 1511; x_wconf 78' lang='lat' dir='ltr'><strong>superstitione</strong></span> <span class='ocrx_word' id='word_1_37' title='bbox 1022 1468 1145 1512; x_wconf 83' lang='lat' dir='ltr'><strong>aliqua,</strong></span> <span class='ocrx_word' id='word_1_38' title='bbox 1198 1468 1343 1511; x_wconf 80' lang='lat' dir='ltr'><strong>Propter</strong></span> <span class='ocrx_word' id='word_1_39' title='bbox 1365 1468 1427 1500; x_wconf 88' lang='lat' dir='ltr'><strong>has</strong></span> <span class='ocrx_word' id='word_1_40' title='bbox 1452 1478 1575 1500; x_wconf 87' lang='lat' dir='ltr'><strong>causas</strong></span> <span class='ocrx_word' id='word_1_41' title='bbox 1599 1468 1715 1501; x_wconf 82' lang='lat' dir='ltr'><strong>haeret</strong></span> <span class='ocrx_word' id='word_1_42' title='bbox 1738 1469 1770 1501; x_wconf 91' lang='lat' dir='ltr'><strong>in</strong></span> <span class='ocrx_word' id='word_1_43' title='bbox 1794 1468 1951 1501; x_wconf 80' lang='lat' dir='ltr'><strong>Ecclesia</strong></span> <span class='ocrx_word' id='word_1_44' title='bbox 1982 1470 2102 1513; x_wconf 80' lang='lat' dir='ltr'><strong>ingens</strong></span> <span class='ocrx_word' id='word_1_45' title='bbox 2128 1477 2197 1504; x_wconf 83' lang='lat' dir='ltr'><strong>tur-</strong></span> 
     </span>
     <span class='ocr_line' id='line_1_7' title="bbox 146 1513 2197 1556; baseline 0 -10"><span class='ocrx_word' id='word_1_46' title='bbox 146 1514 209 1547; x_wconf 90' lang='lat' dir='ltr'><strong>sed</strong></span> <span class='ocrx_word' id='word_1_47' title='bbox 242 1520 371 1546; x_wconf 82' lang='lat' dir='ltr'><strong>tantum</strong></span> <span class='ocrx_word' id='word_1_48' title='bbox 406 1514 485 1556; x_wconf 89' lang='lat' dir='ltr'><strong>quia</strong></span> <span class='ocrx_word' id='word_1_49' title='bbox 519 1514 725 1545; x_wconf 82' lang='lat' dir='ltr'><strong>commodior</strong></span> <span class='ocrx_word' id='word_1_50' title='bbox 754 1520 807 1546; x_wconf 89' lang='lat' dir='ltr'><strong>est</strong></span> <span class='ocrx_word' id='word_1_51' title='bbox 839 1514 882 1546; x_wconf 88' lang='lat' dir='ltr'><strong>ad</strong></span> <span class='ocrx_word' id='word_1_52' title='bbox 906 1514 1088 1555; x_wconf 88' lang='lat' dir='ltr'><strong>potentiam</strong></span> <span class='ocrx_word' id='word_1_53' title='bbox 1112 1520 1144 1544; x_wconf 91' lang='lat' dir='ltr'><strong>et</strong></span> <span class='ocrx_word' id='word_1_54' title='bbox 1198 1513 1331 1554; x_wconf 88' lang='lat' dir='ltr'><strong>pitud0‚</strong></span> <span class='ocrx_word' id='word_1_55' title='bbox 1365 1523 1453 1555; x_wconf 87' lang='lat' dir='ltr'><strong>quae</strong></span> <span class='ocrx_word' id='word_1_56' title='bbox 1476 1513 1659 1545; x_wconf 81' lang='lat' dir='ltr'><strong>dedecorat</strong></span> <span class='ocrx_word' id='word_1_57' title='bbox 1682 1519 1788 1545; x_wconf 85' lang='lat' dir='ltr'><strong>totum</strong></span> <span class='ocrx_word' id='word_1_58' title='bbox 1811 1523 1932 1545; x_wconf 77' lang='lat' dir='ltr'><strong>nomen</strong></span> <span class='ocrx_word' id='word_1_59' title='bbox 1957 1513 2197 1547; x_wconf 68' lang='lat' dir='ltr'><strong>Christianum.</strong></span> 
     </span>
     <span class='ocr_line' id='line_1_8' title="bbox 146 1556 2197 1601; baseline 0.001 -12"><span class='ocrx_word' id='word_1_60' title='bbox 146 1557 364 1601; x_wconf 80' lang='lat' dir='ltr'><strong>splendorem</strong></span> <span class='ocrx_word' id='word_1_61' title='bbox 398 1558 614 1589; x_wconf 82' lang='lat' dir='ltr'><strong>sacerdotum</strong></span> <span class='ocrx_word' id='word_1_62' title='bbox 645 1558 864 1590; x_wconf 74' lang='lat' dir='ltr'><strong>retinendum.</strong></span> <span class='ocrx_word' id='word_1_63' title='bbox 933 1558 1022 1588; x_wconf 85' lang='lat' dir='ltr'><strong>Satis</strong></span> <span class='ocrx_word' id='word_1_64' title='bbox 1058 1557 1144 1588; x_wconf 92' lang='lat' dir='ltr'><strong>enim</strong></span> <span class='ocrx_word' id='word_1_65' title='bbox 1198 1556 1284 1587; x_wconf 86' lang='lat' dir='ltr'><strong>Boni</strong></span> <span class='ocrx_word' id='word_1_66' title='bbox 1318 1563 1519 1598; x_wconf 82' lang='lat' dir='ltr'><strong>agnoscunt,</strong></span> <span class='ocrx_word' id='word_1_67' title='bbox 1551 1562 1710 1599; x_wconf 88' lang='lat' dir='ltr'><strong>quantum</strong></span> <span class='ocrx_word' id='word_1_68' title='bbox 1745 1557 1788 1587; x_wconf 87' lang='lat' dir='ltr'><strong>sit</strong></span> <span class='ocrx_word' id='word_1_69' title='bbox 1812 1567 1897 1588; x_wconf 84' lang='lat' dir='ltr'><strong>onus</strong></span> <span class='ocrx_word' id='word_1_70' title='bbox 1927 1556 2129 1597; x_wconf 85' lang='lat' dir='ltr'><strong>coelibatus,</strong></span> <span class='ocrx_word' id='word_1_71' title='bbox 2162 1564 2197 1591; x_wconf 86' lang='lat' dir='ltr'><strong>et</strong></span> 
     </span>
     <span class='ocr_line' id='line_1_9' title="bbox 146 1599 2197 1644; baseline 0 -10"><span class='ocrx_word' id='word_1_72' title='bbox 146 1606 293 1640; x_wconf 83' lang='lat' dir='ltr'><strong>constat,</strong></span> <span class='ocrx_word' id='word_1_73' title='bbox 318 1610 484 1632; x_wconf 86' lang='lat' dir='ltr'><strong>concesso</strong></span> <span class='ocrx_word' id='word_1_74' title='bbox 509 1601 679 1643; x_wconf 85' lang='lat' dir='ltr'><strong>coniugio,</strong></span> <span class='ocrx_word' id='word_1_75' title='bbox 713 1608 871 1642; x_wconf 86' lang='lat' dir='ltr'><strong>oportere</strong></span> <span class='ocrx_word' id='word_1_76' title='bbox 904 1606 937 1633; x_wconf 91' lang='lat' dir='ltr'><strong>et</strong></span> <span class='ocrx_word' id='word_1_77' title='bbox 970 1611 1143 1632; x_wconf 85' lang='lat' dir='ltr'><strong>numerum</strong></span> <span class='ocrx_word' id='word_1_78' title='bbox 1198 1599 1270 1631; x_wconf 85' lang='lat' dir='ltr'><strong>tolli</strong></span> <span class='ocrx_word' id='word_1_79' title='bbox 1294 1607 1466 1642; x_wconf 86' lang='lat' dir='ltr'><strong>cuperent,</strong></span> <span class='ocrx_word' id='word_1_80' title='bbox 1491 1607 1523 1632; x_wconf 89' lang='lat' dir='ltr'><strong>et</strong></span> <span class='ocrx_word' id='word_1_81' title='bbox 1546 1600 1579 1631; x_wconf 89' lang='lat' dir='ltr'><strong>hi</strong></span> <span class='ocrx_word' id='word_1_82' title='bbox 1604 1606 1682 1631; x_wconf 88' lang='lat' dir='ltr'><strong>sunt</strong></span> <span class='ocrx_word' id='word_1_83' title='bbox 1705 1601 1919 1642; x_wconf 78' lang='lat' dir='ltr'><strong>paucissimi:</strong></span> <span class='ocrx_word' id='word_1_84' title='bbox 1954 1600 2097 1644; x_wconf 84' lang='lat' dir='ltr'><strong>Reliqua</strong></span> <span class='ocrx_word' id='word_1_85' title='bbox 2124 1602 2197 1634; x_wconf 85' lang='lat' dir='ltr'><strong>infi-</strong></span> 
     </span>
     <span class='ocr_line' id='line_1_10' title="bbox 146 1642 2196 1688; baseline 0 -11"><span class='ocrx_word' id='word_1_86' title='bbox 146 1651 180 1678; x_wconf 82' lang='lat' dir='ltr'><strong>et</strong></span> <span class='ocrx_word' id='word_1_87' title='bbox 202 1642 359 1688; x_wconf 75' lang='lat' dir='ltr'><strong>pompam</strong></span> <span class='ocrx_word' id='word_1_88' title='bbox 384 1644 534 1682; x_wconf 88' lang='lat' dir='ltr'><strong>diminui,</strong></span> <span class='ocrx_word' id='word_1_89' title='bbox 558 1650 591 1675; x_wconf 91' lang='lat' dir='ltr'><strong>ut</strong></span> <span class='ocrx_word' id='word_1_90' title='bbox 624 1644 833 1676; x_wconf 66' lang='lat' dir='ltr'><strong>(lraecorum</strong></span> <span class='ocrx_word' id='word_1_91' title='bbox 857 1644 1056 1676; x_wconf 83' lang='lat' dir='ltr'><strong>sacerdotes</strong></span> <span class='ocrx_word' id='word_1_92' title='bbox 1079 1654 1143 1676; x_wconf 90' lang='lat' dir='ltr'><strong>nec</strong></span> <span class='ocrx_word' id='word_1_93' title='bbox 1197 1644 1265 1675; x_wconf 80' lang='lat' dir='ltr'><strong>nita</strong></span> <span class='ocrx_word' id='word_1_94' title='bbox 1299 1643 1475 1676; x_wconf 88' lang='lat' dir='ltr'><strong>multitudo</strong></span> <span class='ocrx_word' id='word_1_95' title='bbox 1504 1654 1604 1687; x_wconf 81' lang='lat' dir='ltr'><strong>quam</strong></span> <span class='ocrx_word' id='word_1_96' title='bbox 1632 1644 1803 1686; x_wconf 90' lang='lat' dir='ltr'><strong>inquinate</strong></span> <span class='ocrx_word' id='word_1_97' title='bbox 1838 1645 1941 1676; x_wconf 72' lang='lat' dir='ltr'><strong>vivit?</strong></span> <span class='ocrx_word' id='word_1_98' title='bbox 2007 1645 2115 1681; x_wconf 88' lang='lat' dir='ltr'><strong>Quam</strong></span> <span class='ocrx_word' id='word_1_99' title='bbox 2140 1656 2196 1678; x_wconf 91' lang='lat' dir='ltr'><strong>ne-</strong></span> 
     </span>
     <span class='ocr_line' id='line_1_11' title="bbox 147 1686 2195 1730; baseline 0 -9"><span class='ocrx_word' id='word_1_100' title='bbox 147 1695 259 1721; x_wconf 70' lang='lat' dir='ltr'><strong>tantas</strong></span> <span class='ocrx_word' id='word_1_101' title='bbox 302 1690 403 1730; x_wconf 84' lang='lat' dir='ltr'><strong>opes&#39;,</strong></span> <span class='ocrx_word' id='word_1_102' title='bbox 451 1698 514 1719; x_wconf 88' lang='lat' dir='ltr'><strong>nec</strong></span> <span class='ocrx_word' id='word_1_103' title='bbox 551 1688 689 1729; x_wconf 89' lang='lat' dir='ltr'><strong>imperia</strong></span> <span class='ocrx_word' id='word_1_104' title='bbox 729 1688 841 1730; x_wconf 80' lang='lat' dir='ltr'><strong>adepti</strong></span> <span class='ocrx_word' id='word_1_105' title='bbox 875 1693 963 1719; x_wconf 89' lang='lat' dir='ltr'><strong>sunt.</strong></span> <span class='ocrx_word' id='word_1_106' title='bbox 1030 1687 1143 1719; x_wconf 88' lang='lat' dir='ltr'><strong>Turba</strong></span> <span class='ocrx_word' id='word_1_107' title='bbox 1196 1686 1312 1729; x_wconf 86' lang='lat' dir='ltr'><strong>pharia</strong></span> <span class='ocrx_word' id='word_1_108' title='bbox 1347 1687 1473 1729; x_wconf 82' lang='lat' dir='ltr'><strong>flagitia</strong></span> <span class='ocrx_word' id='word_1_109' title='bbox 1498 1694 1681 1719; x_wconf 85' lang='lat' dir='ltr'><strong>cernuntur</strong></span> <span class='ocrx_word' id='word_1_110' title='bbox 1704 1688 1831 1720; x_wconf 81' lang='lat' dir='ltr'><strong>Romae</strong></span> <span class='ocrx_word' id='word_1_111' title='bbox 1856 1694 1888 1720; x_wconf 92' lang='lat' dir='ltr'><strong>et</strong></span> <span class='ocrx_word' id='word_1_112' title='bbox 1911 1687 2018 1722; x_wconf 72' lang='lat' dir='ltr'><strong>alibi?</strong></span> <span class='ocrx_word' id='word_1_113' title='bbox 2075 1688 2195 1725; x_wconf 86' lang='lat' dir='ltr'><strong>Qualis</strong></span> 
     </span>
     <span class='ocr_line' id='line_1_12' title="bbox 147 1729 2196 1775; baseline 0 -11"><span class='ocrx_word' id='word_1_114' title='bbox 147 1733 247 1764; x_wconf 88' lang='lat' dir='ltr'><strong>etiam</strong></span> <span class='ocrx_word' id='word_1_115' title='bbox 270 1737 364 1763; x_wconf 87' lang='lat' dir='ltr'><strong>tanta</strong></span> <span class='ocrx_word' id='word_1_116' title='bbox 387 1732 420 1763; x_wconf 81' lang='lat' dir='ltr'><strong>in</strong></span> <span class='ocrx_word' id='word_1_117' title='bbox 445 1729 586 1773; x_wconf 81' lang='lat' dir='ltr'><strong>singulis</strong></span> <span class='ocrx_word' id='word_1_118' title='bbox 611 1729 795 1769; x_wconf 89' lang='lat' dir='ltr'><strong>Ecclesiis‚</strong></span> <span class='ocrx_word' id='word_1_119' title='bbox 831 1737 1065 1773; x_wconf 83' lang='lat' dir='ltr'><strong>praeterquam</strong></span> <span class='ocrx_word' id='word_1_120' title='bbox 1088 1731 1143 1763; x_wconf 92' lang='lat' dir='ltr'><strong>ubi</strong></span> <span class='ocrx_word' id='word_1_121' title='bbox 1196 1737 1248 1762; x_wconf 88' lang='lat' dir='ltr'><strong>est</strong></span> <span class='ocrx_word' id='word_1_122' title='bbox 1284 1732 1416 1772; x_wconf 82' lang='lat' dir='ltr'><strong>specics</strong></span> <span class='ocrx_word' id='word_1_123' title='bbox 1452 1730 1695 1773; x_wconf 82' lang='lat' dir='ltr'><strong>collegiorum,</strong></span> <span class='ocrx_word' id='word_1_124' title='bbox 1734 1733 1766 1763; x_wconf 89' lang='lat' dir='ltr'><strong>in</strong></span> <span class='ocrx_word' id='word_1_125' title='bbox 1802 1733 1923 1773; x_wconf 88' lang='lat' dir='ltr'><strong>quibus</strong></span> <span class='ocrx_word' id='word_1_126' title='bbox 1959 1739 2037 1764; x_wconf 86' lang='lat' dir='ltr'><strong>sunt</strong></span> <span class='ocrx_word' id='word_1_127' title='bbox 2071 1744 2196 1775; x_wconf 78' lang='lat' dir='ltr'><strong>magna</strong></span> 
     </span>
     <span class='ocr_line' id='line_1_13' title="bbox 146 1773 2196 1817; baseline 0.001 -10"><span class='ocrx_word' id='word_1_128' title='bbox 146 1774 290 1808; x_wconf 80' lang='lat' dir='ltr'><strong>scholae</strong></span> <span class='ocrx_word' id='word_1_129' title='bbox 325 1781 438 1813; x_wconf 86' lang='lat' dir='ltr'><strong>erant,</strong></span> <span class='ocrx_word' id='word_1_130' title='bbox 472 1785 539 1806; x_wconf 83' lang='lat' dir='ltr'><strong>non</strong></span> <span class='ocrx_word' id='word_1_131' title='bbox 564 1773 634 1806; x_wconf 82' lang='lat' dir='ltr'><strong>fuit.</strong></span> <span class='ocrx_word' id='word_1_132' title='bbox 703 1773 827 1806; x_wconf 91' lang='lat' dir='ltr'><strong>Nolunt</strong></span> <span class='ocrx_word' id='word_1_133' title='bbox 850 1781 961 1807; x_wconf 85' lang='lat' dir='ltr'><strong>autem</strong></span> <span class='ocrx_word' id='word_1_134' title='bbox 986 1775 1142 1817; x_wconf 77' lang='lat' dir='ltr'><strong>Episcopi</strong></span> <span class='ocrx_word' id='word_1_135' title='bbox 1196 1776 1329 1817; x_wconf 83' lang='lat' dir='ltr'><strong>agmina</strong></span> <span class='ocrx_word' id='word_1_136' title='bbox 1364 1782 1554 1807; x_wconf 88' lang='lat' dir='ltr'><strong>scortorum</strong></span> <span class='ocrx_word' id='word_1_137' title='bbox 1585 1781 1617 1807; x_wconf 85' lang='lat' dir='ltr'><strong>et</strong></span> <span class='ocrx_word' id='word_1_138' title='bbox 1651 1774 1901 1808; x_wconf 70' lang='lat' dir='ltr'><strong>adulterarum?</strong></span> <span class='ocrx_word' id='word_1_139' title='bbox 1968 1776 2060 1808; x_wconf 88' lang='lat' dir='ltr'><strong>Haec</strong></span> <span class='ocrx_word' id='word_1_140' title='bbox 2085 1777 2196 1809; x_wconf 85' lang='lat' dir='ltr'><strong>rident</strong></span> 
     </span>
     <span class='ocr_line' id='line_1_14' title="bbox 146 1817 2196 1865; baseline 0.001 -15"><span class='ocrx_word' id='word_1_141' title='bbox 146 1825 180 1850; x_wconf 88' lang='lat' dir='ltr'><strong>et</strong></span> <span class='ocrx_word' id='word_1_142' title='bbox 208 1818 264 1850; x_wconf 89' lang='lat' dir='ltr'><strong>alii</strong></span> <span class='ocrx_word' id='word_1_143' title='bbox 299 1818 465 1850; x_wconf 82' lang='lat' dir='ltr'><strong>ambitiosi</strong></span> <span class='ocrx_word' id='word_1_144' title='bbox 499 1818 709 1856; x_wconf 81' lang='lat' dir='ltr'><strong>sacerdotes,</strong></span> <span class='ocrx_word' id='word_1_145' title='bbox 744 1817 868 1860; x_wconf 85' lang='lat' dir='ltr'><strong>aliquid</strong></span> <span class='ocrx_word' id='word_1_146' title='bbox 904 1819 946 1850; x_wconf 92' lang='lat' dir='ltr'><strong>de</strong></span> <span class='ocrx_word' id='word_1_147' title='bbox 970 1819 1142 1865; x_wconf 53' lang='lat' dir='ltr'><strong>dignitate,</strong></span> <span class='ocrx_word' id='word_1_148' title='bbox 1195 1819 1353 1860; x_wconf 82' lang='lat' dir='ltr'><strong>Epicurei</strong></span> <span class='ocrx_word' id='word_1_149' title='bbox 1388 1818 1571 1850; x_wconf 81' lang='lat' dir='ltr'><strong>Pontifices</strong></span> <span class='ocrx_word' id='word_1_150' title='bbox 1605 1829 1647 1850; x_wconf 88' lang='lat' dir='ltr'><strong>ac</strong></span> <span class='ocrx_word' id='word_1_151' title='bbox 1682 1820 1875 1861; x_wconf 85' lang='lat' dir='ltr'><strong>Principes,</strong></span> <span class='ocrx_word' id='word_1_152' title='bbox 1911 1826 1944 1851; x_wconf 90' lang='lat' dir='ltr'><strong>et</strong></span> <span class='ocrx_word' id='word_1_153' title='bbox 1978 1830 2042 1851; x_wconf 91' lang='lat' dir='ltr'><strong>nos</strong></span> <span class='ocrx_word' id='word_1_154' title='bbox 2076 1826 2196 1862; x_wconf 84' lang='lat' dir='ltr'><strong>putant</strong></span> 
     </span>
     <span class='ocr_line' id='line_1_15' title="bbox 146 1860 2194 1905; baseline 0.001 -11"><span class='ocrx_word' id='word_1_155' title='bbox 146 1868 205 1894; x_wconf 88' lang='lat' dir='ltr'><strong>aut</strong></span> <span class='ocrx_word' id='word_1_156' title='bbox 228 1863 270 1893; x_wconf 91' lang='lat' dir='ltr'><strong>de</strong></span> <span class='ocrx_word' id='word_1_157' title='bbox 294 1860 475 1903; x_wconf 85' lang='lat' dir='ltr'><strong>splendore</strong></span> <span class='ocrx_word' id='word_1_158' title='bbox 499 1860 639 1894; x_wconf 82' lang='lat' dir='ltr'><strong>detrahi.</strong></span> <span class='ocrx_word' id='word_1_159' title='bbox 697 1862 835 1895; x_wconf 89' lang='lat' dir='ltr'><strong>Accedit</strong></span> <span class='ocrx_word' id='word_1_160' title='bbox 855 1862 939 1901; x_wconf 89' lang='lat' dir='ltr'><strong>huc,</strong></span> <span class='ocrx_word' id='word_1_161' title='bbox 963 1863 1054 1904; x_wconf 90' lang='lat' dir='ltr'><strong>quod</strong></span> <span class='ocrx_word' id='word_1_162' title='bbox 1077 1861 1143 1894; x_wconf 87' lang='lat' dir='ltr'><strong>Re·</strong></span> <span class='ocrx_word' id='word_1_163' title='bbox 1195 1873 1274 1894; x_wconf 84' lang='lat' dir='ltr'><strong>esse</strong></span> <span class='ocrx_word' id='word_1_164' title='bbox 1297 1869 1452 1905; x_wconf 80' lang='lat' dir='ltr'><strong>agrestes</strong></span> <span class='ocrx_word' id='word_1_165' title='bbox 1475 1874 1516 1894; x_wconf 88' lang='lat' dir='ltr'><strong>ac</strong></span> <span class='ocrx_word' id='word_1_166' title='bbox 1535 1861 1696 1902; x_wconf 86' lang='lat' dir='ltr'><strong>stolidos,</strong></span> <span class='ocrx_word' id='word_1_167' title='bbox 1720 1863 1776 1905; x_wconf 89' lang='lat' dir='ltr'><strong>qui</strong></span> <span class='ocrx_word' id='word_1_168' title='bbox 1802 1864 1863 1895; x_wconf 88' lang='lat' dir='ltr'><strong>has</strong></span> <span class='ocrx_word' id='word_1_169' title='bbox 1888 1862 2025 1895; x_wconf 84' lang='lat' dir='ltr'><strong>delicias</strong></span> <span class='ocrx_word' id='word_1_170' title='bbox 2050 1865 2194 1896; x_wconf 67' lang='lat' dir='ltr'><strong>arbitra-</strong></span> 
     </span>
     <span class='ocr_line' id='line_1_16' title="bbox 145 1904 2193 1948; baseline 0.001 -11"><span class='ocrx_word' id='word_1_171' title='bbox 145 1905 225 1948; x_wconf 78' lang='lat' dir='ltr'><strong>guni</strong></span> <span class='ocrx_word' id='word_1_172' title='bbox 248 1911 281 1937; x_wconf 87' lang='lat' dir='ltr'><strong>et</strong></span> <span class='ocrx_word' id='word_1_173' title='bbox 294 1906 485 1947; x_wconf 67' lang='lat' dir='ltr'><strong>Principum</strong></span> <span class='ocrx_word' id='word_1_174' title='bbox 508 1906 605 1937; x_wconf 87' lang='lat' dir='ltr'><strong>aulae</strong></span> <span class='ocrx_word' id='word_1_175' title='bbox 625 1912 703 1937; x_wconf 89' lang='lat' dir='ltr'><strong>sunt</strong></span> <span class='ocrx_word' id='word_1_176' title='bbox 728 1906 916 1938; x_wconf 85' lang='lat' dir='ltr'><strong>ornatiores</strong></span> <span class='ocrx_word' id='word_1_177' title='bbox 940 1912 973 1937; x_wconf 90' lang='lat' dir='ltr'><strong>et</strong></span> <span class='ocrx_word' id='word_1_178' title='bbox 987 1904 1142 1947; x_wconf 81' lang='lat' dir='ltr'><strong>frequen·</strong></span> <span class='ocrx_word' id='word_1_179' title='bbox 1195 1917 1270 1938; x_wconf 91' lang='lat' dir='ltr'><strong>mur</strong></span> <span class='ocrx_word' id='word_1_180' title='bbox 1288 1905 1584 1948; x_wconf 74' lang='lat' dir='ltr'><strong>reprehendendas</strong></span> <span class='ocrx_word' id='word_1_181' title='bbox 1603 1917 1691 1939; x_wconf 72' lang='lat' dir='ltr'><strong>esse.</strong></span> <span class='ocrx_word' id='word_1_182' title='bbox 1721 1907 1757 1939; x_wconf 72' lang='lat' dir='ltr'><strong>Si</strong></span> <span class='ocrx_word' id='word_1_183' title='bbox 1781 1907 1966 1939; x_wconf 84' lang='lat' dir='ltr'><strong>iudicarent</strong></span> <span class='ocrx_word' id='word_1_184' title='bbox 1979 1918 2055 1939; x_wconf 89' lang='lat' dir='ltr'><strong>esse</strong></span> <span class='ocrx_word' id='word_1_185' title='bbox 2068 1907 2193 1948; x_wconf 89' lang='lat' dir='ltr'><strong>Deum,</strong></span> 
     </span>
     <span class='ocr_line' id='line_1_17' title="bbox 148 1947 1639 1991; baseline 0 -10"><span class='ocrx_word' id='word_1_186' title='bbox 148 1950 251 1981; x_wconf 86' lang='lat' dir='ltr'><strong>tiores</strong></span> <span class='ocrx_word' id='word_1_187' title='bbox 282 1947 442 1981; x_wconf 84' lang='lat' dir='ltr'><strong>satellitio</strong></span> <span class='ocrx_word' id='word_1_188' title='bbox 467 1949 712 1991; x_wconf 86' lang='lat' dir='ltr'><strong>Episcoporum</strong></span> <span class='ocrx_word' id='word_1_189' title='bbox 737 1955 769 1980; x_wconf 91' lang='lat' dir='ltr'><strong>et</strong></span> <span class='ocrx_word' id='word_1_190' title='bbox 792 1948 1051 1987; x_wconf 71' lang='lat' dir='ltr'><strong>Canmdcorum,</strong></span> <span class='ocrx_word' id='word_1_191' title='bbox 1086 1951 1141 1991; x_wconf 89' lang='lat' dir='ltr'><strong>qui</strong></span> <span class='ocrx_word' id='word_1_192' title='bbox 1528 1951 1535 1958; x_wconf 85' lang='lat'><strong><em>‘</em></strong></span> <span class='ocrx_word' id='word_1_193' title='bbox 1563 1951 1570 1958; x_wconf 91' lang='lat'>&#39;</span> <span class='ocrx_word' id='word_1_194' title='bbox 1598 1951 1604 1958; x_wconf 89' lang='grc'><em>“</em></span> <span class='ocrx_word' id='word_1_195' title='bbox 1632 1951 1639 1958; x_wconf 92' lang='grc'><strong>”</strong></span> 
     </span>
     <span class='ocr_line' id='line_1_18' title="bbox 147 1991 2193 2038; baseline 0.001 -14"><span class='ocrx_word' id='word_1_196' title='bbox 147 1993 346 2025; x_wconf 84' lang='lat' dir='ltr'><strong>comitantur</strong></span> <span class='ocrx_word' id='word_1_197' title='bbox 369 1991 466 2024; x_wconf 88' lang='lat' dir='ltr'><strong>aulas</strong></span> <span class='ocrx_word' id='word_1_198' title='bbox 490 1993 562 2024; x_wconf 85' lang='lat' dir='ltr'><strong>sine</strong></span> <span class='ocrx_word' id='word_1_199' title='bbox 576 1992 704 2035; x_wconf 77' lang='lat' dir='ltr'><strong>Regum</strong></span> <span class='ocrx_word' id='word_1_200' title='bbox 729 1999 873 2035; x_wconf 86' lang='lat' dir='ltr'><strong>sumptu.</strong></span> <span class='ocrx_word' id='word_1_201' title='bbox 919 1992 961 2024; x_wconf 89' lang='lat' dir='ltr'><strong>Et</strong></span> <span class='ocrx_word' id='word_1_202' title='bbox 985 1993 1040 2024; x_wconf 87' lang='lat' dir='ltr'><strong>hic</strong></span> <span class='ocrx_word' id='word_1_203' title='bbox 1064 2003 1140 2024; x_wconf 87' lang='lat' dir='ltr'><strong>coe·</strong></span> <span class='ocrx_word' id='word_1_204' title='bbox 1194 1994 1391 2036; x_wconf 88' lang='lat' dir='ltr'><strong>persuaderi</strong></span> <span class='ocrx_word' id='word_1_205' title='bbox 1415 2000 1568 2036; x_wconf 82' lang='lat' dir='ltr'><strong>possent,</strong></span> <span class='ocrx_word' id='word_1_206' title='bbox 1594 2001 1628 2026; x_wconf 91' lang='lat' dir='ltr'><strong>ut</strong></span> <span class='ocrx_word' id='word_1_207' title='bbox 1653 1995 1792 2026; x_wconf 88' lang='lat' dir='ltr'><strong>iniustas</strong></span> <span class='ocrx_word' id='word_1_208' title='bbox 1819 2002 1851 2026; x_wconf 89' lang='lat' dir='ltr'><strong>et</strong></span> <span class='ocrx_word' id='word_1_209' title='bbox 1876 1996 2072 2038; x_wconf 85' lang='lat' dir='ltr'><strong>tyrannicas</strong></span> <span class='ocrx_word' id='word_1_210' title='bbox 2096 1994 2193 2038; x_wconf 80' lang='lat' dir='ltr'><strong>leges</strong></span> 
     </span>
     <span class='ocr_line' id='line_1_19' title="bbox 601 2037 2192 2082; baseline 0.003 -14"><span class='ocrx_word' id='word_1_211' title='bbox 601 2073 604 2076; x_wconf 85' lang='lat'><em>.</em></span> <span class='ocrx_word' id='word_1_212' title='bbox 1194 2037 1381 2076; x_wconf 86' lang='lat' dir='ltr'><strong>abolerent,</strong></span> <span class='ocrx_word' id='word_1_213' title='bbox 1406 2048 1492 2080; x_wconf 91' lang='lat' dir='ltr'><strong>quae</strong></span> <span class='ocrx_word' id='word_1_214' title='bbox 1512 2044 1587 2069; x_wconf 84' lang='lat' dir='ltr'><strong>sunt</strong></span> <span class='ocrx_word' id='word_1_215' title='bbox 1602 2037 1714 2070; x_wconf 75' lang='lat' dir='ltr'><strong>fontes</strong></span> <span class='ocrx_word' id='word_1_216' title='bbox 1728 2044 1896 2077; x_wconf 79' lang='lat' dir='ltr'><strong>tantorum</strong></span> <span class='ocrx_word' id='word_1_217' title='bbox 1916 2038 2095 2078; x_wconf 87' lang='lat' dir='ltr'><strong>scelerum,</strong></span> <span class='ocrx_word' id='word_1_218' title='bbox 2121 2039 2192 2082; x_wconf 84' lang='lat' dir='ltr'><strong>qui-</strong></span> 
     </span>
     <span class='ocr_line' id='line_1_20' title="bbox 146 2079 1141 2122; baseline 0 -11"><span class='ocrx_word' id='word_1_219' title='bbox 146 2090 222 2112; x_wconf 89' lang='lat' dir='ltr'><strong>cum</strong></span> <span class='ocrx_word' id='word_1_220' title='bbox 247 2080 414 2118; x_wconf 75' lang='lat' dir='ltr'><strong>decuriae,</strong></span> <span class='ocrx_word' id='word_1_221' title='bbox 439 2080 517 2111; x_wconf 88' lang='lat' dir='ltr'><strong>hinc</strong></span> <span class='ocrx_word' id='word_1_222' title='bbox 541 2079 731 2122; x_wconf 79' lang='lat' dir='ltr'><strong>deliguntur</strong></span> <span class='ocrx_word' id='word_1_223' title='bbox 754 2080 905 2112; x_wconf 87' lang='lat' dir='ltr'><strong>homines</strong></span> <span class='ocrx_word' id='word_1_224' title='bbox 930 2081 1075 2122; x_wconf 81' lang='lat' dir='ltr'><strong>expediti</strong></span> <span class='ocrx_word' id='word_1_225' title='bbox 1099 2081 1141 2112; x_wconf 89' lang='lat' dir='ltr'><strong>ad</strong></span> 
     </span>
     <span class='ocr_line' id='line_1_21' title="bbox 146 2122 1141 2167; baseline 0.001 -13"><span class='ocrx_word' id='word_1_226' title='bbox 146 2122 368 2165; x_wconf 81' lang='lat' dir='ltr'><strong>Legationes,</strong></span> <span class='ocrx_word' id='word_1_227' title='bbox 391 2123 433 2154; x_wconf 88' lang='lat' dir='ltr'><strong>ad</strong></span> <span class='ocrx_word' id='word_1_228' title='bbox 458 2122 560 2155; x_wconf 91' lang='lat' dir='ltr'><strong>multa</strong></span> <span class='ocrx_word' id='word_1_229' title='bbox 585 2131 617 2155; x_wconf 87' lang='lat' dir='ltr'><strong>et</strong></span> <span class='ocrx_word' id='word_1_230' title='bbox 641 2124 735 2155; x_wconf 84' lang='lat' dir='ltr'><strong>varia</strong></span> <span class='ocrx_word' id='word_1_231' title='bbox 754 2124 884 2167; x_wconf 77' lang='lat' dir='ltr'><strong>Regum</strong></span> <span class='ocrx_word' id='word_1_232' title='bbox 897 2125 1041 2167; x_wconf 83' lang='lat' dir='ltr'><strong>negotia.</strong></span> <span class='ocrx_word' id='word_1_233' title='bbox 1072 2123 1141 2155; x_wconf 89' lang='lat' dir='ltr'><strong>De-</strong></span> 
     </span>
     <span class='ocr_line' id='line_1_22' title="bbox 145 2166 1140 2209; baseline 0.001 -11"><span class='ocrx_word' id='word_1_234' title='bbox 145 2166 224 2198; x_wconf 88' lang='lat' dir='ltr'><strong>inde</strong></span> <span class='ocrx_word' id='word_1_235' title='bbox 258 2166 371 2209; x_wconf 48' lang='lat' dir='ltr'><strong>Reges</strong></span> <span class='ocrx_word' id='word_1_236' title='bbox 406 2167 504 2198; x_wconf 88' lang='lat' dir='ltr'><strong>etiam</strong></span> <span class='ocrx_word' id='word_1_237' title='bbox 539 2167 729 2199; x_wconf 87' lang='lat' dir='ltr'><strong>adfectibus</strong></span> <span class='ocrx_word' id='word_1_238' title='bbox 764 2167 947 2199; x_wconf 82' lang='lat' dir='ltr'><strong>nobilitatis</strong></span> <span class='ocrx_word' id='word_1_239' title='bbox 979 2168 1140 2206; x_wconf 83' lang='lat' dir='ltr'><strong>serviunt,</strong></span> 
     </span>
     <span class='ocr_line' id='line_1_23' title="bbox 147 2210 1142 2253; baseline 0.002 -12"><span class='ocrx_word' id='word_1_240' title='bbox 147 2220 235 2252; x_wconf 84' lang='lat' dir='ltr'><strong>quae</strong></span> <span class='ocrx_word' id='word_1_241' title='bbox 248 2216 298 2241; x_wconf 86' lang='lat' dir='ltr'><strong>est</strong></span> <span class='ocrx_word' id='word_1_242' title='bbox 312 2210 538 2242; x_wconf 81' lang='lat' dir='ltr'><strong>inimicissima</strong></span> <span class='ocrx_word' id='word_1_243' title='bbox 553 2211 710 2253; x_wconf 80' lang='lat' dir='ltr'><strong>coniugio</strong></span> <span class='ocrx_word' id='word_1_244' title='bbox 723 2213 949 2250; x_wconf 82' lang='lat' dir='ltr'><strong>sacerdotum,</strong></span> <span class='ocrx_word' id='word_1_245' title='bbox 961 2217 1142 2253; x_wconf 83' lang='lat' dir='ltr'><strong>propterea</strong></span> 
     </span>
     <span class='ocr_line' id='line_1_24' title="bbox 146 2253 1139 2298; baseline 0.003 -14"><span class='ocrx_word' id='word_1_246' title='bbox 146 2254 237 2296; x_wconf 81' lang='lat' dir='ltr'><strong>quod</strong></span> <span class='ocrx_word' id='word_1_247' title='bbox 260 2254 324 2295; x_wconf 78' lang='lat' dir='ltr'><strong>ipsi</strong></span> <span class='ocrx_word' id='word_1_248' title='bbox 347 2264 437 2286; x_wconf 82' lang='lat' dir='ltr'><strong>nunc</strong></span> <span class='ocrx_word' id='word_1_249' title='bbox 459 2254 585 2295; x_wconf 85' lang='lat' dir='ltr'><strong>passim</strong></span> <span class='ocrx_word' id='word_1_250' title='bbox 604 2253 770 2295; x_wconf 83' lang='lat' dir='ltr'><strong>opulentis</strong></span> <span class='ocrx_word' id='word_1_251' title='bbox 795 2254 948 2298; x_wconf 76' lang='lat' dir='ltr'><strong>collegiis</strong></span> <span class='ocrx_word' id='word_1_252' title='bbox 975 2255 1139 2288; x_wconf 83' lang='lat' dir='ltr'><strong>fruuntur.</strong></span> 
     </span>
    </p>
   </div>
   <div class='ocr_carea' id='block_1_6' title="bbox 145 2079 2191 2637">
    <p class='ocr_par' dir='ltr' id='par_1_6' title="bbox 145 2079 2191 2637">
     <span class='ocr_line' id='line_1_25' title="bbox 1194 2079 2191 2124; baseline 0.003 -12"><span class='ocrx_word' id='word_1_253' title='bbox 1194 2082 1258 2113; x_wconf 87' lang='lat' dir='ltr'><strong>bus</strong></span> <span class='ocrx_word' id='word_1_254' title='bbox 1295 2079 1451 2113; x_wconf 80' lang='lat' dir='ltr'><strong>Ecclesia</strong></span> <span class='ocrx_word' id='word_1_255' title='bbox 1481 2080 1649 2124; x_wconf 90' lang='lat' dir='ltr'><strong>polluitur.</strong></span> <span class='ocrx_word' id='word_1_256' title='bbox 1713 2082 1783 2113; x_wconf 82' lang='lat' dir='ltr'><strong>Sed</strong></span> <span class='ocrx_word' id='word_1_257' title='bbox 1818 2080 1998 2115; x_wconf 89' lang='lat' dir='ltr'><strong>dolendum</strong></span> <span class='ocrx_word' id='word_1_258' title='bbox 2030 2089 2082 2115; x_wconf 86' lang='lat' dir='ltr'><strong>est</strong></span> <span class='ocrx_word' id='word_1_259' title='bbox 2104 2084 2191 2115; x_wconf 83' lang='lat' dir='ltr'><strong>adeo</strong></span> 
     </span>
     <span class='ocr_line' id='line_1_26' title="bbox 1193 2124 2190 2167; baseline 0.004 -12"><span class='ocrx_word' id='word_1_260' title='bbox 1193 2124 1388 2167; x_wconf 83' lang='lat' dir='ltr'><strong>prophanas</strong></span> <span class='ocrx_word' id='word_1_261' title='bbox 1412 2131 1543 2157; x_wconf 82' lang='lat' dir='ltr'><strong>mentes</strong></span> <span class='ocrx_word' id='word_1_262' title='bbox 1567 2136 1645 2157; x_wconf 56' lang='lat' dir='ltr'><strong>esse</strong></span> <span class='ocrx_word' id='word_1_263' title='bbox 1668 2124 1864 2165; x_wconf 87' lang='lat' dir='ltr'><strong>multorum,</strong></span> <span class='ocrx_word' id='word_1_264' title='bbox 1900 2133 1936 2158; x_wconf 90' lang='lat' dir='ltr'><strong>ut</strong></span> <span class='ocrx_word' id='word_1_265' title='bbox 1970 2126 2123 2159; x_wconf 86' lang='lat' dir='ltr'><strong>libidines</strong></span> <span class='ocrx_word' id='word_1_266' title='bbox 2146 2127 2190 2159; x_wconf 83' lang='lat' dir='ltr'><strong>ri—</strong></span> 
     </span>
     <span class='ocr_line' id='line_1_27' title="bbox 1194 2167 2191 2213; baseline 0.003 -13"><span class='ocrx_word' id='word_1_267' title='bbox 1194 2169 1307 2207; x_wconf 86' lang='lat' dir='ltr'><strong>deant,</strong></span> <span class='ocrx_word' id='word_1_268' title='bbox 1333 2170 1454 2200; x_wconf 86' lang='lat' dir='ltr'><strong>deinde</strong></span> <span class='ocrx_word' id='word_1_269' title='bbox 1468 2167 1651 2201; x_wconf 87' lang='lat' dir='ltr'><strong>defendant</strong></span> <span class='ocrx_word' id='word_1_270' title='bbox 1667 2168 1777 2211; x_wconf 80' lang='lat' dir='ltr'><strong>legem</strong></span> <span class='ocrx_word' id='word_1_271' title='bbox 1801 2170 1842 2201; x_wconf 78' lang='lat' dir='ltr'><strong>cle</strong></span> <span class='ocrx_word' id='word_1_272' title='bbox 1863 2169 2030 2203; x_wconf 91' lang='lat' dir='ltr'><strong>coelibatu</strong></span> <span class='ocrx_word' id='word_1_273' title='bbox 2053 2176 2191 2213; x_wconf 86' lang='lat' dir='ltr'><strong>propter</strong></span> 
     </span>
     <span class='ocr_line' id='line_1_28' title="bbox 1193 2212 2189 2257; baseline 0.003 -13"><span class='ocrx_word' id='word_1_274' title='bbox 1193 2222 1294 2253; x_wconf 81' lang='lat' dir='ltr'><strong>opeS,</strong></span> <span class='ocrx_word' id='word_1_275' title='bbox 1332 2218 1364 2244; x_wconf 88' lang='lat' dir='ltr'><strong>et</strong></span> <span class='ocrx_word' id='word_1_276' title='bbox 1387 2219 1497 2244; x_wconf 81' lang='lat' dir='ltr'><strong>tamen</strong></span> <span class='ocrx_word' id='word_1_277' title='bbox 1523 2212 1610 2244; x_wconf 80' lang='lat' dir='ltr'><strong>salso</strong></span> <span class='ocrx_word' id='word_1_278' title='bbox 1633 2219 1831 2255; x_wconf 82' lang='lat' dir='ltr'><strong>praetexant</strong></span> <span class='ocrx_word' id='word_1_279' title='bbox 1855 2213 2050 2257; x_wconf 77' lang='lat' dir='ltr'><strong>religionem</strong></span> <span class='ocrx_word' id='word_1_280' title='bbox 2075 2220 2108 2246; x_wconf 88' lang='lat' dir='ltr'><strong>et</strong></span> <span class='ocrx_word' id='word_1_281' title='bbox 2131 2225 2189 2246; x_wconf 88' lang='lat' dir='ltr'><strong>no-</strong></span> 
     </span>
     <span class='ocr_line' id='line_1_29' title="bbox 1193 2255 2188 2300; baseline 0.003 -13"><span class='ocrx_word' id='word_1_282' title='bbox 1193 2267 1268 2288; x_wconf 88' lang='lat' dir='ltr'><strong>men</strong></span> <span class='ocrx_word' id='word_1_283' title='bbox 1291 2255 1366 2287; x_wconf 89' lang='lat' dir='ltr'><strong>Dei.</strong></span> <span class='ocrx_word' id='word_1_284' title='bbox 1413 2256 1509 2288; x_wconf 89' lang='lat' dir='ltr'><strong>Hanc</strong></span> <span class='ocrx_word' id='word_1_285' title='bbox 1534 2255 1768 2288; x_wconf 83' lang='lat' dir='ltr'><strong>contumeliam</strong></span> <span class='ocrx_word' id='word_1_286' title='bbox 1793 2259 1934 2289; x_wconf 86' lang='lat' dir='ltr'><strong>nominis</strong></span> <span class='ocrx_word' id='word_1_287' title='bbox 1959 2258 2010 2290; x_wconf 88' lang='lat' dir='ltr'><strong>sni</strong></span> <span class='ocrx_word' id='word_1_288' title='bbox 2034 2257 2188 2300; x_wconf 77' lang='lat' dir='ltr'><strong>profecto</strong></span> 
     </span>
     <span class='ocr_line' id='line_1_30' title="bbox 145 2296 1141 2341; baseline 0.002 -13"><span class='ocrx_word' id='word_1_289' title='bbox 145 2296 189 2329; x_wconf 90' lang='lat' dir='ltr'><strong>Et</strong></span> <span class='ocrx_word' id='word_1_290' title='bbox 211 2296 334 2329; x_wconf 86' lang='lat' dir='ltr'><strong>multae</strong></span> <span class='ocrx_word' id='word_1_291' title='bbox 356 2297 503 2329; x_wconf 86' lang='lat' dir='ltr'><strong>familiae</strong></span> <span class='ocrx_word' id='word_1_292' title='bbox 527 2298 687 2340; x_wconf 79' lang='lat' dir='ltr'><strong>dignitate</strong></span> <span class='ocrx_word' id='word_1_293' title='bbox 711 2304 744 2330; x_wconf 89' lang='lat' dir='ltr'><strong>et</strong></span> <span class='ocrx_word' id='word_1_294' title='bbox 767 2299 887 2340; x_wconf 86' lang='lat' dir='ltr'><strong>opibus</strong></span> <span class='ocrx_word' id='word_1_295' title='bbox 921 2305 1086 2341; x_wconf 82' lang='lat' dir='ltr'><strong>augentur</strong></span> <span class='ocrx_word' id='word_1_296' title='bbox 1108 2300 1141 2330; x_wconf 91' lang='lat' dir='ltr'><strong>in</strong></span> 
     </span>
     <span class='ocr_line' id='line_1_31' title="bbox 145 2339 1141 2384; baseline 0.001 -12"><span class='ocrx_word' id='word_1_297' title='bbox 145 2340 212 2374; x_wconf 88' lang='lat' dir='ltr'><strong>hoc</strong></span> <span class='ocrx_word' id='word_1_298' title='bbox 235 2346 326 2373; x_wconf 86' lang='lat' dir='ltr'><strong>statu</strong></span> <span class='ocrx_word' id='word_1_299' title='bbox 359 2339 678 2373; x_wconf 87' lang='lat' dir='ltr'><strong>Ecclesiasticorum</strong></span> <span class='ocrx_word' id='word_1_300' title='bbox 706 2353 896 2384; x_wconf 90' lang='lat' dir='ltr'><strong>procerum.</strong></span> <span class='ocrx_word' id='word_1_301' title='bbox 966 2343 1141 2375; x_wconf 89' lang='lat' dir='ltr'><strong>Amitteret</strong></span> 
     </span>
     <span class='ocr_line' id='line_1_32' title="bbox 146 2383 1138 2428; baseline 0.003 -13"><span class='ocrx_word' id='word_1_302' title='bbox 146 2391 257 2416; x_wconf 89' lang='lat' dir='ltr'><strong>autem</strong></span> <span class='ocrx_word' id='word_1_303' title='bbox 286 2384 445 2416; x_wconf 86' lang='lat' dir='ltr'><strong>nobilitas</strong></span> <span class='ocrx_word' id='word_1_304' title='bbox 486 2383 669 2428; x_wconf 88' lang='lat' dir='ltr'><strong>plerasque</strong></span> <span class='ocrx_word' id='word_1_305' title='bbox 701 2385 819 2418; x_wconf 91' lang='lat' dir='ltr'><strong>harum</strong></span> <span class='ocrx_word' id='word_1_306' title='bbox 855 2386 1138 2426; x_wconf 72' lang='lat' dir='ltr'><strong>commoditatum,</strong></span> 
     </span>
     <span class='ocr_line' id='line_1_33' title="bbox 145 2426 1140 2472; baseline 0.004 -14"><span class='ocrx_word' id='word_1_307' title='bbox 145 2433 181 2459; x_wconf 85' lang='lat' dir='ltr'><strong>nt</strong></span> <span class='ocrx_word' id='word_1_308' title='bbox 203 2426 302 2459; x_wconf 80' lang='lat' dir='ltr'><strong>facile</strong></span> <span class='ocrx_word' id='word_1_309' title='bbox 325 2434 437 2470; x_wconf 81' lang='lat' dir='ltr'><strong>potest</strong></span> <span class='ocrx_word' id='word_1_310' title='bbox 460 2428 610 2466; x_wconf 86' lang='lat' dir='ltr'><strong>iudicari,</strong></span> <span class='ocrx_word' id='word_1_311' title='bbox 630 2429 659 2460; x_wconf 87' lang='lat' dir='ltr'><strong>si</strong></span> <span class='ocrx_word' id='word_1_312' title='bbox 682 2430 927 2462; x_wconf 88' lang='lat' dir='ltr'><strong>concederetur</strong></span> <span class='ocrx_word' id='word_1_313' title='bbox 950 2430 1140 2472; x_wconf 85' lang='lat' dir='ltr'><strong>coniugium</strong></span> 
     </span>
     <span class='ocr_line' id='line_1_34' title="bbox 146 2471 1140 2515; baseline 0.004 -13"><span class='ocrx_word' id='word_1_314' title='bbox 146 2471 401 2510; x_wconf 77' lang='lat' dir='ltr'><strong>sacerdotibus,</strong></span> <span class='ocrx_word' id='word_1_315' title='bbox 433 2472 523 2514; x_wconf 86' lang='lat' dir='ltr'><strong>quod</strong></span> <span class='ocrx_word' id='word_1_316' title='bbox 558 2478 695 2515; x_wconf 81' lang='lat' dir='ltr'><strong>cogeret</strong></span> <span class='ocrx_word' id='word_1_317' title='bbox 726 2471 850 2515; x_wconf 84' lang='lat' dir='ltr'><strong>aliquid</strong></span> <span class='ocrx_word' id='word_1_318' title='bbox 881 2474 922 2506; x_wconf 93' lang='lat' dir='ltr'><strong>de</strong></span> <span class='ocrx_word' id='word_1_319' title='bbox 944 2473 1024 2505; x_wconf 70' lang='lat' dir='ltr'><strong>luxu</strong></span> <span class='ocrx_word' id='word_1_320' title='bbox 1043 2479 1075 2505; x_wconf 88' lang='lat' dir='ltr'><strong>et</strong></span> <span class='ocrx_word' id='word_1_321' title='bbox 1098 2474 1140 2506; x_wconf 90' lang='lat' dir='ltr'><strong>de</strong></span> 
     </span>
     <span class='ocr_line' id='line_1_35' title="bbox 146 2513 1139 2558; baseline 0.003 -12"><span class='ocrx_word' id='word_1_322' title='bbox 146 2513 329 2558; x_wconf 86' lang='lat' dir='ltr'><strong>splendore</strong></span> <span class='ocrx_word' id='word_1_323' title='bbox 353 2515 498 2547; x_wconf 89' lang='lat' dir='ltr'><strong>diminui.</strong></span> <span class='ocrx_word' id='word_1_324' title='bbox 557 2515 636 2548; x_wconf 89' lang='lat' dir='ltr'><strong>ldeo</strong></span> <span class='ocrx_word' id='word_1_325' title='bbox 661 2514 862 2549; x_wconf 89' lang='lat' dir='ltr'><strong>coelibatum</strong></span> <span class='ocrx_word' id='word_1_326' title='bbox 884 2517 1052 2549; x_wconf 84' lang='lat' dir='ltr'><strong>ambitiosi</strong></span> <span class='ocrx_word' id='word_1_327' title='bbox 1076 2516 1139 2549; x_wconf 84' lang='lat' dir='ltr'><strong>Ca-</strong></span> 
     </span>
     <span class='ocr_line' id='line_1_36' title="bbox 146 2558 1140 2603; baseline 0.003 -13"><span class='ocrx_word' id='word_1_328' title='bbox 146 2559 271 2598; x_wconf 89' lang='lat' dir='ltr'><strong>noniei,</strong></span> <span class='ocrx_word' id='word_1_329' title='bbox 306 2558 486 2599; x_wconf 78' lang='lat' dir='ltr'><strong>Nobilitas,</strong></span> <span class='ocrx_word' id='word_1_330' title='bbox 520 2566 554 2591; x_wconf 87' lang='lat' dir='ltr'><strong>et</strong></span> <span class='ocrx_word' id='word_1_331' title='bbox 588 2559 701 2603; x_wconf 81' lang='lat' dir='ltr'><strong>Reges</strong></span> <span class='ocrx_word' id='word_1_332' title='bbox 736 2561 800 2602; x_wconf 89' lang='lat' dir='ltr'><strong>ipsi</strong></span> <span class='ocrx_word' id='word_1_333' title='bbox 833 2566 926 2593; x_wconf 90' lang='lat' dir='ltr'><strong>tanto</strong></span> <span class='ocrx_word' id='word_1_334' title='bbox 957 2570 1140 2600; x_wconf 88' lang='lat' dir='ltr'><strong>consensu,</strong></span> 
     </span>
     <span class='ocr_line' id='line_1_37' title="bbox 146 2602 1138 2637; baseline 0.003 -3"><span class='ocrx_word' id='word_1_335' title='bbox 146 2603 246 2635; x_wconf 77' lang='lat' dir='ltr'><strong>tantis</strong></span> <span class='ocrx_word' id='word_1_336' title='bbox 270 2603 391 2635; x_wconf 87' lang='lat' dir='ltr'><strong>studiis</strong></span> <span class='ocrx_word' id='word_1_337' title='bbox 414 2602 606 2636; x_wconf 77' lang='lat' dir='ltr'><strong>defendunt.</strong></span> <span class='ocrx_word' id='word_1_338' title='bbox 653 2603 713 2635; x_wconf 86' lang='lat' dir='ltr'><strong>Est</strong></span> <span class='ocrx_word' id='word_1_339' title='bbox 738 2605 834 2636; x_wconf 87' lang='lat' dir='ltr'><strong>etiam</strong></span> <span class='ocrx_word' id='word_1_340' title='bbox 860 2603 1056 2637; x_wconf 88' lang='lat' dir='ltr'><strong>multitudini</strong></span> <span class='ocrx_word' id='word_1_341' title='bbox 1075 2604 1138 2637; x_wconf 86' lang='lat' dir='ltr'><strong>Ca-</strong></span> 
     </span>
    </p>
   </div>
   <div class='ocr_carea' id='block_1_7' title="bbox 1192 2299 2187 2376">
    <p class='ocr_par' dir='ltr' id='par_1_7' title="bbox 1192 2299 2187 2376">
     <span class='ocr_line' id='line_1_38' title="bbox 1193 2299 2187 2344; baseline 0.003 -13"><span class='ocrx_word' id='word_1_342' title='bbox 1193 2299 1289 2332; x_wconf 90' lang='lat' dir='ltr'><strong>Deus</strong></span> <span class='ocrx_word' id='word_1_343' title='bbox 1312 2300 1437 2341; x_wconf 81' lang='lat' dir='ltr'><strong>puniet,</strong></span> <span class='ocrx_word' id='word_1_344' title='bbox 1460 2306 1496 2331; x_wconf 88' lang='lat' dir='ltr'><strong>ut</strong></span> <span class='ocrx_word' id='word_1_345' title='bbox 1520 2301 1615 2331; x_wconf 85' lang='lat' dir='ltr'><strong>dicit:</strong></span> <span class='ocrx_word' id='word_1_346' title='bbox 1639 2301 1715 2332; x_wconf 88' lang='lat' dir='ltr'><strong>Non</strong></span> <span class='ocrx_word' id='word_1_347' title='bbox 1739 2301 1800 2332; x_wconf 90' lang='lat' dir='ltr'><strong>erit</strong></span> <span class='ocrx_word' id='word_1_348' title='bbox 1822 2301 2014 2344; x_wconf 61' lang='lat' dir='ltr'><strong>impunitm,</strong></span> <span class='ocrx_word' id='word_1_349' title='bbox 2049 2302 2104 2344; x_wconf 80' lang='lat' dir='ltr'><strong>qui</strong></span> <span class='ocrx_word' id='word_1_350' title='bbox 2128 2312 2187 2334; x_wconf 89' lang='lat' dir='ltr'><strong>no-</strong></span> 
     </span>
     <span class='ocr_line' id='line_1_39' title="bbox 1192 2342 1651 2376; baseline 0.002 -2"><span class='ocrx_word' id='word_1_351' title='bbox 1192 2344 1279 2375; x_wconf 86' lang='lat' dir='ltr'><strong>mine</strong></span> <span class='ocrx_word' id='word_1_352' title='bbox 1302 2343 1366 2375; x_wconf 89' lang='lat' dir='ltr'><strong>Dei</strong></span> <span class='ocrx_word' id='word_1_353' title='bbox 1389 2345 1517 2375; x_wconf 89' lang='lat' dir='ltr'><strong>abusus</strong></span> <span class='ocrx_word' id='word_1_354' title='bbox 1541 2342 1651 2376; x_wconf 85' lang='lat' dir='ltr'><strong>fuerit.</strong></span> 
     </span>
    </p>
   </div>
   <div class='ocr_carea' id='block_1_8' title="bbox 1191 2429 2188 2649">
    <p class='ocr_par' dir='ltr' id='par_1_8' title="bbox 1191 2429 2188 2649">
     <span class='ocr_line' id='line_1_40' title="bbox 1280 2429 2188 2473; baseline 0.003 -11"><span class='ocrx_word' id='word_1_355' title='bbox 1280 2430 1374 2462; x_wconf 87' lang='lat' dir='ltr'><strong>Haec</strong></span> <span class='ocrx_word' id='word_1_356' title='bbox 1408 2430 1553 2472; x_wconf 82' lang='lat' dir='ltr'><strong>praefari</strong></span> <span class='ocrx_word' id='word_1_357' title='bbox 1583 2429 1692 2462; x_wconf 91' lang='lat' dir='ltr'><strong>volui:</strong></span> <span class='ocrx_word' id='word_1_358' title='bbox 1727 2431 1806 2473; x_wconf 91' lang='lat' dir='ltr'><strong>quid</strong></span> <span class='ocrx_word' id='word_1_359' title='bbox 1838 2432 1924 2463; x_wconf 88' lang='lat' dir='ltr'><strong>enim</strong></span> <span class='ocrx_word' id='word_1_360' title='bbox 1953 2442 2038 2473; x_wconf 90' lang='lat' dir='ltr'><strong>opus</strong></span> <span class='ocrx_word' id='word_1_361' title='bbox 2067 2438 2120 2464; x_wconf 91' lang='lat' dir='ltr'><strong>est</strong></span> <span class='ocrx_word' id='word_1_362' title='bbox 2153 2432 2188 2465; x_wconf 88' lang='lat' dir='ltr'><strong>in</strong></span> 
     </span>
     <span class='ocr_line' id='line_1_41' title="bbox 1193 2473 2187 2516; baseline 0.004 -11"><span class='ocrx_word' id='word_1_363' title='bbox 1193 2484 1297 2506; x_wconf 89' lang='lat' dir='ltr'><strong>causa</strong></span> <span class='ocrx_word' id='word_1_364' title='bbox 1326 2474 1505 2516; x_wconf 86' lang='lat' dir='ltr'><strong>perspicua</strong></span> <span class='ocrx_word' id='word_1_365' title='bbox 1541 2475 1764 2516; x_wconf 88' lang='lat' dir='ltr'><strong>disputatione</strong></span> <span class='ocrx_word' id='word_1_366' title='bbox 1798 2473 1887 2507; x_wconf 68' lang='lat' dir='ltr'><strong>ulla?</strong></span> <span class='ocrx_word' id='word_1_367' title='bbox 1942 2475 2069 2508; x_wconf 87' lang='lat' dir='ltr'><strong>Omnes</strong></span> <span class='ocrx_word' id='word_1_368' title='bbox 2099 2476 2187 2509; x_wconf 90' lang='lat' dir='ltr'><strong>enim</strong></span> 
     </span>
     <span class='ocr_line' id='line_1_42' title="bbox 1191 2518 2187 2560; baseline 0.002 -10"><span class='ocrx_word' id='word_1_369' title='bbox 1191 2518 1323 2550; x_wconf 91' lang='lat' dir='ltr'><strong>honesti</strong></span> <span class='ocrx_word' id='word_1_370' title='bbox 1347 2523 1381 2549; x_wconf 85' lang='lat' dir='ltr'><strong>et</strong></span> <span class='ocrx_word' id='word_1_371' title='bbox 1413 2518 1630 2550; x_wconf 84' lang='lat' dir='ltr'><strong>mediocriter</strong></span> <span class='ocrx_word' id='word_1_372' title='bbox 1656 2519 1754 2560; x_wconf 86' lang='lat' dir='ltr'><strong>periti</strong></span> <span class='ocrx_word' id='word_1_373' title='bbox 1777 2519 1950 2551; x_wconf 77' lang='lat' dir='ltr'><strong>doctrinae</strong></span> <span class='ocrx_word' id='word_1_374' title='bbox 1973 2518 2187 2553; x_wconf 84' lang='lat' dir='ltr'><strong>Christianae</strong></span> 
     </span>
     <span class='ocr_line' id='line_1_43' title="bbox 1192 2561 2186 2606; baseline 0.003 -13"><span class='ocrx_word' id='word_1_375' title='bbox 1192 2567 1225 2593; x_wconf 90' lang='lat' dir='ltr'><strong>et</strong></span> <span class='ocrx_word' id='word_1_376' title='bbox 1247 2562 1482 2600; x_wconf 88' lang='lat' dir='ltr'><strong>historiarum,</strong></span> <span class='ocrx_word' id='word_1_377' title='bbox 1516 2568 1640 2594; x_wconf 87' lang='lat' dir='ltr'><strong>norunt</strong></span> <span class='ocrx_word' id='word_1_378' title='bbox 1662 2561 1749 2594; x_wconf 84' lang='lat' dir='ltr'><strong>hanc</strong></span> <span class='ocrx_word' id='word_1_379' title='bbox 1771 2562 1981 2595; x_wconf 86' lang='lat' dir='ltr'><strong>Pontificiam</strong></span> <span class='ocrx_word' id='word_1_380' title='bbox 2009 2562 2119 2606; x_wconf 85' lang='lat' dir='ltr'><strong>legem</strong></span> <span class='ocrx_word' id='word_1_381' title='bbox 2142 2565 2186 2596; x_wconf 90' lang='lat' dir='ltr'><strong>de</strong></span> 
     </span>
     <span class='ocr_line' id='line_1_44' title="bbox 1192 2605 2186 2649; baseline 0.002 -11"><span class='ocrx_word' id='word_1_382' title='bbox 1192 2605 1361 2638; x_wconf 81' lang='lat' dir='ltr'><strong>coelibatu</strong></span> <span class='ocrx_word' id='word_1_383' title='bbox 1390 2615 1542 2649; x_wconf 82' lang='lat' dir='ltr'><strong>pugnare</strong></span> <span class='ocrx_word' id='word_1_384' title='bbox 1565 2616 1639 2638; x_wconf 92' lang='lat' dir='ltr'><strong>cum</strong></span> <span class='ocrx_word' id='word_1_385' title='bbox 1667 2606 1739 2638; x_wconf 89' lang='lat' dir='ltr'><strong>iure</strong></span> <span class='ocrx_word' id='word_1_386' title='bbox 1761 2605 1904 2639; x_wconf 88' lang='lat' dir='ltr'><strong>naturali</strong></span> <span class='ocrx_word' id='word_1_387' title='bbox 1927 2613 1960 2640; x_wconf 93' lang='lat' dir='ltr'><strong>et</strong></span> <span class='ocrx_word' id='word_1_388' title='bbox 1983 2608 2115 2646; x_wconf 88' lang='lat' dir='ltr'><strong>divino,</strong></span> <span class='ocrx_word' id='word_1_389' title='bbox 2151 2613 2186 2640; x_wconf 82' lang='lat' dir='ltr'><strong>et</strong></span> 
     </span>
    </p>
   </div>
   <div class='ocr_carea' id='block_1_9' title="bbox 303 2669 2008 2695">
    <p class='ocr_par' dir='ltr' id='par_1_9' title="bbox 303 2669 2008 2695">
     <span class='ocr_line' id='line_1_45' title="bbox 303 2669 2008 2695; baseline 0.002 -3"><span class='ocrx_word' id='word_1_390' title='bbox 303 2673 451 2692; x_wconf 63' lang='lat' dir='ltr'><strong>mamma.</strong></span> <span class='ocrx_word' id='word_1_391' title='bbox 461 2673 544 2694; x_wconf 62' lang='lat' dir='ltr'><strong>ormi.</strong></span> <span class='ocrx_word' id='word_1_392' title='bbox 557 2673 619 2692; x_wconf 73' lang='lat' dir='ltr'><strong>von.</strong></span> <span class='ocrx_word' id='word_1_393' title='bbox 634 2673 717 2694; x_wconf 74' lang='lat' dir='ltr'><strong>xxm.</strong></span> <span class='ocrx_word' id='word_1_394' title='bbox 1975 2669 2008 2695; x_wconf 76' lang='lat'><strong>48</strong></span> 
     </span>
    </p>
   </div>
  </div>
 </body>
</html>
