2383 2990
111 167 175 199 501

111 262 155 293 ad
179 261 267 293 dicta
289 261 322 292 in
346 260 512 299 Iohanne,
546 264 579 291 et
602 265 654 290 est
677 257 807 290 dulcior
830 268 929 300 quam
953 256 1101 289 declara-

112 306 158 336 tio
184 305 224 336 de
247 305 347 336 modo
371 303 608 345 generationis.
664 303 899 333 Nazianzenus
927 308 1102 342 utramque

112 347 373 380 declarationem
397 347 533 378 recitat:
558 346 661 377 Filius
686 346 804 377 dicitur
827 345 925 385 λόγος,
951 344 1027 386 quia
1051 344 1101 374 sie
1124 361 1127 393 ἲ

112 402 150 423 se
185 391 288 422 habet
322 391 364 421 ad
389 390 534 427 Patrem,
568 390 654 420 sicut
677 390 718 420 ad
743 394 883 420 mentem
907 398 1029 425 sermo,
1069 392 1102 417 et

111 435 189 476 quia
212 440 265 465 est
287 433 501 474 ἐξαγγελτικός,
525 434 558 464 id
582 439 646 471 est,
670 431 845 474 proferens
868 430 1099 473 Evangelium.

543 577 662 610 XVIII.

199 665 362 708 Congruit
385 666 427 697 ad
446 665 532 696 hanc
551 664 791 696 enarrationem
815 664 867 694 τοῦ
891 663 988 702 λόγου,
1011 663 1101 705 quod

111 709 229 741 Esaias
253 710 400 740 nominat
425 719 497 740 eum
528 707 777 745 Consiliarium,
800 706 956 738 videlicet
990 705 1100 747 profe·

111 759 239 784 rentem
263 751 327 783 hoc
350 753 533 783 mirandum
570 750 747 782 consilium
776 750 816 781 de
841 751 1043 781 redemtione
1069 756 1100 780 et

111 795 298 827 salvatione
323 806 363 827 ex
387 797 461 826 sinu
484 795 609 826 aeterni
634 794 760 832 Patris,
794 800 825 825 et
848 800 968 835 postea
993 793 1101 834 capite

111 840 164 871 41.
188 840 337 871 nominat
360 849 434 870 eum
458 836 720 879 Evangelistam.

570 983 660 1016 XIX.

198 1072 234 1103 ln
257 1070 409 1113 Epistola
432 1071 474 1102 ad
495 1070 670 1102 Hebraeos
694 1069 875 1111 appellatio
901 1077 951 1101 est
976 1070 1100 1112 Imago,

111 1126 209 1158 quani
232 1116 379 1146 nominat
402 1113 566 1156 fulgorem
592 1120 750 1155 paternae
774 1112 869 1144 lucis.
926 1113 986 1144 Est
1015 1114 1101 1144 0111111

109 1160 235 1190 usitata
258 1159 390 1199 phrasis
425 1158 510 1198 apud
543 1157 717 1188 Hebraeos
742 1158 852 1187 dicere
876 1156 1015 1198 gloriam
1040 1168 1100 1198 pro

109 1201 195 1233 luce.
242 1201 366 1232 Postea
390 1202 511 1242 inquit:
536 1200 720 1231 Character
749 1201 955 1231 substantiae
978 1199 1100 1231 Patris.

111 1245 242 1276 Dicitur
265 1252 376 1275 autem
400 1244 503 1274 Filius
528 1245 649 1285 imagO,
675 1245 751 1285 quia
775 1243 874 1274 Pater
894 1253 970 1274 sese
994 1244 1100 1283 perse-

113 1295 165 1319 ctc
189 1286 356 1328 intelligit,
380 1298 454 1318 cum
478 1297 555 1318 sese
579 1288 745 1318 intuetur:
780 1287 813 1317 in
833 1296 871 1317 ea
897 1287 1100 1327 cogitatione

110 1329 214 1372 fulget
240 1332 370 1372 integra
394 1336 426 1361 et
450 1329 677 1361 substantialis
700 1331 810 1371 imago
834 1331 958 1360 aeterni
980 1329 1100 1367 Patris,

111 1376 258 1414 sapiens,
294 1384 408 1410 verax,
439 1374 600 1411 benefica,
636 1374 733 1410 iusta,
770 1379 875 1411 casta,
899 1374 1098 1403 misericors.

111 1417 274 1459 Congruit
298 1422 406 1447 autem
432 1422 464 1447 et
487 1415 570 1447 haec
595 1415 827 1457 appellationis
853 1417 948 1447 ratio.
970 1430 974 1431 ⁷
996 1416 1099 1447 Filius

111 1470 151 1491 eo
186 1461 305 1491 dicitur
339 1460 468 1500 imago,
511 1460 587 1500 quia
621 1460 847 1490 annuntiando
883 1459 1099 1500 Evangelium

111 1504 257 1535 ostendit
281 1514 439 1534 arcanam
465 1502 667 1534 voluntatem
692 1503 813 1534 Patris.
860 1503 932 1534 Nec
958 1504 1100 1534 dissimi-

109 1546 159 1578 les
179 1553 257 1578 sunt
269 1546 458 1578 voluntates
472 1546 558 1584 Filii,
579 1553 607 1577 et
630 1547 754 1577 aeterni
770 1547 889 1577 Patris.
915 1545 1099 1577 Promissio

111 1591 238 1632 gratiae
262 1590 347 1621 edita
371 1600 430 1631 per
449 1588 565 1620 Filium
589 1596 640 1620 cst
663 1589 874 1621 universalis.
934 1589 1017 1620 Cum
1041 1591 1100 1633 igi-

110 1641 162 1665 tur
197 1633 301 1665 Filius
337 1634 378 1664 sit
413 1635 521 1675 imago
546 1634 673 1664 aeterni
698 1632 818 1671 Patris,
845 1644 912 1664 non
933 1634 1100 1675 cogitetur

110 1676 175 1709 alia
199 1683 230 1708 et
254 1675 423 1708 dissimilis
449 1687 572 1707 arcana
596 1687 671 1707 esse
696 1675 850 1708 voluntas
875 1677 994 1708 Patris.

198 1910 270 1941 Sint
289 1915 398 1940 autem
423 1910 453 1940 in
479 1915 663 1951 conspectu
686 1909 884 1947 testimonia,
909 1910 997 1951 quod
1015 1910 1100 1950 λόγος

112 1953 153 1984 sit
188 1952 404 1993 ὑφιστάμενος,
439 1964 504 1983 11011
531 1954 688 1995 cogitatio
708 1959 764 1984 aut
790 1964 854 1984 vox
879 1964 1098 1986 evanescens.

112 1996 227 2037 Sitque
250 1995 315 2027 hoc
334 1997 472 2037 primum
487 1995 584 2027 valde
608 1995 736 2027 illustre
750 1997 985 2035 testimonium,
1009 1998 1098 2039 quod

110 2041 142 2070 in
167 2040 357 2081 quotidiana
381 2041 593 2071 invocatione
618 2040 829 2081 cogitandum
856 2047 917 2071 est.
976 2040 1098 2071 Certis-

111 2083 229 2114 simum
264 2090 313 2114 est
345 2082 426 2114 nihil
461 2084 682 2114 invocandum
713 2093 809 2121 esse,
844 2084 932 2125 quod
957 2095 1023 2114 non
1048 2091 1099 2116 est

110 2133 229 2158 natura
252 2126 346 2158 Deus
371 2133 402 2158 et
426 2128 648 2167 omnipotens,
683 2127 775 2157 iuxta
810 2127 949 2158 dictum:
985 2127 1098 2159 Domi-

111 2181 187 2201 num
210 2169 319 2201 Deum
344 2176 434 2201 tuum
453 2171 610 2201 adorabis
635 2176 667 2201 et
686 2170 716 2200 ei
740 2168 802 2201 soli
826 2171 967 2208 servies,
992 2178 1023 2201 et
1048 2171 1098 2202 In·

110 2214 242 2245 vocatio
267 2214 416 2244 absentis
442 2214 551 2244 tribuit
577 2214 606 2244 ei
630 2213 918 2254 omnipotentiam,
943 2213 1098 2246 videlicet

109 2257 224 2288 audire
248 2263 279 2288 et
302 2258 448 2288 iudicare
474 2257 593 2293 corda,
630 2258 707 2298 quia
731 2255 824 2287 solus
848 2256 941 2288 Deus
965 2259 1096 2298 penitus

109 2301 198 2331 videt
218 2302 322 2331 corda
346 2307 378 2332 et
402 2301 559 2331 discernit
583 2299 785 2342 Hypocrisin
815 2311 834 2331 a
858 2311 936 2332 vera
961 2303 1095 2332 invoca-

110 2344 209 2375 tione.
258 2344 286 2374 1.
311 2342 421 2375 Paral.
446 2343 498 2374 ⁶28.
546 2343 663 2374 Omnia
700 2342 1001 2375 corda'scrutatur
1028 2344 1098 2376 Do-

110 2388 230 2425 minus,
251 2394 283 2418 et
306 2388 481 2418 universas
505 2387 660 2418 mentium
684 2388 903 2429 cogitationes
933 2386 1096 2430 intelligit.

196 2472 352 2505 Affirmat
387 2479 494 2505 autem
530 2479 600 2504 tota
635 2474 801 2515 scriptura
834 2473 1038 2516 Prophetica
1066 2480 1098 2506 et

110 2516 308 2558 Apostolica
352 2517 510 2548 Messiam
556 2517 778 2549 invocandum
825 2528 920 2557 esse,
973 2517 1097 2549 Psalm.

108 2561 161 2591 45.
208 2560 372 2595 Quoniam
412 2561 484 2601 ipse
519 2566 572 2591 est
606 2560 700 2592 Deus
736 2568 829 2601 tuus,
873 2568 906 2593 et
940 2562 1097 2593 adorabis

110 2614 202 2642 eum,
241 2610 274 2635 et
306 2603 431 2635 Psalm.
466 2603 518 2636 72.
558 2603 836 2644 Deprecabuntur
877 2615 990 2636 coram
1024 2605 1098 2646 ipso

109 2656 257 2689 semper,
298 2653 329 2678 et
372 2646 456 2678 Gen.
491 2647 543 2679 48.
601 2647 676 2687 lpse
717 2648 818 2680 Iacob
854 2650 988 2680 invocat
1023 2658 1098 2680 eum

740 163 782 195 v.
828 139 1101 195 EXPLICA'rio‘
1117 162 1317 194 SYMssou
1339 161 1499 194 NlCENl.

2074 163 2138 194 502

1153 258 1284 289 dicens:
1309 257 1403 289 Deus
1427 256 1609 295 Abraham,
1635 262 1668 288 et
1690 254 1832 298 angelus
1857 257 1912 298 qui
1945 257 2062 298 eripuit
2085 268 2138 289 me

1153 302 1193 332 de
1218 301 1346 332 cunctis
1381 300 1490 338 mali-3,
1522 301 1697 332 benedicat
1728 300 1779 331 his
1803 301 1927 342 pueris,
1963 307 1995 331 et
2018 300 2136 332 Matth.

1154 344 1203 374 ll.
1229 345 1318 375 dicit.
1386 343 1504 374 Venite
1538 345 1579 375 ad
1615 354 1666 375 me
1701 354 1817 375 omnes
1841 344 1895 385 qui
1920 343 2082 375 laboratis
2106 352 2139 376 et

1153 388 1279 418 onerati
1305 387 1385 417 estis
1410 393 1441 417 et
1466 397 1528 428 ego
1553 388 1698 418 reficiam
1721 397 1795 418 vos.
1863 386 1905 418 Et
1928 388 1959 417 ἱ).
1983 387 2081 418 Thes.
2107 389 2137 418 2.

1153 430 1227 471 lpse
1252 429 1414 460 Dominus
1435 436 1551 460 noster
1575 430 1668 461 lesus
1693 429 1846 461 Christus
1869 436 1902 461 et
1913 430 2007 461 Deus
2028 437 2059 461 et
2079 431 2139 462 Pa-

1152 479 1202 504 ter
1225 480 1352 510 noster,
1388 473 1442 513 qui
1478 471 1590 504 dilexit
1619 484 1680 505 nos
1706 480 1737 504 et
1762 474 1850 504 dedit
1874 473 2138 505 consolationem

1153 522 1320 547 aeternam
1346 522 1377 546 et
1402 526 1494 556 spem
1518 517 1649 554 bonam,
1684 517 1715 547 in
1741 518 1845 558 gratia
1869 517 2042 548 confirmet
2065 528 2137 548 vos.

1153 559 1243 601 Ergo
1267 558 1363 590 fateri
1387 568 1528 590 necesse
1552 566 1615 597 est,
1640 561 1728 600 quod
1751 559 1894 590 Messias
1919 561 1962 591 sit
1982 571 2047 591 non
2068 567 2138 592 tan-

1155 612 1222 634 tum
1244 603 1356 640 homo,
1381 603 1441 633 sed
1465 603 1554 644 quod
1568 604 1609 634 sit
1634 603 1730 642 λόγος.
1755 604 1796 634 de
1814 613 1879 644 quo
1894 604 2029 634 dicitur:
2055 604 2138 635 Ver-

1155 648 1229 677 bum
1254 657 1333 677 caro
1359 644 1482 676 factum
1506 652 1568 684 est,
1603 652 1635 677 et
1668 648 1711 678 sit
1736 646 1948 687 ὑφιστάμενος,
1973 658 2038 678 11011
2063 658 2139 678 eva-

1153 700 1308 721 nescens.
1373 689 1464 719 llaec
1487 689 1519 719 in
1544 690 1736 731 quotidiana
1759 691 1969 721 invocatione
1993 691 2140 732 cogitan-

1154 734 1195 764 da
1219 740 1306 771 sunt,
1332 738 1364 763 et
1387 733 1597 763 statuendum
1622 740 1672 764 est
1696 744 1775 764 vere
1799 734 1905 774 aspici
1937 740 1968 764 et
1992 735 2138 764 exaudiri

1154 778 1295 818 gemitus
1321 776 1466 807 cordium
1492 782 1681 808 nostrorum
1705 778 1745 808 ab
1770 776 1836 808 hoc
1859 777 1932 817 ipso
1946 776 2072 808 Messia
2096 778 2139 808 ad

1153 819 1340 852 Ecclesiam
1373 820 1488 857 misso,
1525 821 1578 861 qui
1612 821 1799 851 immediate
1830 819 1900 851 vult
1924 826 2038 851 custos
2062 831 2140 852 esse

1153 863 1326 895 Ecclesiae
1361 872 1459 900 suae,
1500 864 1583 894 sieut
1620 865 1739 905 inquit:
1775 863 1881 894 Nemo
1915 865 2022 904 rapiet
2058 874 2139 895 oves

1153 917 1245 938 meas
1270 908 1311 938 de
1334 906 1485 938 manibus
1506 908 1597 938 meis.

1614 1053 1701 1084 XXI.

1239 1148 1369 1179 Deinde
1389 1149 1552 1179 addantur
1575 1149 1763 1179 testimonia
1795 1159 1881 1189 quae
1906 1149 1946 1179 de
1972 1150 2141 1181 divinitate

1153 1190 1227 1222 Filii
1252 1190 1443 1233 loquuntur,
1466 1198 1502 1222 ut
1526 1190 1636 1223 Iollan.
1666 1193 1693 1222 l.
1756 1191 1849 1222 Deus
1881 1198 1951 1223 erat
1975 1192 2136 1224 Verbum.

1154 1235 1191 1265 Et
1219 1246 1292 1266 cum
1321 1234 1442 1265 Paulus
1466 1236 1508 1265 ad
1533 1233 1757 1265 Colossenses
1782 1235 1822 1266 de
1846 1246 1990 1276 persona
2015 1235 2138 1267 Christi

1152 1279 1270 1320 inquit:
1306 1279 1423 1308 Omnia
1458 1288 1516 1319 per
1551 1288 1624 1309 eum
1660 1277 1748 1309 facta
1772 1289 1861 1316 esse,
1897 1285 1928 1309 et
1954 1280 2139 1310 consistere

1153 1332 1212 1361 per
1237 1332 1311 1352 eum
1336 1322 1455 1358 omnia,
1480 1321 1663 1352 Fatendum
1687 1329 1736 1352 est
1762 1322 1792 1352 in
1819 1321 1953 1354 Christo
1979 1333 2044 1353 non
2069 1330 2139 1353 tan-

1153 1372 1219 1395 tum
1254 1375 1331 1396 esse
1360 1365 1537 1395 humanam
1570 1372 1733 1402 naturam,
1770 1366 1829 1396 sed
1865 1372 1895 1396 et
1921 1366 2073 1404 divinam,
2107 1373 2140 1397 et

1152 1409 1289 1439 verbum
1324 1419 1389 1439 non
1425 1419 1501 1439 esse
1538 1415 1795 1439 evanescentem
1831 1418 2037 1447 sermonem,
2079 1410 2140 1440 sed

1152 1451 1356 1492 ὑφιστάμενοι»
1379 1453 1467 1493 quod
1492 1457 1598 1482 manet
1622 1452 1653 1481 in
1679 1462 1824 1492 persona
1849 1451 1982 1483 Christi.
2051 1454 2139 1484 Sicut

1154 1496 1225 1536 ipse
1250 1501 1390 1525 testatur
1414 1495 1572 1526 Iohannis
1597 1494 1627 1526 S.
1675 1496 1864 1536 Antequam
1888 1496 2058 1527 Abraham
2084 1508 2139 1528 na-

1153 1545 1205 1569 tus
1229 1545 1292 1576 est,
1316 1549 1379 1579 ego
1399 1549 1483 1569 sum.
1551 1538 1642 1576 Item,
1667 1537 1702 1568 Si
1727 1539 1874 1569 videritis
1900 1538 2014 1570 Filium
2039 1540 2140 1571 homi-

1153 1583 1203 1612 nis
1228 1583 1475 1619 ascendentem,
1498 1582 1554 1613 ubi
1579 1588 1649 1612 erat
1672 1582 1775 1622 prius.
1844 1582 1942 1621 Item,
1979 1582 2140 1614 (ssorifiea

1153 1636 1204 1655 me
1229 1625 1327 1656 Pater
1350 1635 1388 1655 ca
1414 1624 1531 1667 gloria,
1556 1636 1654 1666 quam
1679 1625 1777 1656 habui
1795 1627 1882 1666 apud
1897 1633 1940 1664 te,
1965 1632 2140 1668 antequam

1153 1675 1242 1699 essct
1267 1669 1419 1700 mundus.
1466 1668 1524 1699 Est
1548 1669 1650 1710 igitur
1672 1667 1758 1709 λόγος
1781 1669 1988 1709 ὑφιστάμενος.

1592 1832 1694 1864 XXII.

1238 1910 1312 1942 Huc
1347 1912 1510 1952 pertinent
1547 1912 1656 1942 omnia
1697 1913 1783 1943 dicta
1826 1912 1866 1943 de
1902 1913 2139 1954 omnipotentia

1152 1953 1287 1993 Christi,
1313 1955 1469 1987 Iohannis
1497 1955 1546 1985 10.
1592 1954 1665 1996 Ego
1691 1956 1789 1986 vitam
1814 1962 1981 1987 aeternam
2009 1957 2051 1987 do
2078 1957 2137 1988 eis.

1152 1997 1264 2029 Iohar..
1290 1998 1321 2028 5.
1378 1998 1480 2029 Pater
1514 2009 1607 2030 meus
1641 2009 1748 2040 usque
1782 2000 1880 2030 1110110
1917 2005 2072 2040 operatur
2107 2006 2138 2031 et

1152 2052 1216 2083 ego
1241 2052 1372 2082 operor.
1420 2041 1512 2077 Quae
1536 2041 1592 2072 ille
1616 2042 1703 2078 facit,
1732 2042 1833 2074 Filius
1869 2042 2018 2074 similiter
2047 2042 2136 2075 facit.

1151 2084 1229 2115 Item
1254 2086 1346 2116 Sicut
1370 2085 1470 2116 Pater
1494 2086 1658 2116 exuscitat
1682 2093 1830 2117 mortuos
1856 2093 1887 2117 et
1911 2085 2067 2125 vivificat,
2089 2088 2137 2119 sic

1151 2134 1182 2159 et
1207 2128 1322 2166 Filius,
1347 2139 1432 2170 quos
1457 2128 1538 2166 vult,
1575 2129 1729 2160 vivificat.
1777 2129 1862 2165 Quid
1898 2129 2081 2171 simplicius
2105 2137 2138 2162 et

1150 2170 1281 2212 planius
1307 2173 1369 2202 dici
1393 2174 1526 2213 potest?
1572 2172 1690 2214 Cogita
1713 2179 1839 2211 autem,
1873 2181 2028 2211 quantum
2053 2173 2137 2205 rese-

1152 2221 1201 2245 rat
1225 2215 1410 2246 firmissime
1435 2222 1594 2254 statuere,
1620 2217 1708 2257 quod
1732 2225 1849 2247 natura
1863 2216 1957 2247 Deus
1981 2227 2018 2247 se
2038 2218 2137 2249 demi-

1151 2259 1242 2297 serit,
1280 2265 1314 2290 ut
1348 2265 1484 2290 nostrae
1520 2265 1657 2290 naturae
1692 2271 1837 2291 massam
1872 2267 2068 2299 assumeret,
2105 2266 2137 2292 et

1148 2302 1245 2333 ficret
1268 2302 1459 2334 Redemtor.
1506 2303 1614 2344 Saepe
1647 2304 1747 2344 igitur
1771 2304 1958 2345 cogitentur
1981 2303 2066 2335 haec
2090 2310 2136 2335 te-

1150 2346 1315 2384 stimonia,
1351 2352 1383 2377 et
1417 2347 1459 2378 ad
1495 2347 1775 2378 continuationem
1800 2353 1832 2378 et
1867 2348 1907 2378 ad
1933 2346 2137 2378 consolatio-

1149 2399 1235 2420 nem.
1286 2389 1404 2420 Matth.
1432 2389 1481 2421 18.
1536 2389 1732 2431 Ubicunque
1766 2397 1840 2422 sunt
1877 2391 1942 2421 duo
1977 2398 2033 2421 aut
2067 2396 2137 2429 tres

1153 2433 1350 2474 congregati
1373 2433 1404 2464 in
1429 2434 1560 2464 nomine
1584 2443 1671 2471 me0,
1705 2434 1749 2464 ibi
1783 2445 1856 2465 sum
1891 2434 1923 2464 in
1947 2434 2055 2465 medio
2080 2444 2137 2465 eo-

1149 2486 1231 2507 rum.
1278 2478 1359 2508 Sunt
1381 2483 1489 2507 autem
1514 2477 1646 2518 propria
1672 2483 1811 2508 naturae
1836 2477 1979 2509 divinae.
2014 2478 2137 2519 ubique

1149 2519 1282 2558 adesse,
1306 2520 1475 2559 exaudire,
1499 2526 1530 2551 et
1554 2519 1709 2561 opitulari
1733 2521 1864 2562 ubique.
1896 2520 1984 2555 Quid
2007 2519 2135 2552 dulcius

1152 2563 1292 2604 cogitari
1315 2569 1439 2604 potest,
1474 2574 1572 2605 quam
1597 2563 1686 2594 hunc
1710 2563 1956 2602 Redemtorem,
1993 2565 2048 2606 qui
2072 2575 2134 2605 pro

1150 2611 1182 2637 te
1205 2607 1336 2637 victima
1360 2606 1470 2638 factus
1496 2612 1559 2645 est,
1583 2617 1672 2638 nunc
1697 2618 1831 2649 quoque
1865 2608 1987 2639 adesse
2022 2614 2135 2639 custo-

1151 2649 1224 2681 dem
1250 2655 1351 2688 tuum,
1385 2656 1416 2681 et
1446 2656 1668 2692 gestatorem,
1699 2651 1785 2682 sicut
1820 2652 1853 2682 in
1885 2650 1986 2682 Esaia
2016 2651 2135 2692 inquit:

1926 2711 1974 2736 32·
