2383 2990
200 139 266 173 245

202 235 351 268 desinam
373 238 488 275 petere
515 239 549 265 et
571 238 753 274 expectare
776 231 937 270 salutem,
962 229 1091 262 etiamsi
1115 240 1195 261 cau-

201 288 261 311 sae
273 277 444 310 secundae
468 287 585 308 omnes
609 277 653 308 ita
677 278 823 314 vincent,
841 282 877 307 ut
900 275 985 306 haec
1008 271 1195 315 corporalis

201 323 269 354 vita
291 321 518 364 extinguatur,
543 320 636 352 reddi
660 326 773 352 tamen
795 319 875 351 mihi
898 319 999 350 vitam
1019 318 1104 349 seio.

286 390 329 422 Et
351 390 458 422 addit:
483 388 605 422 Coram
625 400 665 421 eo
684 399 824 431 arguam
847 388 921 419 vias
940 396 1044 418 meas.
1074 385 1111 418 ld
1131 391 1194 423 est,

200 444 352 477 agnosco
376 445 429 465 me
452 433 578 465 habere
601 438 753 474 peccata,
778 438 809 464 et
826 431 936 463 Deum
959 431 1083 462 iustum
1107 439 1195 466 esse,

200 478 430 510 subiicientem
453 476 641 508 Ecclesiam
666 477 767 507 cruci.
813 475 882 506 Sed
905 480 1014 505 tamen
1038 474 1111 515 ipse
1134 472 1196 504 erit

200 520 351 553 salvator
373 531 478 559 meuS,
501 521 534 552 id
558 526 626 558 est,
650 519 775 561 Eripiet.
798 528 851 549 me
874 517 970 549 Deus
995 517 1128 548 tandem
1152 526 1194 547 ex

201 565 354 597 omnibus
379 565 560 603 aerumnis,
584 564 682 595 etiam
705 567 841 604 praeter
872 567 905 593 et
937 571 1041 603 supra
1070 569 1194 592 causas

203 609 385 640 secundas.

287 675 450 718 Exempla
473 676 570 707 etiam
593 676 690 706 nobis
715 684 967 716 proponamus,
1002 683 1043 704 ac
1066 671 1196 704 illustre

201 721 425 752 testimonium
450 725 502 750 est
526 719 558 750 in
582 719 688 760 primo
709 717 862 759 exemplo
887 718 984 749 Adae
1014 723 1045 748 et
1070 716 1196 754 nevae,

202 765 294 806 quod
317 761 493 795 manifeste
517 763 632 801 docet,
662 761 772 793 Deum
797 762 870 793 sine
899 760 976 793 ullis
1009 760 1121 792 causis
1145 769 1195 790 se-

201 808 319 839 cundis
343 816 440 849 opem
464 805 563 837 serre.
631 805 740 837 Adam
770 811 801 837 et
835 805 929 836 Heva
958 810 1035 846 post
1065 803 1196 845 lapsum

200 861 264 882 nec
297 852 340 882 ab
375 848 525 892 angelis,
561 860 624 881 nec
660 850 730 880 suis
762 848 931 886 consiliis,
967 858 1028 880 uec
1059 849 1101 879 ab
1127 846 1197 878 ulla

201 900 355 926 creatura
389 894 495 925 iuvari
529 899 697 934 poterant.
755 892 817 924 llic
852 892 960 934 prodit
997 902 1038 923 ex
1072 901 1197 922 arcana

200 938 282 970 sede
305 937 416 975 Deus,
449 944 481 969 et
504 937 621 978 recipit
644 936 778 979 lapsos,
815 943 847 967 et
878 936 985 967 reddit
1010 936 1059 966 eis
1084 935 1196 966 vitam.

287 1006 335 1038 Ita
369 1011 487 1048 postea
522 1012 709 1048 sequuntur
750 1004 1003 1037 innumerabilia
1044 1003 1196 1045 exempla

203 1050 441 1083 beneficiorum
465 1050 652 1081 divinorum
677 1056 771 1081 ex'tra
796 1059 918 1080 causas
942 1050 1127 1086 secundas,
1162 1054 1198 1079 ut

200 1104 274 1126 eum
299 1094 449 1125 servavit
481 1093 576 1125 Deus
600 1092 697 1124 Nolle
725 1094 756 1124 in
792 1092 934 1132 diluvio,
969 1103 1044 1123 cum
1079 1092 1197 1123 Sat-am

201 1136 351 1170 sterilem
376 1144 409 1168 et.
432 1148 544 1175 anum,
580 1135 659 1167 fecit
697 1137 916 1174 foecundam,
951 1147 1025 1167 eum
1049 1135 1198 1167 servavit

199 1180 334 1222 loseph,
355 1191 452 1222 quem
476 1179 599 1211 fratres
620 1179 825 1211 interfecturi
848 1186 953 1219 erant,
978 1190 1053 1211 cum
1072 1177 1197 1221 populo

200 1224 307 1256 Israel
331 1225 418 1255 viam
444 1224 615 1255 concessit
638 1234 698 1265 per
730 1234 820 1254 utare
847 1225 996 1261 rubrum,
1021 1229 1053 1253 et
1078 1222 1197 1253 deinde

199 1266 303 1299 multa
327 1266 392 1299 alia
409 1268 570 1299 beneficia
589 1268 754 1309 praestitit
776 1274 909 1309 praeter
928 1267 1097 1298 secundas
1119 1276 1197 1297 cau-

199 1322 268 1343 sas.
315 1310 411 1342 Sicut
444 1310 591 1342 defendit.
622 1309 787 1342 Davidem
824 1318 941 1342 contra
973 1308 1129 1347 (ioliatli,
1166 1315 1198 1340 et

200 1353 296 1393 aliaS,
320 1355 407 1385 sicut
431 1355 581 1385 servavit
605 1352 777 1385 Danielem
802 1355 887 1384 inter
910 1353 1045 1391 leones,
1083 1353 1197 1383 Iouam

200 1399 232 1430 in
256 1403 373 1429 ventre
398 1397 473 1435 ceti,
497 1403 526 1428 et
548 1395 669 1438 singuli
694 1397 859 1434 homines,
886 1398 940 1438 qui
966 1397 1075 1428 Deum
1105 1397 1197 1427 iuvo-

200 1446 288 1479 cant,
315 1447 453 1483 possent
478 1439 608 1482 aliquas·
632 1451 710 1471 suas·
731 1439 946 1471 liberationes
966 1450 1116 1478 narrare,
1143 1440 1197 1469 ubi

199 1483 376 1516 manifeste
405 1490 538 1525 praeter
567 1490 598 1516 et
635 1491 729 1516 extra
764 1494 886 1516 causas
922 1484 1091 1516 secundas
1128 1493 1197 1513 ser-

200 1530 268 1560 vati
292 1533 380 1560 sunt.
530 1534 545 1539 ·’

288 1597 384 1629 Hanc
408 1597 594 1628 doctrinam
617 1607 760 1628 necesse
785 1603 837 1628 est
860 1598 892 1628 in
917 1597 1128 1628 invocatione
1142 1606 1197 1627 co-

199 1642 315 1684 gitari,
340 1641 415 1683 quia
439 1640 539 1672 valde
562 1641 737 1682 impeditur
761 1641 929 1671 invocatio
955 1640 1018 1671 hac
1043 1638 1196 1671 rationali

199 1695 260 1716 seu
279 1683 513 1726 philosophica
536 1685 781 1725 imaginatione.
829 1683 898 1715 Res
923 1682 1085 1725 seruntur,
1109 1684 1197 1715 sicut

198 1734 319 1760 natura
351 1726 501 1769 impellit.
548 1728 582 1759 Si
609 1729 714 1759 habes
739 1726 881 1759 visibilia
905 1728 1093 1769 praesidia,
1129 1727 1194 1758 eris

199 1777 290 1803 tutus
314 1772 347 1802 in
370 1770 531 1813 periculo.
568 1772 602 1802 Si
629 1782 694 1802 non
718 1771 823 1802 habes
848 1770 991 1803 visibilia
1016 1771 1194 1812 praesidia,

199 1815 364 1857 opprimet
388 1822 420 1846 te
443 1815 650 1846 inimicorum
675 1813 863 1845 multitudo.
886 1815 959 1846 Nec
983 1816 1027 1846 tui
1053 1815 1196 1856 gemitus

199 1865 256 1890 aut
280 1859 431 1900 precatio
455 1865 556 1890 mutat
583 1859 731 1890 ordinem
756 1864 905 1896 naturae,
927 1859 989 1889 sed
1014 1865 1197 1900 sequentur

199 1902 311 1934 usitati
335 1908 488 1940 eventus
508 1908 734 1945 congruentes
757 1901 949 1943 impulsioni
962 1908 1113 1941 naturae,
1125 1903 1197 1933 sive

199 1944 296 1984 velis,
319 1946 392 1977 sive
416 1944 516 1978 nolis.

285 2031 371 2064 Huic
394 2032 589 2075 cogitationi
615 2033 817 2074 opponenda
840 2039 891 2064 est
915 2032 1000 2064 haec
1021 2033 1196 2064 verissima

198 2076 369 2114 doctrina,
394 2087 481 2118 quae
504 2075 673 2114 adfirmat,
700 2076 807 2108 Deum
837 2086 914 2108 esse
938 2087 1044 2118 agens
1068 2075 1197 2107 liberri-

198 2130 288 2151 mum
311 2125 343 2151 et
366 2118 450 2151 alias
470 2120 585 2151 iuvare
609 2121 759 2151 ordinem
784 2126 939 2158 naturae,
973 2119 1060 2151 alias
1083 2120 1195 2151 mode-

829 135 887 168 lv.
932 133 1195 167 ENARRATIO
1219 132 1420 166 SYMBOLl
1443 131 1606 165 NlCENl.

1219 1957 1225 2098 ἓ

1218 2114 1224 2171 l

2175 132 2241 163 ‘246

1247 235 1358 261 tamen
1382 228 1536 261 Ecclesia
1559 236 1652 260 certo
1676 230 1753 265 scit,
1793 227 1879 260 tales
1903 234 2015 260 motus
2039 239 2059 259 a
2082 227 2157 260 Deo
2182 238 2242 270 gu—

1249 273 1396 311 bernari,
1431 274 1518 305 sicut
1541 273 1700 314 scriptum
1723 278 1792 304 est:
1839 271 1964 304 Omnes
1989 270 2099 314 capilli
2124 272 2241 313 eapitis

1248 317 1353 348 vestri
1377 317 1541 348 numerati
1560 323 1648 348 sunt.

1335 393 1375 425 Et
1403 393 1530 436 1.Reg.
1554 394 1607 425 25.
1630 395 1735 436 inquit
1759 393 1892 437 Abigail
1916 395 1958 426 ad
1970 393 2149 426 Davidem:
2173 392 2243 424 Erit

1248 438 1357 469 anima
1382 437 1513 469 Domini
1548 438 1610 468 mei
1642 438 1809 470 custodita
1842 444 2001 481 tanquam
2024 437 2056 469 in
2080 436 2243 469 fasciculo

1248 482 1441 513 viventium.

1335 550 1379 582 Et
1402 551 1522 582 deinde
1545 561 1618 592 cap.
1643 551 1695 582 26.
1743 550 1854 592 Sopor
1865 550 2000 582 Domini
2023 552 2166 583 irruerat
2190 561 2244 582 su-

1248 605 1309 636 per
1333 604 1404 626 eOS.

1338 664 1450 700 Quare
1474 664 1506 695 in
1530 664 1740 695 invocatione
1765 663 1876 695 luceat
1899 662 1984 694 haec
2004 663 2101 702 fides,
2126 671 2244 705 petens

1250 715 1283 739 et
1307 714 1488 749 expectans
1513 706 1672 739 auxilium
1696 707 1769 738 Dei·
1786 708 1817 738 in
1841 708 2020 738 vocatione
2044 714 2077 738 et
2101 708 2244 750 negotiis

1249 752 1462 789 necessariis,
1487 752 1559 783 sive
1583 761 1708 782 causae
1720 750 1889 782 secundae
1903 760 1965 782 nos
1979 751 2149 790 adiuvent,
2174 752 2246 784 sive

1251 796 1433 827 destituere
1456 806 1519 827 nos
1542 795 1728 826 videantur.

1339 865 1410 896 Nec
1434 865 1516 896 satis
1540 871 1608 903 est,
1632 864 1722 906 qood
1747 864 1851 895 Stoici
1875 864 2043 903 dixerunt,
2078 864 2147 906 qui,
2170 874 2246 896 cum

1252 909 1300 940 eis
1326 910 1539 947 obiiceretur,
1560 908 1595 939 Si
1621 909 1730 939 onmia
1755 908 1910 938 eveniunt
1936 908 2145 946 necessario,
2169 908 2247 950 quid

1252 953 1389 994 prodest
1414 952 1632 984 sacrificare?
1670 952 1939 993 respondebant,
1976 950 2182 989 sacrificari,
2212 958 2248 983 ut

1251 996 1498 1039 significaretur
1522 995 1701 1038 gratitudo,
1726 1006 1792 1026 non
1816 1001 1850 1026 ut
1864 1000 2059 1036 peterentur
2073 994 2246 1032 beneficia,

1251 1041 1316 1071 imo
1342 1038 1496 1071 Ecclesia
1519 1046 1551 1070 et
1571 1040 1652 1081 petit
1677 1038 1851 1077 beneficia,
1877 1046 1909 1070 et
1933 1039 2001 1081 agit
2021 1039 2158 1081 gratias.

1345 1233 1417 1273 DE
1452 1232 1647 1274 CAUSA
1680 1231 1937 1283 PECCATl,
1981 1232 2049 1272 ΕΤ
2084 1232 2157 1273 DE

1531 1310 1977 1352 CON'HNGEN'HA.

1341 1456 1618 1498 Quandocumque
1641 1463 1750 1487 autem
1775 1456 1816 1486 de
1830 1454 2008 1487 Creatione
2032 1456 2161 1494 dicitur,
2181 1464 2249 1488 sta-

1252 1501 1308 1532 tim
1339 1500 1494 1541 quaestio
1530 1500 1571 1531 de
1607 1510 1711 1530 causa
1734 1498 1829 1537 mali,
1864 1506 1895 1530 et
1921 1500 1961 1530 de
1987 1510 2091 1531 causa
2115 1502 2247 1540 peccati

1250 1552 1413 1576 movetur.
1463 1543 1654 1574 Certamina
1689 1544 1788 1574 etiam
1823 1543 1863 1574 de
1894 1544 2119 1584 contingentia
2145 1545 2248 1575 omni-

1252 1589 1315 1619 bus
1339 1587 1504 1618 aetatibus
1529 1585 1674 1618 fuerunt.
1720 1587 1771 1618 Ac
1803 1594 1837 1617 ut
1867 1587 1984 1618 ordine
2008 1588 2048 1618 de
2072 1587 2124 1618 his
2149 1599 2248 1630 quae-

1251 1631 1415 1662 stionibus
1440 1631 1602 1669 dicamus,
1621 1631 1758 1672 primum
1784 1631 1814 1661 in
1839 1641 1962 1672 genere
1976 1631 2016 1662 de
2031 1632 2184 1663 omnibus
2198 1642 2248 1663 re-

1253 1676 1314 1706 bus
1350 1675 1473 1706 creatis
1503 1681 1656 1705 tencatur
1681 1674 1746 1706 lioc
1770 1675 1913 1712 dictum,
1950 1676 2040 1716 quod
2064 1675 2096 1706 in
2123 1675 2247 1706 Genesi

1250 1719 1428 1755 recitatur,
1463 1724 1494 1749 et
1529 1716 1674 1759 loquitur
1711 1718 1751 1748 de
1780 1719 1882 1749 rebus
1907 1719 2049 1756 creatis.
2087 1718 2204 1760 quales
2228 1730 2248 1750 a

1250 1761 1324 1793 Deo
1350 1762 1504 1793 conditae
1526 1768 1614 1792 sunt.
1642 1761 1729 1792 Vidit
1749 1761 1843 1793 Deus
1868 1762 1978 1792 munia
2002 1772 2087 1803 quae
2111 1761 2248 1800 fecerat,

1251 1812 1283 1837 et
1306 1812 1399 1837 erant
1425 1804 1523 1836 valde
1549 1806 1646 1837 bona.
1671 1805 1710 1836 Et
1736 1806 1813 1847 quid
1828 1806 1993 1848 significet
2019 1807 2141 1837 bonum
2167 1807 2247 1837 dex-

1251 1856 1302 1881 tre
1337 1848 1554 1891 intelligatur.
1624 1849 1799 1891 Siguificat
1832 1857 1942 1880 autem
1968 1848 2169 1890 generaliter
2193 1849 2247 1881 hic

1250 1893 1399 1931 Bonum,
1422 1903 1491 1924 rem
1515 1892 1590 1923 Deo
1614 1892 1822 1934 placentem,
1846 1900 1877 1924 et
1902 1894 2087 1924 ordinatam
2111 1894 2153 1924 ad
2177 1904 2247 1925 cer-

1251 1943 1304 1968 tos
1340 1947 1435 1974 usus,
1472 1943 1505 1967 et
1535 1937 1566 1967 in
1591 1947 1632 1968 eo
1657 1937 1773 1968 ordine
1797 1938 2010 1968 servientem.
2057 1936 2166 1968 Aliter
2189 1948 2247 1969 au-

1251 1987 1316 2012 tem
1340 1979 1496 2021 placebat
1508 1979 1633 2018 ·'l10mo‚
1657 1979 1752 2011 aliter
1775 1979 1927 2022 plantae,
1952 1986 2007 2011 aut
2033 1979 2167 2019 stellae,
2191 1986 2248 2012 aut

1250 2025 1409 2065 pecudes.
1434 2024 1547 2066 ltaque
1572 2025 1613 2055 de
1637 2032 1792 2056 creatura
1815 2023 1979 2062 rationali,
2000 2025 2041 2055 de
2059 2024 2190 2067 angelis
2215 2031 2248 2056 et

1250 2068 1455 2106 lioniiuibuS,
1485 2069 1650 2106 sciamus,
1674 2069 1706 2099 in
1730 2068 1835 2110 prima
1859 2069 2031 2099 creatione
2055 2079 2115 2100 eos
2139 2067 2248 2100 fuisse

1250 2112 1372 2150 bonos,
1396 2112 1426 2142 id
1452 2119 1520 2150 est,
1545 2110 1716 2153 placuisse
1737 2111 1833 2150 Deo,
1858 2117 1890 2143 et
1915 2112 2070 2143 conditos
2095 2122 2188 2151 esse,
2211 2118 2248 2144 ut

199 2163 276 2201 rari,
300 2161 383 2194 alias
407 2165 506 2195 etiam
530 2170 670 2196 mutare.
706 2165 759 2195 Ac
783 2164 815 2194 in
839 2163 1066 2196 voluntatibus
1091 2164 1196 2195 homi·
1219 2176 1223 2188 ι
1250 2162 1366 2187 efflent
1389 2154 1546 2196 templum
1571 2154 1653 2193 Dela
1684 2156 1717 2186 5¹¹
1741 2166 1808 2197 <11¹0
1832 2154 1927 2188 Deus
1950 2151 2123 2194 habitans}
2157 2166 2247 2188 Gom·

198 2216 288 2245 num,
313 2207 370 2238 ubi
393 2217 461 2238 non
487 2208 639 2239 turbatur
662 2208 746 2239 ordo
770 2214 927 2245 naturae,
963 2206 1104 2250 plurima
1127 2218 1195 2239 mo-

199 2250 322 2289 derari,
346 2256 379 2282 ut
392 2250 521 2289 Laban,
542 2258 575 2282 et.
599 2251 719 2283 deiude
741 2251 846 2289 Esau,
870 2253 934 2283 etsi
959 2259 1124 2283 conantur
1147 2252 1196 2283 in-

199 2294 355 2326 terficere
377 2293 491 2333 Iacob,
516 2301 626 2326 tamen
650 2305 766 2327 eorum
791 2294 948 2327 voluntas
968 2295 1126 2327 divinitus
1146 2305 1197 2327 re-

197 2338 358 2380 primitur.

285 2414 370 2447 Saul
393 2414 505 2448 inultis
529 2416 637 2448 modis
660 2417 849 2459 impeditur,
872 2427 917 2449 ne
941 2417 1049 2459 possit
1072 2417 1196 2449 interfi-

199 2469 277 2492 cere
299 2459 476 2491 Davidem.
522 2459 678 2491 Ieremias
713 2462 813 2493 toties
847 2462 1001 2493 abiicitur
1024 2462 1057 2492 in
1081 2471 1197 2493 caree·

198 2514 280 2542 rem,
307 2509 339 2535 et
361 2504 393 2535 in
419 2510 554 2545 puteoS,
578 2511 610 2535 et
632 2510 744 2536 tamen
767 2514 885 2536 rursus
911 2504 1108 2543 extrahitur,
1122 2504 1196 2536 Deo

198 2546 354 2580 flectente
379 2546 568 2590 aliquorum
592 2546 783 2580 voluntates
807 2549 851 2581 ad
875 2559 951 2581 eum
977 2548 1196 2581 liberandum.

286 2633 381 2668 Talia
414 2636 478 2668 etsi
500 2635 716 2668 Democritus
746 2635 875 2668 diceret
911 2646 995 2669 casu
1029 2635 1196 2675 accidere,

1249 2200 1433 2230 municaret
1456 2200 1504 2230 eis
1528 2209 1624 2231 suam
1646 2197 1767 2237 lucem,
1802 2200 1972 2238 iustitiam,
1997 2199 2098 2231 vitam
2122 2206 2155 2231 et
2178 2198 2246 2232 lae-

1255 2244 1369 2275 titiam.

1339 2329 1467 2368 Quare,
1491 2335 1527 2361 ut
1551 2330 1592 2361 de
1616 2330 1748 2361 homine
1770 2340 1859 2361 nunc
1883 2330 2051 2369 dieamus,
2087 2341 2163 2361 cum
2186 2340 2246 2362 na-

1250 2379 1327 2405 tura
1350 2374 1493 2405 hominis
1518 2374 1563 2404 ita
1587 2375 1720 2405 condita
1745 2374 1799 2412 sit,
1825 2380 1860 2405 ut
1882 2374 1972 2405 initio
1993 2374 2175 2406 creationis
2195 2373 2246 2406 fu-

1251 2418 1313 2449 erit
1337 2418 1425 2449 bona
1450 2424 1483 2448 et
1507 2417 1610 2455 iusta,
1646 2424 1678 2449 et
1709 2428 1775 2448 non
1799 2416 1897 2448 suerit
1922 2417 2068 2448 obnoxia
2090 2418 2188 2449 morti
2213 2424 2246 2450 et

1249 2460 1325 2492 aliis
1349 2459 1606 2500 calamitatibus,
1629 2471 1763 2503 semper
1787 2461 1977 2503 quaesitum
1991 2466 2055 2500 est,
2078 2462 2166 2493 unde
2179 2462 2246 2493 sint

1234 2511 1342 2537 'tanta
1366 2503 1464 2544 mala,
1482 2511 1671 2548 peccatum,
1694 2516 1804 2543 mors,
1828 2511 1860 2536 et
1890 2503 2041 2546 reliquae
2063 2503 2244 2537 horribiles

1249 2549 1417 2580 miseriae.

1335 2635 1397 2673 De,
1417 2635 1484 2669 hac
1514 2636 1713 2679 quaestione
1734 2646 1802 2668 non
1825 2635 2035 2668 consulenda
2057 2642 2110 2668 est
2132 2634 2244 2668 Philo-

1986 2697 2036 2723 16·
