2383 2990
204 151 265 183 331

290 247 344 279 De
377 247 430 279 his
464 247 559 280 malis
593 248 810 280 haerentibus
844 248 877 279 in
911 248 976 279 hae
1011 248 1194 289 depravata

203 297 321 323 natura
352 292 455 333 inquit
485 291 629 323 Paulus:
659 292 788 324 Sensus
814 292 924 323 carnis
949 292 1117 323 inimicitia
1141 297 1195 322 est

203 336 368 367 adversus
403 335 520 366 Deum.
578 335 661 377 Legi
696 336 781 366 enim
812 335 876 366 Dei
911 346 974 366 nec
1009 336 1193 373 subiicitur,

202 389 265 410 nec
279 378 395 408 subiici
409 384 529 421 potest,
552 378 625 409 Nec
643 377 718 409 leve
742 377 862 410 malum
875 377 1092 421 intelligatur,
1118 389 1192 410 cum

201 423 347 453 nominat
363 422 563 453 inimicitiam
578 423 743 453 adversus
758 422 874 454 Deum.
900 421 1024 453 Multas
1038 422 1123 453 enim
1137 432 1193 462 pe-

201 473 271 497 stes
286 465 529 505 complectitur,
546 465 711 503 videlieet,
727 466 815 507 quod
836 473 964 497 mentes
977 476 1043 497 non
1058 466 1194 496 firmiter

202 514 348 539 statuant
363 519 440 539 esse
454 508 574 545 Deum,
588 509 688 540 irasci
701 508 809 540 Deum
823 510 983 551 peccatis,
997 516 1029 540 et
1043 509 1193 551 recipere

201 552 433 593 confugientes
458 553 499 583 ad
524 551 653 588 Filium,
680 553 769 594 quod
793 552 950 584 voluntas
975 559 1007 583 et
1031 563 1091 584 cor
1115 557 1193 583 sunt

201 597 273 626 sine
302 607 384 627 vero
420 597 556 634 timore,
592 597 664 627 sine
694 597 814 627 fiducia
846 602 878 627 et
902 595 1080 628 dilectione
1114 595 1190 633 Dei,

199 639 323 670 habeat
347 646 379 670 et
403 650 510 681 vagos
536 646 645 671 motus
669 640 815 671 infinitos
841 647 957 671 contra
980 638 1089 681 legem
1114 638 1191 676 Dei,

200 682 346 720 scilicet,
382 684 614 714 confidentiam
649 685 804 725 propriae
840 684 1022 724 sapientiae
1057 688 1114 714 aut
1148 682 1193 713 vi-

200 727 296 763 rium,
320 733 520 758 contemtum
535 726 688 765 aliorum,
712 728 944 765 invidentiam,
968 726 1191 763 ambitionem,

200 770 410 811 cupiditatem
446 771 633 807 vindictae,
669 771 819 802 flammas
855 769 1036 801 libidinum.
1099 768 1192 800 Haec

201 815 310 844 onmia
346 813 577 855 complectitur
614 813 737 845 Paulus
778 815 882 845 verbo
920 813 1125 851 inimicitiae,
1160 812 1193 843 in

201 868 266 899 quo
291 860 388 890 etiam
413 864 526 889 reatus
550 856 790 900 intelligendus
811 863 872 888 est.

288 944 359 975 Hac
389 945 661 985 interpretatione
691 943 808 975 horum
833 948 1089 985 praeceptorum
1114 952 1191 972 con-

200 988 359 1025 siderata,
384 987 636 1019 fatetinecesse
661 994 710 1018 est
730 985 856 1018 nullum
881 986 1045 1017 hominem
1071 986 1101 1016 in
1127 985 1192 1016 hac

201 1032 383 1072 depravata
406 1038 535 1069 natura,
560 1032 591 1062 in
616 1030 680 1061 hac
710 1029 839 1061 mortali
864 1031 931 1061 vita
962 1030 1028 1072 legi
1052 1028 1115 1060 Dei
1140 1039 1192 1059 sa-

200 1074 358 1106 tisfacere
390 1085 510 1115 posse,
543 1081 574 1105 ut
600 1085 700 1115 supra
726 1085 858 1116 quoque
887 1074 1009 1104 (lictum
1042 1079 1104 1104 est.
1151 1072 1192 1102 Et

199 1119 231 1149 in
269 1119 393 1149 sanctis
430 1124 506 1149 sunt
542 1117 695 1159 exempla
729 1118 921 1148 interiorum
955 1116 1122 1158 lapsuum,
1157 1122 1192 1146 ut

200 1161 326 1192 Mei-es
347 1163 473 1193 dubitat
493 1168 523 1192 et
551 1162 710 1201 trepidat,
737 1172 809 1192 eum
833 1160 981 1192 setienda
1012 1166 1061 1191 est
1085 1166 1190 1201 petra.

199 1204 239 1235 Et
264 1205 372 1236 David
410 1206 529 1247 inquit:
566 1206 640 1236 Non
672 1205 903 1236 iustificabitur
937 1205 969 1235 in
1005 1209 1192 1245 conspectu

199 1255 255 1280 tuo
281 1250 387 1280 omnis
413 1251 540 1280 vivens.
586 1248 628 1279 Et
652 1247 775 1280 Paulus
802 1247 964 1279 clamitat:
987 1248 1062 1279 Non
1087 1248 1190 1278 estin

200 1303 301 1323 carne
326 1303 398 1324 mea
423 1294 544 1324 bonum
569 1299 633 1323 etc.

286 1380 524 1421 Agnoscamus
555 1379 672 1421 igitur,
698 1385 729 1410 et
753 1380 842 1411 veris
873 1379 1051 1421 gemitibus
1077 1377 1189 1420 deplo-

199 1433 309 1454 remus
335 1424 570 1454 immunditiem
594 1429 754 1456 nostram,
775 1429 805 1454 et
820 1424 988 1454 discamus
1002 1433 1063 1454 nos
1088 1423 1189 1463 recipi
1215 1421 1219 1487 Ι

199 1474 231 1498 et
256 1465 389 1507 llacere
414 1466 488 1497 Deo
515 1474 650 1508 propter
675 1466 891 1497 MediatOtem
917 1466 1000 1505 fide,
1024 1477 1089 1497 non
1116 1476 1188 1507 pro-

198 1517 272 1552 pter
303 1518 451 1541 nostram
477 1511 668 1541 munditiem
692 1517 747 1541 aut
778 1511 988 1553 dignitatem,
1011 1516 1046 1541 ut
1070 1516 1190 1551 postea

200 1555 370 1596 copiosius
395 1555 570 1585 dicendum
595 1554 666 1585 erit.

199 1736 260 1768 DE
285 1736 662 1768 PROMISSlONtssUS
691 1735 747 1767 ET
772 1735 1190 1768 COMMINATIONIBUS
1214 1713 1219 1811 ἰ

528 1805 711 1837 ADDtTts
745 1805 861 1837 LEGt.

287 1902 462 1933 Sumamus
497 1902 637 1943 primum
660 1912 679 1932 a
699 1901 830 1943 legibus
864 1900 1008 1943 politicis
1044 1900 1192 1943 qualem-

201 1956 332 1986 cunque
363 1946 728 1976 commonet'actionem.
785 1944 998 1977 Manifestum
1030 1951 1080 1976 est
1114 1956 1191 1976 con-

201 1991 299 2020 temni
323 1988 437 2031 legum
461 1996 490 2019 et
506 1989 755 2031 magisttatuutn
777 2000 894 2020 xocem
918 1995 951 2020 et
970 1989 1191 2027 autoritatem,

202 2033 262 2063 nisi
300 2034 413 2074 poenis
451 2033 639 2064 alliciantur
675 2039 904 2069 contumaees,
947 2032 1031 2063 sicut
1068 2032 1191 2063 dictum

203 2077 379 2106 Aeschinis
415 2078 491 2107 citat
527 2076 787 2108 Demosthenes:
821 2075 910 2107 Nihil
944 2074 1034 2107 valet
1067 2051 1220 2117 politia,l

201 2130 287 2162 quae
311 2130 378 2151 non
402 2120 501 2151 habet
525 2130 647 2151 nervos
674 2126 792 2151 contra
817 2125 1042 2151 contumaces

289 2207 344 2237 Sic
368 2214 397 2237 et
424 2206 519 2238 Deus
543 2207 722 2238 universae
745 2207 813 2249 legi
833 2208 958 2238 addidit
982 2207 1191 2239 tristissimas

201 2251 493 2287 comminationes,
526 2261 610 2288 tutae
640 2261 740 2292 saepe
766 2253 925 2293 repetitae
949 2258 1043 2290 sunt,
1075 2251 1133 2282 sed
1158 2253 1190 2283 in

200 2295 490 2325 maledictionibus
513 2293 614 2325 Dent.
634 2295 687 2325 ⁶27.
712 2293 835 2326 multae
860 2301 1083 2327 coacervatae
1103 2302 1190 2326 sunt.

200 2338 270 2369 Nec
295 2339 525 2369 existimentur
559 2336 635 2369 illae
670 2337 930 2379 maledictiones,
962 2339 1072 2369 inania
1097 2340 1191 2370 terri-

202 2381 389 2412 culamenta
412 2392 500 2413 esse.
536 2382 604 2412 Sed
628 2382 773 2413 sciamus
792 2381 897 2413 Deum
923 2392 1077 2413 veracem
1101 2393 1190 2421 esse,

201 2431 229 2454 et
262 2435 339 2456 vere
365 2426 472 2456 crasi-i
506 2426 653 2466 peccatis
684 2426 847 2457 omnibus.
906 2425 944 2457 Et
979 2425 1088 2456 onmia
1115 2437 1190 2467 pec-

201 2474 273 2498 cata
294 2475 325 2498 et
349 2468 477 2510 singula
509 2470 628 2500 mereri
657 2475 826 2501 aeternam
858 2470 938 2500 iram
964 2475 994 2500 et
1018 2476 1189 2500 aeternam

202 2511 461 2550 danntationeni,
504 2513 565 2543 nisi
607 2511 704 2544 fuerit
739 2512 828 2544 facta
864 2514 1015 2544 remissio
1052 2519 1190 2554 propter

201 2553 334 2592 Nilum,
364 2556 451 2585 iuxta
481 2554 581 2587 iliud:
617 2555 831 2594 Maledictus,
852 2558 907 2598 qui
931 2567 998 2588 non
1021 2564 1131 2589 manet
1157 2557 1189 2588 in
1213 2566 1218 2596 t

202 2598 366 2636 omnibus,
391 2609 477 2639 quae
501 2600 627 2641 scripta
651 2607 727 2631 sunt
750 2601 783 2631 in
806 2599 909 2642 Lege.

843 151 957 183 PHtL.
981 150 1084 183 MEL.
1110 151 1299 184 SCRIPTA
1317 151 1598 184 DOGMATICA.

2172 153 2235 185 332

1612 246 1674 278 DE
1699 246 1872 279 POENIS.

1334 334 1402 366 Sed
1436 333 1528 375 prius
1563 334 1604 364 de
1638 332 1774 374 politica
1808 340 1841 365 et
1865 340 2002 366 externa
2025 336 2236 367 contumacia

1245 377 1365 409 dicam.
1413 377 1647 409 Certissimum
1672 383 1723 408 est
1742 376 1940 420 regulariter
1962 379 2089 410 atrocia
2113 377 2236 410 delicta

1246 421 1394 452 comitari
1417 422 1449 452 in
1474 420 1538 452 hac
1562 421 1629 452 vita
1652 426 1785 451 atroces
1808 432 1953 462 poenas,
1975 428 2012 452 ut
2036 423 2077 452 de
2100 421 2236 453 homici-

1245 465 1296 496 dis
1321 465 1424 506 inquit
1449 463 1619 495 Christus:
1652 463 1715 499 Qui
1740 463 1887 507 gladium
1911 466 2097 506 acceperit,
2122 464 2235 507 gladio

1244 508 1374 549 peribit.
1420 507 1461 538 Et
1484 508 1525 538 de
1549 508 1739 549 raptoribus
1765 508 1899 539 dicitur:
1919 508 1992 539 Vae
2017 509 2071 550 qui
2097 507 2235 550 spolias,

1269 552 1321 582 uia
1343 549 1555 592 spoliaberis.
1602 550 1644 581 Et
1668 551 1709 581 de
1733 552 1869 582 incestis
1895 552 2026 590 dicitur,
2056 551 2156 584 Levit.
2187 551 2235 584 18.

1245 595 1445 625 (samanaeos
1471 593 1598 626 deletos
1624 605 1702 625 esse
1722 600 1859 636 propter
1872 594 2058 637 flagitiosas
2071 593 2236 634 libidines,

1246 644 1277 668 et
1301 637 1408 668 addit:
1433 636 1575 676 Cavete,
1600 648 1642 668 ne
1667 644 1698 669 et
1721 648 1784 669 vos
1808 637 1957 669 similiter
1980 644 2113 670 evomat
2135 645 2236 678 terra,

1246 681 1273 712 si
1298 679 1417 712 similia
1441 679 1584 712 facietis.
1630 681 1703 712 Nec
1728 682 1862 712 dubium
1887 688 1939 713 est
1962 682 2122 713 maximas
2149 680 2237 713 cala-

1245 725 1376 755 mitates
1400 725 1433 754 in
1458 731 1527 755 toto
1547 735 1670 766 genere
1695 724 1839 755 humano
1863 735 1991 767 poenas
2024 735 2100 756 esse
2122 726 2236 767 ingen-

1245 768 1325 798 tium
1348 773 1574 809 peccatorum,
1600 771 1707 800 cultus
1727 767 1908 807 idolorum,
1932 769 2077 810 periurii,
2100 769 2237 800 homici-

1246 812 1387 848 diorum,
1411 810 1584 842 libidinum
1608 818 1639 842 et
1663 812 1865 853 rapinarum.

1332 879 1425 911 Haec
1455 881 1607 912 doctrina
1631 881 1672 912 de
1696 882 1812 922 poenis
1836 882 1868 912 in
1892 880 1957 912 hac
1981 882 2049 912 vita
2071 882 2114 912 sit
2137 880 2237 912 infixa

1247 923 1376 961 animis,
1411 934 1509 965 quam
1545 934 1622 955 esse
1656 926 1866 956 vetissimam
1891 924 2037 957 clamitat
2059 923 2237 956 manifesta

1246 968 1461 1008 experientia,
1485 978 1571 1009 quae
1596 968 1694 999 etiam
1718 967 1881 999 Ethnicos
1906 970 2061 1006 convicit,
2095 975 2131 1000 ut
2155 969 2237 999 scri-

1245 1012 1372 1051 pserint
1396 1017 1427 1042 et
1452 1011 1637 1049 docuerint,
1663 1012 1778 1043 ordine
1803 1013 1913 1043 divino
1937 1011 2023 1042 haud
2039 1013 2137 1043 dubie
2149 1019 2237 1043 atro-

1246 1064 1303 1085 ces
1327 1064 1454 1094 poenas
1479 1055 1619 1085 comites
1644 1065 1722 1087 esse
1745 1056 1909 1086 atrocium
1933 1054 2117 1094 scelerum,
2151 1056 2237 1087 sicut

1246 1098 1358 1129 dicunt
1382 1098 1496 1128 usitati
1519 1108 1660 1129 versus:

1333 1183 1432 1220 οὐδεὶς
1455 1183 1632 1226 ἀνθρώπιον
1655 1184 1788 1223 α’δικῶν,
1812 1190 1890 1215 τίσιν
1913 1184 1966 1215 οὐκ
1989 1184 2138 1216 ἀποτίσει.

1332 1270 1374 1301 Et
1397 1269 1522 1302 similes
1548 1282 1667 1302 versus
1692 1270 1824 1314 plurimi
1848 1278 1936 1303 sunt.

1331 1339 1404 1371 Hae
1428 1349 1537 1372 autem
1561 1352 1689 1381 poenae
1714 1341 1923 1382 corporales,
1947 1342 2007 1372 etsi
2032 1347 2168 1383 propter
2190 1341 2237 1372 iu-

1245 1384 1366 1414 stitiam
1391 1383 1472 1421 Dei,
1506 1396 1581 1415 mox
1617 1385 1826 1426 infliguntur,
1863 1391 1970 1415 tamen
2001 1386 2075 1415 ideo
2107 1385 2237 1415 etiamsi

1246 1428 1417 1458 ordinatae
1442 1434 1529 1464 sunt,
1554 1434 1588 1458 ut
1613 1429 1679 1459 sint
1704 1429 1800 1469 signa
1827 1430 1955 1459 venturi
1981 1428 2107 1465 iudicii,
2133 1435 2166 1459 et
2189 1431 2236 1459 in-

1245 1471 1286 1501 de
1311 1471 1491 1508 discamus,
1512 1482 1586 1502 cnm
1611 1482 1676 1501 non
1702 1472 1812 1502 onmia
1843 1471 1974 1503 scelera
2000 1473 2179 1512 puniantur
2202 1472 2234 1502 in

1245 1513 1308 1544 hac
1332 1515 1411 1552 vita,
1447 1522 1625 1546 secuturas
1657 1525 1736 1545 esse
1760 1526 1887 1555 poenas
1912 1521 1989 1555 post
2014 1515 2100 1545 hauc
2125 1515 2236 1553 vitam,

1244 1557 1284 1588 Et
1321 1568 1498 1588 mansuros
1534 1568 1570 1589 es
1594 1568 1612 1588 e
1646 1559 1676 1589 in
1708 1557 1770 1589 illis
1794 1559 1929 1599 poenis,
1953 1568 2068 1588 omnes
2093 1558 2146 1599 qui
2170 1568 2238 1589 non

1245 1607 1486 1632 convertuntur
1506 1602 1546 1632 ad
1574 1601 1693 1638 Deum,
1717 1602 1802 1632 sicut
1830 1613 1893 1633 vox
1920 1600 2094 1643 Evangelii
2119 1601 2237 1632 deinde

1245 1643 1370 1675 clarius
1393 1644 1459 1675 hoc
1483 1645 1636 1676 iudicium
1663 1646 1847 1686 expressit,
1882 1652 1917 1676 ut
1943 1644 2010 1676 1011.
2035 1645 2065 1675 3.
2099 1645 2235 1676 dicitur:

1245 1687 1307 1723 Qui
1334 1699 1399 1719 non
1425 1688 1530 1719 credit
1554 1689 1585 1719 in
1611 1688 1744 1723 Filium,
1780 1699 1845 1719 non
1875 1689 1999 1719 videbit
2024 1689 2141 1726 vitam,
2175 1688 2237 1719 setl

1244 1732 1290 1762 ira
1316 1730 1378 1762 Dei
1414 1738 1522 1763 manet
1558 1743 1661 1774 super
1692 1743 1777 1763 eum.
1825 1732 1916 1770 ltem,
1941 1731 2004 1767 Qui
2029 1743 2095 1762 non
2119 1732 2235 1770 credit,

1244 1775 1497 1807 iam-iudicatus
1522 1782 1585 1807 est.

1331 1913 1425 1945 Haec
1458 1914 1596 1955 primum
1633 1915 1674 1946 de
1709 1915 1826 1956 poenis
1850 1924 1985 1945 monere
2010 1923 2151 1944 necesse
2174 1919 2236 1945 est.

1245 1957 1313 1988 Sed
1337 1958 1525 1988 addendum
1550 1964 1619 1996 est,
1650 1969 1723 1989 cunt
1748 1957 1966 1999 Evangelium
1991 1957 2162 1988 ammutiet
2186 1968 2236 1988 re-

1245 2001 1437 2032 missionem
1461 2007 1675 2042 peccatorum
1696 2008 1832 2042 propter
1855 2000 1972 2032 Filium
1993 1999 2067 2038 Dei,
2092 2000 2235 2031 liberan-

1245 2051 1297 2076 tur
1320 2055 1340 2076 a
1363 2043 1460 2085 culpa
1485 2051 1515 2075 et
1540 2055 1559 2075 a
1583 2055 1689 2086 poena
1710 2052 1844 2075 aeterua
1869 2054 1995 2083 onmes,
2020 2045 2073 2086 qui
2094 2054 2236 2075 couver-

1245 2094 1358 2119 tuntur
1392 2089 1433 2119 cd
1456 2087 1565 2119 Deum
1601 2088 1721 2120 fiducia
1746 2088 1958 2126 Mediatoris,
1993 2095 2025 2119 ct
2061 2098 2101 2118 ex
2129 2097 2235 2129 reguo

1245 2132 1386 2173 peccati,
1410 2138 1439 2162 et
1464 2139 1621 2162 aeternae.
1645 2132 1759 2162 mortis
1783 2131 2030 2163 transferuntur
2050 2132 2081 2162 in
2096 2142 2235 2173 regnum

1245 2176 1389 2206 iustitiae
1414 2180 1446 2205 et
1470 2175 1558 2206 vitae
1582 2183 1749 2206 aeternae.
1797 2175 1887 2206 Sicut
1914 2175 1982 2206 loli.
2008 2175 2039 2206 3.
2063 2185 2166 2216 saepe
2189 2175 2236 2206 di-

1246 2219 1347 2250 citur:
1393 2218 1449 2251 Sic
1468 2217 1562 2249 Deus
1594 2217 1706 2250 dilexit
1730 2219 1904 2257 muudum,
1940 2225 1973 2249 ut
1998 2217 2114 2249 Filium
2139 2229 2235 2250 suum

1244 2262 1449 2304 unigenitum
1474 2262 1612 2300 dederit,
1639 2271 1671 2293 ut
1695 2263 1801 2294 omnis
1827 2263 1880 2304 qui
1895 2262 2044 2293 creditin
2059 2272 2143 2299 eum,
2168 2272 2235 2293 non

1245 2311 1372 2348 pereat,
1395 2306 1454 2337 sed
1479 2305 1602 2336 habeat
1627 2307 1725 2337 vitam
1751 2314 1931 2337 aeternam.
1960 2305 2052 2345 Item,
2078 2305 2142 2341 Qui
2163 2315 2234 2336 cre-

1244 2350 1291 2381 dit
1313 2351 1346 2381 in
1370 2348 1498 2388 Filium,
1522 2348 1643 2381 habeat
1667 2350 1766 2381 vitam
1791 2356 1971 2381 aeternam.

1331 2470 1511 2502 Sciendum
1542 2476 1594 2502 est
1628 2471 1728 2512 igitur
1763 2471 1880 2502 remitti
1901 2480 2040 2512 poenam
2065 2476 2234 2501 aeternam

1244 2515 1418 2546 conversis
1443 2514 1485 2545 ad
1499 2513 1616 2546 Deum.
1642 2515 1713 2546 Nee
1738 2515 1870 2546 dubium
1895 2521 1944 2545 est
1970 2514 2111 2553 mitigari
2136 2513 2233 2544 etiam

1243 2564 1439 2599 praesentes
1484 2568 1623 2600 poenas.
1694 2558 1786 2590 Sicut
1836 2559 1867 2589 in
1914 2556 2049 2588 Psalmo
2090 2557 2140 2587 77.
2187 2557 2232 2588 di-

1244 2602 1348 2633 citur:
1393 2601 1467 2633 Non
1499 2602 1653 2633 accendit
1675 2609 1778 2633 totam
1801 2603 1883 2632 iram
1906 2611 2011 2632 suam.
2057 2599 2099 2631 Et
2122 2601 2233 2631 Oscae

1246 2646 1296 2677 11.
1319 2645 1396 2676 Non
1419 2645 1540 2677 faciam
1557 2643 1704 2677 furorem
1724 2646 1792 2676 irae
1816 2655 1919 2677 meae.
