2383 2990
256 847 866 923 REFUTATIO
930 847 1495 1027 DQBBHSNHUM
1601 851 2030 928 COENAE

779 1099 829 1132 Ex
853 1099 1009 1132 Editione
1032 1099 1282 1143 Witebergensi
1307 1102 1384 1132 anni
1407 1101 1502 1134 1549.

197 1251 273 1292 DE
305 1250 413 1293 USU·
448 1250 679 1292 INTEGRJ
713 1249 1086 1293 SACRAMENTI
1110 1249 1389 1294 CORPORIS
1409 1252 1479 1293 ET
1501 1252 1808 1312 SANGUINIS
1841 1253 2077 1298 CHRISTI.

213 1412 357 1450 Quidam
380 1412 609 1445 vociferantur
632 1423 694 1444 nos
719 1413 760 1444 de
778 1421 815 1443 re
837 1423 904 1444 non
928 1413 1121 1445 necessaria
1142 1434 1146 1452 ,

120 1457 272 1501 litigare,
298 1468 372 1489 cum
396 1457 439 1489 de
460 1456 524 1488 hac
548 1457 737 1488 ceremonia
761 1456 967 1488 restituenda
980 1457 1120 1498 agimus,

119 1508 154 1533 et
183 1507 373 1543 queruntur
406 1500 533 1532 frustra
560 1501 689 1532 moveri
712 1500 893 1532 certamina
916 1506 948 1532 et
971 1500 1119 1532 dissidia.
1142 1525 1144 1542 Υ,

120 1545 163 1577 Hi
187 1545 301 1577 sciant
323 1555 388 1576 nos
406 1543 462 1575 hic
484 1554 551 1575 non
576 1544 618 1575 de
639 1543 753 1585 parvis
777 1544 879 1575 rebus
904 1545 1119 1582 contendere,
1142 1560 1143 1571 ι

121 1599 198 1621 011111
235 1589 276 1620 (16
314 1588 524 1619 restitutione
555 1586 652 1619 huius
677 1587 886 1618 ceremoniae
909 1589 1051 1629 agimuS,
1076 1587 1119 1618 si·
1141 1576 1143 1614 1

119 1631 189 1664 mul
216 1632 382 1664 docemus
406 1629 582 1662 Ecclesias
617 1631 659 1663 de
693 1641 774 1662 vero
803 1641 867 1662 usu
891 1632 1119 1662 Sacramentu-

120 1686 207 1714 rum,
232 1682 265 1707 et
291 1676 332 1707 dc
355 1675 545 1707 exercenda
570 1674 650 1706 fide:
674 1674 766 1713 116111,
790 1674 832 1705 de
851 1674 1043 1716 ingentibus
1063 1674 1118 1705 ab·
1140 1676 1143 1711 j

454 1718 648 1757 Postremo,
672 1717 730 1750 illa
752 1717 872 1749 ‘l'hesis
896 1717 950 1748 hic
973 1718 1118 1749 contine>

119 1720 241 1751 usibus
267 1718 407 1750 Missae.

119 1770 192 1795 tur:
218 1763 273 1794 An
298 1761 400 1794 liceat
422 1761 611 1794 hominibus
635 1768 776 1800 mutare,
798 1771 859 1793 seu
872 1759 1010 1792 abolere
1023 1761 1117 1792 ritum

118 1817 139 1838 a
163 1805 301 1838 Christo
336 1807 532 1838 institutum.
578 1805 670 1848 Ergo
704 1816 760 1837 res
785 1815 923 1847 magnas
947 1805 1001 1836 hic
1032 1814 1117 1835 com·
1140 1822 1141 1825 =

118 1849 311 1892 plectimur,
335 1850 474 1881 dicimus
499 1850 540 1880 de
564 1860 628 1881 usu
647 1848 953 1886 Sacramentorum,
979 1849 1020 1879 de
1043 1846 1117 1879 hor·
1140 1859 1141 1864 ¹

119 1892 273 1925 ribilibus
298 1894 463 1925 abusibus
477 1892 616 1931 Missae,
640 1900 671 1924 et
697 1893 739 1923 de
751 1898 920 1934 potestate
931 1890 1115 1923 Ecclesiae.
1140 1899 1141 1906 ¹

118 1937 203 1969 Nam
225 1937 291 1969 hae
315 1944 391 1968 sunt
418 1947 554 1975 causae,
591 1947 651 1968 cur
674 1936 859 1967 adversarii
882 1936 1012 1967 restitui
1036 1936 1116 1966 inte·
1140 1944 1142 1967 ζ

119 1992 215 2023 grum
241 1992 340 2012 usum
366 1979 570 2012 Sacramenti
593 1978 710 2011 nolint.
758 1978 915 2017 Primum,
939 1979 1015 2020 quia
1032 1978 1116 2009 Pon-

119 2024 246 2056 tificum
267 2030 299 2055 et
326 2023 570 2065 Episcoporum
594 2023 804 2055 autoritatem
827 2021 1043 2063 amplificant,
1066 2021 1115 2052 his

119 2068 219 2100 tribui
243 2067 363 2099 volunt
382 2073 584 2109 potestatem
607 2066 757 2098 mutandi
780 2076 835 2097 res
849 2066 1015 2097 institutas
1039 2065 1115 2096 divi-

119 2112 224 2150 nitus,
247 2111 414 2142 condendi
428 2120 536 2142 novos
561 2109 680 2142 cultus,
704 2115 736 2140 et
758 2119 847 2140 nova
870 2109 1038 2151 dogmata.
1062 2107 1116 2139 Vi-

120 2155 199 2186 dent
222 2155 301 2186 item
328 2155 511 2185 doctrinam
535 2163 649 2184 veram
672 2153 713 2184 de
736 2163 801 2184 usu
825 2152 1115 2184 sacramentorum

118 2208 273 2240 pugnare
296 2208 372 2229 cum
396 2198 558 2229 abusibus
575 2196 769 2235 missarum,
792 2196 880 2227 hanc
903 2202 1014 2227 autem
1038 2205 1115 2236 quo-

119 2252 185 2283 quo
211 2242 314 2273 modo
341 2241 483 2272 obruere
508 2246 681 2271 conantur.
728 2239 899 2281 Rogamus
918 2244 1028 2270 autem
1043 2239 1113 2279 pios

117 2284 287 2323 lectores,
323 2290 360 2316 ut
390 2285 553 2326 cogitent,
588 2289 756 2325 quantuni·
769 2282 897 2314 intersit
930 2280 1113 2319 Ecclesiae,

119 2334 235 2360 extare
269 2327 468 2369 explicatam
503 2328 689 2358 doctrinam
723 2327 764 2357 de
788 2337 870 2357 vero
894 2335 957 2357 usu
980 2332 1013 2357 et
1035 2322 1115 2357 utili-

118 2378 186 2403 tate
211 2371 529 2409 Sacramentorum,
565 2371 605 2402 (16
635 2370 723 2401 veris
759 2369 925 2400 exercitiis
950 2368 1042 2406 fidei,
1075 2368 1115 2398 de

117 2422 287 2458 potestate
313 2413 500 2446 Ecclesiae.
547 2413 588 2445 Et
623 2411 900 2444 assuefaciendae
936 2418 1012 2443 sunt
1045 2412 1115 2453 piae

117 2466 263 2496 mentes,
289 2464 323 2489 111
348 2459 454 2490 verbo
467 2456 545 2496 Dei,
570 2467 635 2488 non
660 2455 814 2488 humanis
835 2456 1043 2497 opinionibus
1062 2464 1112 2484 re—

119 2503 152 2544 gi
176 2501 278 2533 fidem
307 2508 337 2532 et
363 2511 464 2542 opera
491 2507 618 2538 curent,
642 2507 675 2530 ut
701 2507 840 2541 agentes
862 2510 935 2530 cum
959 2497 1044 2536 Deo,
1067 2497 1113 2528 ni-

117 2551 230 2577 tantur
256 2553 353 2576 certo
376 2546 481 2576 verbo
504 2544 580 2582 Dei,
605 2544 691 2574 sicut
713 2543 817 2585 inquit
839 2541 970 2575 David:
994 2542 1113 2573 Lucer-

118 2600 161 2621 na
183 2588 331 2630 pedibus
355 2589 437 2619 meis
461 2588 597 2620 verbum
623 2594 724 2619 tuum.

1246 1417 1508 1459 Accedamus
1540 1418 1663 1473 igitur
1694 1419 1748 1459 ad
1780 1419 1886 1460 hanc
1918 1435 2094 1462 causam.

1257 1542 1301 1575 Ut
1325 1543 1489 1576 Dominus
1514 1552 1630 1577 noster
1653 1544 1746 1577 lesus
1772 1544 1927 1578 Christus
1951 1547 2071 1589 inquit:
2094 1545 2162 1580 De-

1170 1587 1292 1618 siderio
1313 1588 1503 1619 desideravi
1528 1588 1593 1620 hoc
1616 1588 1744 1629 pascha
1757 1590 1959 1622 manducare
1972 1591 2160 1630 vobiscum,

1170 1632 1308 1672 cupiens
1343 1629 1498 1663 videlicet
1527 1632 1592 1663 iam
1616 1628 1938 1675 exhibere'pignora
1961 1634 2014 1666 sui
2037 1634 2160 1666 amoris

1169 1684 1251 1716 erga
1275 1683 1349 1712 nOS,
1373 1680 1405 1706 et
1427 1673 1557 1707 futurus
1581 1676 1716 1707 victima
1738 1685 1799 1716 pro
1821 1677 1937 1708 nobisz
1959 1677 2005 1708 ita
2028 1687 2092 1709 nos
2113 1677 2162 1709 in-

1170 1718 1261 1760 genti
1284 1718 1451 1750 desiderio
1475 1719 1679 1761 accipiamus
1703 1718 1851 1751 oblatum
1881 1719 2095 1760 beneficium,
2128 1726 2162 1753 et

1169 1761 1267 1793 huius
1302 1761 1456 1793 beneficii
1481 1761 1742 1794 Sacramentum.
1773 1761 1818 1794 Ut
1841 1771 1951 1795 autem
1966 1769 2162 1796 reverenter

1167 1811 1300 1837 utamur
1324 1805 1554 1844 Sam-amento,
1578 1816 1663 1837 voce
1677 1806 1801 1838 Christi
1825 1807 2105 1849 obtemperemuS,
2128 1814 2161 1840 et

1169 1849 1339 1880 discamus
1363 1850 1532 1885 quomodo
1556 1849 1663 1891 prosit
1692 1851 1754 1891 piis
1777 1851 1944 1882 mentibus
1967 1853 2161 1883 Sacramen-

1168 1898 1249 1924 tum.
1295 1892 1388 1923 Haec
1423 1899 1545 1934 augent
1578 1904 1690 1925 veram
1720 1895 1952 1925 reverentiam.
1999 1894 2083 1926 Sunt
2104 1903 2161 1926 au·

1168 1942 1232 1967 tem
1257 1942 1336 1967 nota
1361 1937 1466 1967 verba
1490 1935 1664 1978 Evangelii
1689 1937 1731 1968 de
1753 1937 1970 1969 institutione.
2003 1935 2045 1969 Et
2069 1947 2160 1969 man·

1170 1980 1281 2010 datum
1305 1979 1395 2010 addit
1414 1978 1583 2011 Christus:
1607 1980 1680 2012 Hoc
1704 1979 1805 2011 facite
1827 1981 1869 2011 ad
1893 1981 2160 2012 recordationem

1168 2024 1242 2053 mei.
1288 2021 1380 2054 lubet
1405 2033 1468 2053 nos
1493 2023 1577 2053 idem
1597 2021 1711 2054 facere
1735 2024 1825 2065 quod
1848 2022 1926 2055 secit
1949 2025 2034 2065 ipse.
2066 2023 2158 2067 Ergo

1169 2066 1245 2097 dato
1270 2076 1355 2107 pane
1379 2072 1411 2097 et
1434 2066 1512 2096 vino
1537 2067 1568 2097 in
1582 2076 1688 2098 coena
1699 2065 1846 2106 Domini,
1869 2067 2067 2099 exhibentur
2085 2077 2159 2099 cor-

1167 2119 1231 2151 pus
1255 2115 1286 2140 et
1311 2109 1450 2151 sanguis
1473 2107 1619 2141 Domini.

1254 2196 1310 2226 Sic
1344 2201 1454 2227 autem
1489 2195 1624 2236 prodest
1660 2197 1891 2235 conscientiis,
1921 2206 1994 2228 cum
2019 2203 2159 2240 agentes

1166 2239 1401 2280 poenitentiam
1427 2239 1565 2270 credunt
1579 2238 1746 2271 Christum
1766 2239 1889 2271 factum
1914 2250 1992 2271 esse
2015 2239 2159 2271 hostiam

1167 2292 1226 2323 pro
1251 2288 1407 2323 peccam,
1432 2288 1461 2313 et
1487 2289 1626 2324 accepto
1651 2283 1716 2314 hoc
1739 2284 1891 2324 pignore,
1915 2283 2013 2315 fidem
2028 2283 2159 2315 exusci-

1167 2331 1247 2363 tant‚
1271 2336 1312 2357 ac
1336 2325 1475 2356 credunt
1500 2326 1562 2356 sibi
1586 2334 1722 2368 propter
1733 2326 1899 2358 Christum
1922 2327 2064 2368 ignosci,
2087 2337 2158 2358 cre-

1167 2369 1246 2400 dunt
1270 2369 1312 2399 ad
1335 2379 1373 2399 se
1397 2369 1563 2410 pertinere
1589 2369 1749 2401 beneficia
1763 2369 1898 2408 Christi,
1918 2379 1955 2401 56
1979 2368 2159 2401 consolan-

1166 2418 1230 2450 tur,
1264 2418 1296 2442 et
1319 2418 1421 2453 agunt
1446 2413 1572 2453 gratias
1600 2424 1661 2455 pro
1696 2414 1857 2444 immenso
1888 2413 2052 2445 beneficio
2082 2412 2159 2452 Det,

1165 2455 1266 2496 idque
1291 2453 1459 2487 celebrant
1485 2456 1516 2486 in
1540 2455 1767 2494 consessione,
1791 2466 1878 2498 quae
1897 2457 2027 2498 quidem
2052 2457 2084 2488 in
2109 2463 2158 2488 to·

1167 2505 1198 2529 ta
1223 2499 1290 2529 vita
1312 2497 1427 2530 lucere
1451 2499 1564 2530 debet:
1599 2499 1683 2531 Nam
1707 2510 1823 2531 omnes
1846 2500 1999 2531 actiones
2021 2501 2055 2531 in
2079 2500 2158 2545 vitta⁹

1166 2542 1276 2572 omnia
1300 2542 1480 2573 certamina
1507 2542 1538 2573 in
1557 2544 1800 2583 gubernatione
1813 2541 2032 2584 Reipublicae
2056 2548 2088 2574 et
2110 2542 2157 2575 ta-

1166 2584 1286 2623 miliae,
1309 2585 1431 2616 debent
1455 2595 1494 2616 6ο
1520 2586 1650 2625 referri,
1674 2594 1708 2618 ut
1733 2594 1896 2618 testentur
1919 2596 1983 2618 nos
1996 2594 2090 2618 recte
2101 2597 2158 2631 co·
