2383 2990
224 134 287 166 431

225 229 329 261 randa
364 235 452 267 sunt,
489 234 520 260 et
554 229 677 261 vitandi
708 227 906 270 Labyrinthi
940 228 1214 269 disputationum,

226 284 310 314 quas
334 273 388 304 hic
413 280 586 304 moverunt
610 271 699 304 multi
725 278 801 303 ante
822 271 905 303 haec
929 270 1057 310 secula,
1088 277 1213 303 tantum

225 327 277 355 80,
301 318 377 358 quia
401 327 467 347 non
491 317 673 347 didicerant
696 316 830 357 proprie
853 314 975 357 loqui„

240 485 339 523 Tres
370 483 607 538 perspicuae
640 482 934 537 propositiones
967 483 1018 522 de
1051 482 1195 523 Liber-

452 567 538 601 tate
571 560 802 611 voluntatis,
836 560 982 600 Prima.

313 661 439 692 Ordine
478 666 586 692 autem
628 667 698 692 tres
733 661 930 702 perspicuas
964 660 1213 702 propositiones

224 705 368 742 tradam,
394 705 434 735 de
457 703 611 735 libertate
635 703 827 735 voluntatis.
875 704 983 735 Piima
1007 710 1077 742 est,
1109 703 1213 734 Mani-

225 747 346 779 festum
367 754 418 779 851
440 747 590 779 homines
614 749 646 778 in
671 746 733 778 hac
759 749 938 789 depravata
973 753 1110 784 natura,
1145 758 1211 778 non

223 801 329 833 posse
353 790 471 822 tollere
496 797 669 832 peccatum
694 797 725 821 et.
750 797 899 828 mortem,
934 791 965 821 id
990 797 1053 829 est,
1089 800 1213 821 exuere

223 845 347 877 pravas
370 834 621 872 inclinationeS,
659 841 690 865 et
717 833 860 865 liberare
884 844 922 864 58
945 835 986 865 ab
1011 835 1058 864 ira
1084 832 1159 872 Dei,
1193 844 1213 864 a

223 884 331 909 morte
366 877 534 919 corporali
569 884 601 909 et
634 884 770 909 aeterna
805 879 949 919 propriis
985 877 1122 915 viribus,
1155 882 1211 907 aut

225 922 395 963 operibuS,
421 928 476 952 aut
501 922 689 959 virtutibus,
709 927 764 951 aut
787 922 923 959 111811115,
950 930 1012 951 1188
1035 930 1137 960 posse
1160 929 1212 951 sa-

225 963 383 996 tisfacere
407 965 487 1007 Legi
511 963 585 995 Dei.
633 966 695 996 Sed
727 963 812 995 haec
849 964 1002 995 liberatio
1027 974 1047 994 a
1070 969 1212 1004 peccato

225 1014 257 1039 et
281 1019 301 1039 a
324 1015 446 1046 morte,
471 1009 508 1039 tit
531 1014 667 1049 propter
689 1006 808 1039 Filium
827 1007 908 1045 Dei,
942 1013 974 1038 et
997 1018 1058 1048 per
1082 1017 1155 1038 euin
1180 1007 1213 1037 in

224 1062 306 1083 vera
330 1052 561 1082 conversione.

311 1121 457 1152 Primum
486 1120 519 1151 in
554 1120 618 1151 hac
653 1120 732 1158 vita,
765 1120 980 1161 imputatione
1012 1119 1156 1150 iustitiae
1180 1124 1213 1150 et

223 1163 436 1195 inchoatione
470 1174 579 1195 novae
614 1169 644 1194 et
679 1169 834 1194 aeternae
871 1164 957 1193 vitae
993 1169 1026 1193 et
1059 1163 1213 1193 iustitiae.

224 1207 349 1238 Postea
372 1206 624 1238 confirmatione
642 1208 674 1238 in
697 1207 766 1238 vita
789 1212 934 1237 aeterna.
985 1205 1038 1237 De
1060 1205 1125 1237 hac
1144 1211 1214 1237 tota

223 1249 418 1282 liberatione
442 1251 562 1282 dicitur
585 1250 674 1281 loan.
699 1250 730 1283 8.
776 1249 814 1281 Si
837 1261 900 1281 vos
923 1249 1028 1281 Filius
1051 1248 1215 1281 liberave-

223 1295 276 1333 rit,
301 1304 381 1326 vere
403 1293 499 1325 liberi
519 1294 623 1325 eritis.

310 1379 388 1412 Alia
406 1387 516 1412 autem
538 1380 688 1422 quaestio
708 1386 772 1418 est,
796 1380 873 1422 quid
899 1385 932 1411 et
955 1385 1113 1421 quantum
1136 1389 1216 1421 pos-

224 1423 268 1455 sit
290 1422 390 1455 homo
413 1435 479 1455 non
505 1430 640 1455 renatus
669 1422 799 1462 facere,
831 1425 862 1455 in
886 1423 950 1455 hac
975 1423 1214 1465 depravatione

223 1473 375 1500 naturae.
422 1467 472 1499 Sit
491 1468 591 1510 igitur
614 1466 699 1498 haec
721 1468 870 1499 secunda
892 1467 1088 1509 propositio.

496 1635 685 1678 Secunda
716 1634 954 1690 Propositio.

313 1746 421 1777 Homo
447 1747 543 1777 etiam
567 1756 634 1777 non
654 1751 809 1785 renatus,
832 1752 944 1788 potest
967 1752 1138 1786 utcunque
1166 1754 1216 1775 re-

226 1799 307 1832 gere
319 1789 581 1827 Locontotivann
606 1790 637 1820 id
658 1795 720 1827 est,
746 1789 883 1821 flectere
907 1796 1045 1821 externa
1069 1789 1216 1820 membra

226 1834 268 1865 ad
293 1833 443 1864 actiones
469 1840 695 1875 congruentes
733 1844 805 1865 cum
830 1833 922 1876 Lege
948 1832 1021 1865 Dei.
1069 1833 1150 1864 Item
1173 1832 1215 1863 ad

226 1877 377 1908 actiones
401 1882 589 1918 pugnantes
614 1888 687 1908 cum
700 1876 793 1919 Lege
806 1876 880 1908 Dei.
917 1877 1010 1908 Hanc
1029 1876 1215 1908 libertatem

226 1921 362 1963 regendi
388 1918 639 1958 locomotivam,
663 1920 695 1951 id
714 1927 776 1958 est,
801 1921 939 1962 regendi
960 1927 1097 1952 externa
1117 1930 1215 1951 mem-

229 1965 299 2002 bra,
324 1962 393 1995 vult
417 1962 510 1994 Deus
534 1962 695 2005 reliquam
721 1974 809 2001 esse,
832 1965 928 1995 etiam
954 1965 986 1995 in
1010 1964 1073 1994 hac
1099 1964 1216 2004 depra-

226 2014 305 2038 vata
326 2013 454 2038 natura.
501 2006 643 2038 Primum
674 2014 709 2038 ut
744 2005 855 2048 aliquo
886 2008 984 2039 modo
1014 2005 1216 2049 intelligatur

228 2051 403 2082 discrimen
429 2050 513 2081 inter
536 2062 641 2093 agens
665 2049 805 2082 liberum
831 2058 863 2082 et
894 2061 961 2081 non
996 2061 1102 2092 agens
1136 2049 1216 2081 libe·

227 2105 311 2132 rum,
346 2093 451 2125 simile
482 2095 549 2136 igni
581 2100 637 2126 aut
672 2095 787 2125 brutis.
847 2093 927 2125 Vult
960 2095 1045 2124 8111111
1079 2092 1217 2136 intelligi

226 2137 341 2176 Deus,
373 2148 449 2168 sese
484 2149 561 2169 esse
591 2148 696 2179 agens
731 2137 954 2175 liberrimum,
989 2137 1078 2179 quod
1111 2135 1217 2168 libere

229 2182 327 2212 etiam
351 2188 443 2212 extra
468 2182 616 2213 ordinem
641 2188 790 2219 naturae,
815 2187 847 2212 et
870 2181 942 2212 sine
965 2181 1076 2212 causis
1098 2191 1216 2211 secun-

229 2225 280 2255 dis
301 2223 455 2266 opitulari
481 2225 714 2256 invocantibus
745 2231 776 2256 et
801 2226 907 2266 possit
931 2230 961 2256 et
997 2223 1095 2263 velit,
1129 2225 1218 2255 iuxta

229 2269 368 2299 dictum:
392 2268 510 2300 Omnia
533 2278 752 2310 quaecunque
773 2268 890 2306 voluit,
914 2267 1003 2300 tecit.

317 2355 487 2393 Secundo,
512 2354 581 2387 vult
605 2354 700 2386 Deus
723 2354 910 2386 libertatem
934 2354 1102 2397 regendae
1125 2352 1218 2385 loco-

230 2399 373 2430 motivae
405 2409 481 2429 esse
510 2400 540 2430 111
577 2399 743 2437 oxi-nibus,
780 2399 876 2430 etiam
912 2409 977 2429 11011
1014 2398 1149 2435 renatis,
1183 2404 1218 2428 ut

230 2442 380 2473 homines
406 2443 503 2473 etiam
529 2453 592 2473 non
620 2443 724 2473 renati
757 2442 901 2473 habeant
929 2442 1082 2473 iustitiam
1108 2442 1218 2472 carnis

231 2496 292 2516 seu
317 2485 532 2526 disciplinam.
580 2485 685 2516 Rome
717 2487 802 2516 8111111
833 2486 968 2524 dicitur,
998 2483 1218 2525 Disciplinam

233 2538 309 2559 8558
334 2530 481 2559 actiones
507 2535 661 2559 extenuas
686 2534 909 2570 congruentes
935 2540 1008 2560 cum
1027 2528 1119 2569 Lege
1143 2527 1218 2566 Det,

233 2582 371 2614 quorum
397 2583 519 2603 ‹tausae
545 2573 750 2603 immediatae
770 2579 800 2603 et
825 2573 979 2614 propriae
1003 2577 1089 2603 sunt.
1119 2571 1219 2613 Cogi-

232 2615 311 2646 tatio
335 2614 436 2656 Legis
459 2616 491 2646 in
516 2622 636 2654 mente,
656 2622 689 2647 et
711 2613 867 2647 voluntas
891 2616 983 2647 iuxta
1000 2614 1103 2657 Legis
1128 2616 1219 2657 cogi-

852 132 964 164 PHlL.
987 131 1091 164 MEL.
1115 132 1303 165 SCRIPTA
1324 131 1604 164 DOGMATIGA.

2191 132 2255 163 432

1266 229 1408 259 tationes
1432 228 1599 268 imperans
1623 228 1746 262 nervis,
1769 232 1806 259 ut
1824 228 1933 259 cieant
1949 233 2088 259 externa
2107 229 2256 260 membra

1267 273 1328 310 sic,
1353 277 1388 302 ut
1407 278 1517 301 motus
1542 271 1669 301 externi
1693 277 1880 313 congruant
1915 283 1989 303 cum
2012 271 2103 313 Lege
2126 272 2255 303 etiamsi

1266 316 1354 346 intus
1379 325 1439 345 cor
1461 313 1582 345 habeat
1612 314 1763 345 flammas
1788 315 1984 346 contrarias.
2030 315 2180 346 Necesse
2203 320 2256 346 est

1266 358 1353 389 enim
1387 356 1493 394 fateri,
1528 363 1679 388 naturam
1710 357 1878 389 hominum
1902 359 1951 389 sic
1975 359 2142 389 conditam
2165 368 2254 396 esse,

1265 408 1301 432 ut
1325 401 1418 432 nervi
1443 401 1474 431 in
1499 399 1598 431 locali
1621 407 1713 432 motu
1736 402 1873 432 obedire
1897 402 2087 443 cogitationi
2112 402 2254 442 possint.

1267 444 1323 481 Sic
1346 443 1496 475 Achilles
1516 444 1632 481 iratus,
1669 454 1743 475 cum
1766 444 1911 476 honesta
1935 446 2138 486 cogitatione
2167 455 2255 477 com-

1265 488 1412 527 monctit,
1447 488 1593 528 reprimit
1623 498 1751 525 manus,
1786 498 1829 518 ne
1856 488 2055 519 interficiant
2078 489 2256 529 Agamem-

1265 542 1398 562 nonem.
1444 530 1484 561 Et
1509 541 1700 572 quanquam
1731 529 1929 572 Philosophi
1959 530 2060 562 multa
2085 532 2255 573 disputant

1267 575 1307 605 de
1327 574 1471 604 humana
1494 575 1626 607 virtute,
1651 581 1759 605 tamen
1784 575 1861 615 quid
1886 575 1990 606 virtus
2011 576 2052 605 sit
2071 575 2103 606 in
2122 574 2256 606 homine

1265 628 1332 648 non
1364 624 1492 655 renato,
1525 618 1586 648 nisi
1616 616 1692 648 talis
1716 628 1894 649 nervorum
1925 619 2134 660 gubernatio,
2167 627 2256 660 quae

1265 661 1469 702 cogitatione
1508 660 1611 702 Legis
1657 662 1799 703 regitur,
1842 670 1909 692 non
1950 662 2033 692 satis
2078 662 2256 702 perspicue

1266 703 1395 734 ostendi
1415 710 1537 744 potest,
1560 704 1599 734 Et
1624 702 1709 735 haec
1733 705 1933 746 gubernatio
1969 706 2002 735 in
2036 703 2111 735 aliis
2135 703 2254 747 n'tagis,

1265 747 1296 778 in
1325 745 1399 777 aliis
1435 747 1542 777 minus
1578 748 1763 784 adiuvatur,
1799 746 1853 778 vel
1887 753 2160 789 temperamento,
2199 746 2255 779 vel

1265 791 1410 821 motibus
1431 789 1594 828 Heroicis,
1619 793 1673 832 qui
1699 797 1776 821 sunt.
1800 790 1988 832 singulares
2023 798 2131 822 motus
2164 791 2255 822 insiti

1264 834 1514 874 praestantibus
1548 834 1628 865 viris
1663 845 1682 865 a
1717 833 1812 871 Deo,
1850 836 1936 866 sicut
1971 835 2077 876 inquit
2111 837 2253 867 Seneca:

1264 875 1364 907 Nulla
1392 887 1513 918 magna
1545 877 1652 908 virtus
1687 878 1759 908 51118
1783 877 1857 908 Deo
1892 884 1956 916 est,
1990 885 2026 910 ut
2059 876 2255 917 Alexandri,

1264 918 1425 958 Achillis,
1459 918 1531 951 lulii
1561 919 1733 959 fortitudo,
1768 920 1901 953 fuerunt
1924 920 2114 964 singulares
2143 928 2254 953 motus

1265 963 1377 995 divini.

1352 1048 1398 1080 Ut
1421 1056 1531 1080 autem
1554 1048 1640 1080 alias
1663 1060 1766 1091 saepe
1789 1050 1924 1082 dicitur:
1959 1051 2075 1083 Sciant
2108 1051 2256 1083 iuniores

1268 1098 1411 1134 quatuor
1455 1094 1655 1134 praecipuas
1700 1100 1732 1124 et
1765 1094 1975 1124 necessarias
2010 1104 2131 1126 causas
2166 1105 2256 1134 esse,

1267 1142 1404 1176 propter
1427 1146 1512 1177 quas
1537 1146 1652 1167 omnes
1675 1136 1828 1167 homines
1853 1137 1949 1168 etiam
1974 1147 2040 1168 non
2059 1138 2177 1177 renati,
2200 1138 2256 1169 de-

1270 1181 1347 1211 bent
1381 1185 1552 1211 externam
1587 1180 1809 1211 obedientiam
1834 1179 1907 1211 Deo
1937 1187 2122 1221 praestare.
2168 1180 2257 1217 Qua-

1268 1233 1341 1254 rum
1375 1233 1551 1254 eausarum
1585 1224 1692 1265 prima
1722 1229 1786 1262 est,
1820 1223 2040 1264 Praeceptum
2068 1223 2145 1264 Dei,
2180 1224 2257 1266 quia

1268 1276 1384 1298 omnes
1409 1272 1583 1298 creaturae
1607 1267 1730 1300 debent
1753 1267 1976 1299 obedientiam
1997 1266 2084 1299 Deo.

1355 1352 1523 1391 Secunda,
1547 1359 1582 1384 ut
1594 1354 1740 1384 vitentur
1752 1363 1880 1394 poenae
1891 1354 1990 1386 huius
2002 1354 2090 1385 vitae
2101 1359 2135 1385 et
2150 1359 2258 1385 aeter-

1267 1406 1341 1434 nae,
1365 1397 1441 1438 quia
1465 1394 1582 1438 regula
1606 1396 1717 1427 divina
1740 1403 1804 1434 est,
1835 1397 1976 1428 Atrocia
2000 1395 2123 1428 delicta
2147 1397 2258 1437 puniri

1267 1440 1437 1471 atrocibus
1459 1440 1589 1481 poenis,
1613 1440 1710 1471 etiam
1733 1440 1765 1470 in
1788 1440 1853 1471 hac
1871 1441 1948 1471 vita.
1984 1439 2077 1472 Sicut
2096 1441 2258 1481 scriptum

1267 1489 1334 1515 est:
1371 1482 1435 1518 Qui
1465 1481 1612 1525 gladium
1647 1484 1827 1524 acceperit,
1852 1482 1964 1526 gladio
1987 1483 2119 1524 peribit.
2164 1483 2255 1519 Item,

1267 1526 1341 1558 Vae
1359 1527 1414 1568 qui
1438 1525 1584 1567 spolias,
1608 1527 1685 1567 quia
1708 1525 1920 1567 spoliaberis.
1965 1526 2056 1564 ltem,
2090 1526 2167 1558 Non
2199 1526 2258 1559 ha-

1268 1570 1358 1601 bebit
1382 1569 1474 1601 Deus
1494 1570 1658 1600 insontem
1694 1579 1788 1607 eum,
1823 1570 1878 1611 qui
1912 1580 1998 1601 vane
2030 1580 2152 1601 nomen
2185 1571 2258 1602 eius

1268 1619 1418 1654 usurpat.
1464 1612 1545 1644 Item
1570 1614 1610 1644 de
1635 1613 1788 1652 incestis,
1815 1613 1932 1644 Omnis
1963 1613 2072 1645 anima
2102 1624 2187 1654 quae
2210 1612 2257 1645 se-

1269 1658 1352 1688 cerit
1382 1657 1646 1688 abominationes
1681 1657 1755 1695 has,
1791 1657 1912 1697 peribit
1947 1657 1989 1688 de
2023 1656 2147 1698 populo
2182 1667 2257 1689 suo.

1268 1699 1310 1731 Et
1332 1701 1365 1731 in
1389 1698 1441 1730 his
1465 1702 1519 1741 qui
1543 1710 1609 1731 non
1635 1706 1875 1731 convertuntur
1899 1701 1939 1731 ad
1965 1699 2155 1738 Dominum,
2178 1711 2257 1741 poe·

1269 1754 1333 1775 nae
1368 1743 1563 1783 corporales
1599 1749 1677 1774 sunt
1710 1744 1800 1774 initia
1829 1749 2040 1775 aeternarum
2061 1754 2257 1784 poenarum.

1271 1788 1338 1818 sed
1363 1788 1394 1817 111
1418 1785 1483 1817 11115
1507 1787 1562 1829 qui
1587 1792 1826 1819 convertuntur
1848 1788 1890 1818 ad
1908 1786 2027 1825 Deum,
2050 1787 2259 1819 remittuntur

1270 1837 1428 1861 aeternae
1452 1840 1591 1871 poenae,
1615 1837 1650 1861 ut
1675 1830 1808 1869 Davidi,
1831 1829 2024 1868 Manassae,
2047 1836 2080 1862 et
2103 1829 2190 1869 aliiS,
2225 1836 2259 1862 et

1269 1880 1377 1905 tamen
1401 1872 1454 1904 1118
1479 1884 1611 1915 quoque
1633 1874 1665 1904 in
1690 1874 1753 1905 hac
1777 1874 1843 1904 vita
1867 1875 2087 1916 castigantur,
2118 1874 2179 1905 sed
2201 1875 2258 1905 mi-

1270 1918 1352 1959 tigat
1376 1918 1424 1948 eis
1448 1916 1542 1949 Deus
1566 1927 1708 1959 poenas,
1743 1918 1833 1948 iuxta
1857 1917 1994 1948 dictum:
2019 1916 2258 1948 convertimini

1269 1962 1311 1991 ad
1335 1972 1399 1998 me,
1423 1966 1455 1992 et
1477 1971 1541 2003 ego
1566 1967 1746 1992 convertar
1768 1961 1811 1991 ad
1835 1970 1908 1991 vos.
1953 1960 2045 1998 118111,
2068 1960 2183 1991 Bonus
2207 1965 2259 1992 est

1270 2003 1445 2043 13011ιὶ0115,
1470 2011 1501 2035 et
1525 2004 1672 2045 poenitet
1696 2014 1769 2034 eum
1792 2001 1880 2034 mali.
1926 2003 2018 2042 Item,
2041 2004 2117 2035 Non
2138 2002 2258 2036 faciam

1270 2046 1416 2078 furorem
1445 2049 1515 2078 irae
1549 2057 1653 2085 meae,
1688 2047 1763 2088 quia
1787 2045 1882 2077 Deus
1918 2057 1981 2088 ego
2017 2057 2102 2078 sum.
2165 2047 2258 2085 Item,

1271 2090 1306 2121 Si
1330 2089 1452 2122 suerint
1474 2096 1614 2131 peccata
1637 2096 1751 2121 vestra
1773 2096 1809 2120 ut
1834 2091 2007 2122 coccinum
2036 2098 2068 2122 et
2097 2091 2259 2122 vermicu-

1270 2133 1335 2173 lus,
1358 2134 1450 2165 eritis
1474 2134 1605 2165 candidi
1628 2134 1714 2165 sicut
1738 2134 1794 2164 nix
1818 2138 1880 2165 etc.

1358 2220 1471 2252 Tertia
1494 2230 1597 2251 causa
1621 2226 1689 2258 est,
1711 2219 1794 2251 Vult
1817 2219 1913 2251 Deus
1943 2220 2043 2252 etiam
2063 2220 2096 2252 in
2119 2230 2185 2252 non
2208 2230 2259 2252 re-

1271 2263 1358 2296 natis
1383 2271 1553 2296 externam
1584 2264 1815 2302 obedientiam,
1852 2269 1990 2306 propter
2012 2262 2150 2295 aliorum
2170 2270 2259 2295 tran-

1273 2306 1478 2350 quillitatem,
1502 2313 1534 2338 et
1559 2307 1846 2339 conservationem
1865 2307 2052 2338 commu-nis
2075 2307 2258 2339 societatis.

1270 2351 1347 2382 Non
1372 2352 1457 2382 enim
1481 2356 1604 2382 tantum
1629 2351 1724 2382 nobis
1748 2351 1929 2388 nascimur,
1953 2351 2012 2381 sed
2036 2349 2107 2382 Lex
2129 2349 2193 2382 Dei
2215 2350 2259 2382 sit

1272 2396 1303 2468 {n
1329 2400 1535 2437 conspectu:
1570 2394 1669 2430 Quod
1699 2394 1758 2426 tibi
1790 2404 1858 2425 non
1893 2394 1942 2425 vis
1978 2393 2061 2432 fieri,
2095 2393 2192 2425 alteri
2215 2404 2259 2425 ne

1287 2448 1405 2470 888115.

1360 2523 1488 2560 Quarta
1512 2534 1615 2556 causa
1645 2531 1708 2563 est,
1742 2523 1827 2559 Quia
1850 2523 1921 2555 Lex
1955 2529 2008 2554 est
2040 2522 2258 2565 paedagogus

1272 2568 1304 2600 in
1329 2567 1511 2605 Christum,
1535 2568 1565 2599 id
1591 2574 1655 2605 est,
1678 2568 1710 2598 in
1734 2566 1786 2598 his
1812 2568 1866 2609 qui
1890 2573 2106 2608 perseverant
2129 2567 2160 2597 111
2186 2576 2258 2596 588-

1272 2610 1414 2651 leribus,
1433 2611 1653 2643 certissimum
1677 2617 1740 2649 est,
1769 2621 1836 2642 11011
1859 2621 1937 2642 8558
1961 2608 2134 2642 efficacem
2157 2609 2258 2651 Spiri-
