2383 2990
139 123 201 154 119

138 215 346 248 dilectionem
380 216 459 250 Dei,
505 217 594 247 iuxta
628 214 727 247 illud:
767 214 896 256 Diliges
938 214 1118 245 Dominum

136 260 244 291 Deum
266 266 356 290 tuum
380 270 418 290 cx
445 266 516 290 toto
541 259 653 290 corde.
721 258 789 289 Sed
818 259 894 299 quia
918 264 1037 288 natura
1060 256 1118 288 ho-

136 304 231 334 minis
268 309 424 342 corrupta
454 302 607 333 85111110
634 302 788 343 originis,
825 301 901 332 ideo
936 299 1051 331 haeret
1086 301 1117 330 in

135 347 232 376 nobis
256 346 424 382 dubitatio,
459 344 603 376 carnalis
627 345 802 381 securitaS,
837 343 1118 384 concupiscentia,

136 399 220 431 quae
242 388 350 429 magis
374 394 461 418 amat
485 386 640 425 carnalia,
665 398 763 429 quam
781 386 900 418 Deum.
945 387 1021 417 Ideo
1034 387 1119 417 haec

134 432 263 463 infirma
285 437 403 461 natura
427 440 592 472 nunquam
616 436 727 471 potest
751 429 950 461 satisfacere
972 429 1048 460 huic
1074 428 1119 459 le-

135 476 179 517 gi,
199 480 229 504 et
253 484 386 514 semper
405 480 543 504 accusat
568 484 630 505 nos
654 473 737 504 hacc
749 472 814 504 lex.
843 473 1018 514 Nunquam
1033 472 1119 502 enim

134 523 257 548 tantum
282 516 433 547 timemus
446 522 503 547 aut
521 515 686 558 diligimus
699 516 819 554 Deum,
844 522 1001 557 quantum
1022 526 1119 555 opor-

132 561 201 591 tuit.
247 559 315 590 11110
340 569 381 590 118
398 558 547 590 1110110311
572 560 700 601 quidem
720 565 831 599 potest
856 559 1043 589 obedientia
1060 558 1119 588 hu-

132 604 184 634 ius
207 603 392 643 praecepti,
428 603 491 633 nisi
518 603 610 643 prius
635 603 807 633 audiamus
830 601 1051 642 Evangelium
1075 602 1116 631 de

134 645 280 684 Christo,
305 651 335 676 et
360 645 401 676 de
426 646 621 677 remissione
639 652 866 687 peccatorum.

179 743 397 793 Quomodo
429 743 643 784 inchoatur
681 744 783 783 haec
815 740 1074 782 obedientia?

218 835 272 866 Ad
296 834 516 866 inchoandam
540 834 626 865 hanc
650 834 881 870 obedientiam,
900 841 1042 863 11808558
1066 836 1118 862 est

131 878 254 909 addere
282 876 500 919 Evangelium
535 878 575 908 de
610 876 763 914 Christo,
799 882 830 906 81
856 876 897 906 (18
920 875 1118 906 remissione

132 928 355 962 peccatorum.
386 921 461 952 Non
486 921 569 951 enim
593 926 735 960 possunt
758 919 902 949 humana
927 919 1030 948 corda
1042 916 1117 948 Deo

133 965 287 1002 credere,
322 974 389 995 non
424 964 569 994 sentiunt
604 973 642 993 se
677 962 841 999 exaudiri,
876 971 941 992 non
977 959 1117 1002 diligunt

131 1007 259 1045 Deum,
292 1007 355 1037 nisi
379 1007 471 1048 prius
496 1004 680 1047 intelligant
703 1005 811 1036 Deum
835 1014 912 1035 esse
935 1003 1115 1045 placatum.

132 1049 214 1081 Cum
248 1050 349 1091 igitur
377 1048 605 1090 perterrefacti
629 1049 797 1090 agnitione
819 1053 1034 1088 peccatorum
1058 1057 1116 1077 no-

131 1100 287 1131 strorum,
310 1093 460 1124 audimus
482 1093 580 1123 nobis
605 1092 721 1123 donari
744 1091 974 1122 remissionem
996 1100 1117 1131 pecca-

130 1142 251 1175 torum,
283 1141 420 1177 propter
454 1134 571 1167 Filium
601 1134 678 1173 Dei,
713 1134 821 1166 lesum
846 1133 1026 1171 Christum,
1061 1133 1116 1174 qui

129 1190 190 1220 pro
226 1180 322 1210 nobis
357 1177 465 1210 factus
501 1184 552 1210 est
575 1179 717 1209 victima.
785 1177 857 1208 Hac
883 1176 1115 1208 consolatione

129 1223 300 1265 eriguntur
324 1229 468 1260 mentes,
492 1227 523 1253 et
546 1222 706 1262 incipiunt
729 1221 867 1253 credere
891 1226 922 1252 ct
946 1219 1116 1251 confidere

129 1264 221 1304 Deo,
255 1266 344 1306 quod
368 1266 411 1295 sit
434 1265 531 1296 nobis
555 1265 729 1306 propitius.
796 1264 998 1305 Agnoscunt.
1016 1262 1116 1304 igitiu'

128 1309 232 1350 ipsius
257 1308 536 1346 misericordiam,
572 1314 604 1339 et
636 1313 783 1339 :statuunt
808 1317 870 1338 nos
895 1306 1014 1347 recipi,
1050 1315 1114 1336 nos

129 1352 287 1383 exaudiri.
332 1351 411 1382 Ideo
436 1352 595 1392 incipiunt
617 1361 692 1382 eum
715 1349 863 1392 diligere.
920 1351 968 1380 Ita
994 1349 1028 1379 in
1050 1348 1115 1387 his,

128 1397 184 1437 qui
206 1400 310 1437 agunt
332 1395 578 1436 poenitentiam,
602 1400 678 1425 sunt
700 1400 860 1431 terrores,
883 1393 991 1430 timor,
1019 1391 1114 1429 tides,

128 1438 273 1470 dilectio.
340 1438 383 1469 Et
405 1438 492 1469 haec
515 1438 703 1469 obedientia
727 1442 853 1467 tantum
877 1436 1034 1466 inchoata
1052 1440 1114 1469 est,

127 1481 239 1524 placet
261 1487 369 1512 autem
392 1481 484 1519 Deo,
518 1482 592 1522 quia
617 1481 682 1512 fide
711 1486 847 1521 propter
870 1478 1038 1510 Christum
1062 1488 1115 1509 su-

127 1536 201 1557 mus
226 1523 307 1556 facti
329 1524 397 1555 11111.
455 1524 503 1555 113
525 1524 611 1566 legis
635 1524 709 1554 finis
740 1529 790 1554 est
816 1522 981 1554 Christus.
1039 1522 1115 1553 Non

129 1569 214 1600 enim
237 1574 347 1609 potest
369 1568 440 1599 fieri
462 1566 527 1606 lex,
561 1568 624 1598 nisi
654 1567 767 1609 agnito
804 1564 1115 1607 Christojplaceat,

129 1613 206 1653 quia
229 1612 394 1642 credimus
421 1611 567 1643 Christo.
624 1610 660 1641 111
682 1611 770 1641 113118
790 1610 987 1641 sententiam
1010 1608 1116 1649 inquit

128 1654 267 1686 Paulus:
291 1654 360 1685 Lex
385 1653 549 1685 stabilitur
572 1665 632 1695 per
655 1653 762 1685 fidem.
820 1653 888 1684 Sed
917 1653 957 1683 de
980 1651 1044 1682 hac
1067 1652 1114 1682 in-

130 1697 249 1730 choata
273 1699 461 1729 obedientia
478 1697 563 1729 infra
584 1699 701 1729 iterum
725 1697 901 1728 dicendum
920 1696 993 1733 erit,
1026 1705 1115 1725 1111118

129 1742 221 1783 attigi
251 1747 391 1779 tantum,
423 1747 459 1773 ut
489 1741 736 1778 consideretur,
771 1745 934 1781 quatenus
958 1739 1115 1770 obediant

128 1786 172 1826 pii
196 1785 271 1816 111110
293 1783 368 1826 legi.
417 1785 559 1825 Oportet
583 1785 667 1815 8111111
681 1785 754 1825 pios
777 1784 903 1814 habere
926 1782 1115 1813 inchoatam

130 1829 350 1859 obedientiam
373 1828 404 1858 in
429 1828 605 1865 cordibus,
640 1837 703 1858 nec
738 1827 820 1858 satis
845 1832 895 1857 est
919 1825 997 1857 111110
1020 1834 1114 1865 prae-

130 1876 226 1912 cepto
249 1882 363 1909 nosse,
388 1877 421 1902 et
443 1871 594 1912 profiteri
618 1881 657 1901 ea
681 1879 766 1912 quae
791 1870 889 1901 docet
908 1867 1113 1911 Symbolum,

131 1920 163 1946 et
187 1915 369 1945 observare
394 1920 563 1945 externam
588 1912 813 1954 disciplinam,
844 1913 877 1943 in
903 1912 992 1944 cultu
1015 1911 1113 1942 huius

129 1957 203 1995 Dei,
223 1968 319 1998 quem
343 1959 514 1999 praedicat
536 1956 767 1998 Evangelium.
814 1955 906 1986 Haec
927 1955 1116 1986 obedientia

131 2006 183 2032 est
218 2000 323 2032 civilis
358 2000 552 2042 disciplina,
589 1999 697 2041 qualis
730 2009 806 2030 esse
830 1999 926 2030 etiam
949 2003 1060 2040 potest
1082 1998 1115 2028 in

131 2044 341 2085 Hypocritis,
378 2044 447 2075 Sed
482 2049 614 2085 oportet
631 2044 665 2074 in
689 2043 791 2074 corde
814 2053 930 2073 verum
954 2042 1115 2078 timorem,

131 2097 232 2118 veros
256 2097 418 2128 pavoreS‚
452 2093 485 2119 et
507 2097 625 2118 rursus
648 2097 762 2117 veram
785 2085 885 2116 fidem
909 2090 941 2115 et
961 2083 1115 2115 consola-

132 2131 251 2161 tionem
276 2131 430 2162 existere.
496 2129 539 2161 Et
562 2131 617 2171 qui
641 2130 689 2160 sic
712 2134 902 2170 agnoscunt
924 2127 1051 2165 Deum,
1080 2133 1115 2158 ut

132 2172 382 2214 apprehendant
416 2184 489 2204 eum
523 2183 582 2214 per
616 2173 681 2204 hoc
715 2174 858 2214 signum,
894 2172 984 2213 quod
1018 2171 1115 2201 nobis

132 2217 338 2257 propositum
361 2222 423 2255 est,
447 2218 479 2248 id
498 2222 560 2255 est,
583 2227 643 2257 per
666 2214 907 2253 CHRISTUM,
932 2220 964 2246 ct
978 2225 1039 2255 per
1050 2214 1116 2244 hoc

132 2261 270 2291 verbum
304 2261 400 2291 nobis
434 2261 564 2297 datum,
593 2259 627 2290 hi
662 2269 742 2290 vere
775 2263 966 2300 agnoscunt
994 2257 1115 2294 Deum,

134 2303 409 2344 quemadmodum
431 2313 601 2334 monemur
619 2303 653 2333 in
675 2301 741 2334 hoc
764 2307 953 2343 praecepto.

136 2399 251 2449 Quae
283 2406 376 2440 sunt
406 2407 575 2455 peccata
612 2406 752 2440 eontra
784 2399 961 2454 primum
992 2398 1117 2437 Prae-

528 2460 720 2515 ceptum?

222 2541 353 2573 Gradus
389 2541 480 2575 multi
502 2548 595 2582 sunt,
623 2542 686 2574 sed
715 2551 830 2574 omnes
861 2547 1014 2584 pugnant
1042 2551 1117 2572 cum

135 2585 252 2616 timore
271 2590 327 2616 aut
349 2585 423 2616 fide.

763 120 875 152 pfflL.
898 97 1005 152 11181.
1028 119 1218 153 SCRIPTA
1239 119 1521 153 DOGMATICA.

1143 609 1149 668 Ι

1141 982 1146 995 l

2097 119 2160 151 120

1259 215 1388 246 Primus
1412 214 1536 256 gradus
1560 220 1611 245 est
1633 213 1885 254 Epicureorum,
1907 213 2063 245 videlicet
2081 223 2160 246 esse

1173 258 1292 295 ἀθέους,
1309 268 1441 300 ,118ς318
1465 258 1555 298 quod
1578 258 1620 288 sit
1644 256 1751 295 Deus,
1770 263 1828 288 aut
1851 257 1940 298 quod
1962 258 2028 288 sint
2051 257 2081 288 ei
2104 268 2160 288 cu-

1172 312 1229 333 rae
1253 312 1306 332 res
1330 302 1504 332 humanae.

1261 379 1431 410 Secundus
1467 384 1519 408 est
1553 376 1822 413 idololatrarum,
1856 378 2000 408 tribuere
2031 384 2160 408 creatu·

1172 422 1219 453 ris
1242 421 1403 453 honorem
1426 420 1502 459 Dei,
1525 420 1678 452 videlicet
1702 421 1990 461 omnipotentiam,
2025 422 2159 452 invoca-

1172 467 1295 496 tionem
1314 471 1376 496 etc.
1435 464 1527 495 Sicut
1563 464 1690 495 Gentes
1724 464 1894 506 fingebant
1927 474 2003 495 esse
2036 461 2159 495 multos

1172 508 1278 546 Deos,
1302 513 1333 539 et
1352 518 1440 539 nunc
1464 508 1579 539 Sancti
1603 508 1810 539 invocantur.

1259 585 1391 617 Tertius
1437 591 1487 616 est
1528 585 1743 623 Iudaeorum,
1789 583 2097 616 Mahometistarum
2127 589 2160 615 et

1173 629 1317 660 omnium
1337 627 1592 666 haereticorum,
1613 628 1667 669 qui
1690 638 1757 659 non
1775 627 2028 669 apprehendunt
2049 627 2160 658 Deum

1171 672 1263 702 iuxta
1288 673 1425 703 verbum
1436 671 1500 702 Dei
1522 672 1740 712 propositum,
1764 673 1821 702 sed
1840 671 1967 712 fingunt
1990 671 2054 701 sibi
2077 679 2160 701 suos

1171 714 1277 753 Deos,
1300 722 1415 746 contra
1439 715 1577 745 verbum
1600 714 1674 745 Dei.
1742 714 1841 752 Item,
1864 713 2035 745 confidunt
2057 714 2158 744 certis

1172 758 1436 789 ordinationibus
1472 764 1587 789 contra
1623 758 1863 789 ordinationem
1905 764 1936 788 et
1969 757 2159 788 mandatum

1170 800 1245 832 Dei.

1259 878 1406 913 Quartus
1430 884 1480 909 est
1493 877 1715 918 Magicorum,
1739 879 1793 919 qui
1817 877 1942 909 faciunt
1964 883 2064 918 pacta
2083 887 2159 908 cum

1170 920 1334 959 Diabolo,
1370 922 1509 952 credunt
1536 920 1682 952 Diabolo
1718 927 1834 952 contra
1869 921 2058 952 mandatum
2082 919 2157 950 Dei.

1170 964 1251 995 Item
1276 964 1445 995 confidunt
1469 964 1569 996 certis
1594 965 1858 995 ordinationibus
1884 970 2003 994 contra
2027 963 2158 994 ordina-

1169 1008 1293 1038 tionem
1317 1013 1349 1038 et
1372 1008 1560 1039 mandatum
1585 1006 1658 1039 Dei.

1258 1084 1400 1120 Quintus
1425 1091 1475 1116 est
1498 1096 1625 1123 eorum,
1648 1086 1702 1126 qui
1727 1083 1865 1126 alligant
1889 1083 1998 1115 Deum
2021 1084 2065 1114 ad
2087 1093 2158 1113 cer-

1169 1134 1221 1159 tas
1245 1133 1374 1159 statuas
1386 1127 1529 1159 humana
1543 1129 1717 1159 autoritate
1736 1129 1876 1168 positas,
1900 1133 1957 1158 aut
1976 1127 2073 1158 etiam
2092 1126 2158 1157 vim

1168 1172 1250 1212 ipsis
1275 1173 1394 1202 statuis
1418 1173 1575 1203 tribuunt.
1621 1171 1706 1202 Nam
1728 1171 1848 1201 Esaias
1873 1171 1989 1207 docet,
2020 1169 2158 1200 creden-

1170 1216 1244 1246 dum
1271 1225 1359 1253 esse,
1385 1216 1474 1256 quod
1498 1216 1529 1245 in
1555 1214 1642 1245 omni
1665 1213 1742 1245 loco
1767 1214 1894 1255 pariter
1917 1213 2070 1244 exaudiat
2090 1211 2158 1242 De-

1168 1267 1208 1289 us
1239 1264 1377 1298 agentes
1406 1259 1652 1298 poenitentiam.
1700 1257 1779 1288 Item
1807 1257 1960 1298 impietas
1984 1261 2052 1294 est,
2086 1254 2158 1286 alli-

1168 1311 1249 1343 gare
1272 1301 1380 1332 Deum
1413 1301 1557 1332 humana
1592 1302 1770 1332 autoritate
1801 1301 1842 1331 ad
1873 1306 1983 1330 certas
2013 1304 2158 1337 statuas,

1167 1350 1224 1376 aut
1247 1351 1339 1376 certa
1362 1355 1476 1386 opera,
1500 1345 1645 1376 humana
1667 1344 1848 1374 autoritate
1870 1343 2069 1384 excogitata.

1255 1424 1375 1453 Sextus
1393 1427 1445 1453 est
1457 1421 1727 1463 Hypocritarum,
1751 1421 1806 1462 qui
1823 1421 1974 1462 quamvis
1994 1429 2063 1450 non
2081 1423 2159 1450 sunt

1167 1464 1276 1506 palam
1299 1465 1404 1503 ἄθεοι,
1428 1472 1537 1497 13111811
1561 1466 1675 1496 vivunt
1697 1466 1730 1495 in
1755 1463 1882 1495 carnali
1905 1463 2103 1500 securitate,
2125 1468 2159 1493 et

1169 1515 1383 1540 contemnunt.
1406 1509 1561 1540 iudicium
1584 1508 1667 1546 Dei,
1691 1518 1754 1538 nec
1778 1507 1901 1538 habent
1926 1517 2041 1538 verum
2063 1505 2158 1536 timo-

1169 1563 1237 1583 rem
1260 1552 1334 1583 Dei.
1380 1552 1478 1589 Item,
1514 1553 1622 1593 magis
1654 1550 1793 1592 diligunt
1818 1560 1900 1591 opes
1929 1556 1985 1581 aut
2007 1547 2158 1590 volupta-

1168 1602 1234 1634 tes,
1268 1602 1322 1627 aut
1355 1595 1512 1637 gloriam,
1546 1606 1644 1636 quam
1668 1594 1788 1626 Deum.
1835 1593 1933 1631 Item,
1964 1603 2031 1623 non
2055 1602 2158 1633 agno-

1168 1645 1285 1677 scunt,
1310 1640 1399 1681 quod
1422 1639 1496 1670 Deo
1521 1639 1682 1669 debeatur
1707 1638 1876 1679 gratitudo
1901 1642 1933 1667 et
1958 1635 2158 1673 obedientia,

1168 1684 1246 1725 quia
1266 1684 1307 1714 sit
1332 1682 1484 1720 Creator,
1510 1688 1541 1713 et
1565 1682 1653 1723 quod
1677 1680 1815 1712 fruimur
1839 1680 1910 1711 eius
1930 1678 2113 1711 beneficiis.

1256 1762 1419 1802 Septimus
1444 1766 1495 1791 est
1519 1759 1708 1800 desperatio
1739 1765 1772 1790 et
1796 1759 1906 1790 odium
1929 1757 2010 1796 Dei,
2046 1765 2157 1798 quem-

1168 1805 1344 1835 admodum
1370 1803 1451 1835 Saul
1474 1804 1643 1843 desperat,
1667 1809 1699 1833 et
1722 1813 1797 1834 cum
1819 1802 1900 1833 vidit.
1923 1811 1960 1832 se
1979 1800 2157 1837 abiectum,

1167 1848 1322 1879 irascitur
1344 1847 1432 1886 Deo,
1457 1853 1489 1879 et
1513 1848 1581 1878 odit
1604 1846 1721 1877 Deum.

1256 1926 1408 1956 Octavus
1431 1930 1483 1955 est
1502 1924 1599 1965 impia
1620 1923 1741 1954 fiducia
1758 1923 1912 1964 propriae
1934 1921 2078 1952 iustitiae
2102 1928 2157 1950 co-

1169 1980 1238 1999 ram
1263 1968 1349 2007 Deo,
1374 1974 1409 1999 ut
1431 1967 1603 1999 Pharisaei
1628 1965 1715 1997 illius
1739 1965 1820 1997 Luc.
1849 1965 1896 1996 18.
1936 1965 2021 1995 Nam
2044 1963 2158 2005 Hypo-

1169 2013 1270 2043 critae
1294 2011 1466 2053 dupliciter
1489 2016 1638 2052 peccant.
1686 2009 1762 2040 Nou
1790 2007 1979 2049 intelligunt
2001 2007 2157 2038 iudicium

1169 2055 1232 2086 Dei
1266 2056 1426 2087 adversus
1460 2059 1647 2095 peccatum.
1693 2053 1807 2094 Itaque
1839 2051 1907 2082 11011
1936 2060 2015 2082 vere
2043 2051 2158 2081 timent

1167 2098 1286 2130 Deum.
1339 2098 1470 2130 Rursus
1502 2097 1598 2128 etiam
1628 2095 1831 2127 transferunt
1862 2093 2021 2136 gloriam,
2057 2103 2157 2135 quam

1169 2143 1336 2173 debebant
1350 2141 1497 2179 Christo,
1521 2141 1553 2171 in
1577 2140 1713 2181 propria
1737 2149 1840 2180 opera
1864 2144 1895 2169 et
1918 2137 2088 2179 propriam
2111 2135 2157 2167 di-

1171 2187 1340 2228 gnitatem.

1256 2280 1386 2318 Nonus,
1410 2278 1569 2310 dubitatio
1592 2283 1753 2318 perpetua
1776 2277 1809 2307 in
1833 2276 1967 2313 animis,
1993 2285 2034 2306 an
2059 2283 2156 2305 exau-

1171 2324 1309 2361 diamur,
1334 2334 1375 2354 an
1398 2322 1492 2354 Deus
1516 2321 1673 2362 respiciat
1697 2330 1777 2357 nos,
1801 2330 1843 2350 an
1867 2318 1961 2349 Deus
1987 2316 2065 2349 velit
2096 2326 2156 2347 no-

1171 2368 1222 2399 bis
1248 2368 1435 2409 ignoscere.
1490 2364 1576 2395 Huic
1606 2364 1801 2395 dubitationi
1825 2367 2013 2404 repugnant
2036 2359 2156 2398 sancti,

1173 2416 1203 2442 et
1228 2409 1293 2442 fide
1316 2420 1353 2441 se
1376 2410 1515 2451 erigunt.
1547 2408 1611 2439 Sed
1635 2408 1667 2438 in
1691 2407 1798 2447 impiis
1816 2411 1927 2437 manet
1944 2404 2103 2436 dubitatio
2124 2407 2157 2434 et

1172 2451 1365 2490 diffidentia,
1388 2461 1474 2493 quae
1497 2456 1528 2481 et
1553 2452 1623 2492 ipsa
1645 2450 1749 2492 gignit
1763 2454 1986 2489 contemptum
2000 2453 2033 2478 et
2045 2447 2157 2478 odium

1171 2497 1246 2535 Dei,
1270 2497 1347 2538 quia
1370 2495 1569 2537 imaginatur
1591 2494 1700 2525 Deum
1724 2499 1781 2524 aut.
1804 2492 1946 2523 otiosum
1971 2500 2066 2527 esse,
2100 2493 2157 2520 aut

1171 2541 1329 2582 iniquum,
1352 2538 1537 2576 crudelem,
1562 2539 1615 2580 qui
1640 2543 1687 2568 tot
1710 2536 1818 2568 modis
1840 2531 1968 2577 affligat.
1989 2533 2077 2565 hanc
2099 2542 2157 2564 na-

1172 2589 1280 2615 turam
1303 2581 1477 2621 infirmam,
1501 2592 1562 2613 nec
1586 2580 1667 2613 velit
1689 2590 1762 2611 eam
1784 2579 1941 2611 liberare.
