2383 2990
98 941 103 947 ·
152 930 337 961 secundum
366 939 518 967 carnem,
550 928 605 960 h‘c
638 928 763 970 gradus
794 928 1038 959 consideretur.

155 138 220 171 ⁶273

799 134 854 165 [V.
880 131 1139 165 ENARRA'HO
1164 133 1367 165 SYMBoLt
1396 132 1553 166 Sirmii.

2131 134 2195 169 274

242 231 304 264 Hic
328 240 409 262 vero
433 230 531 261 etiam
553 228 759 271 complector
776 235 917 272 peccata
940 229 1150 272 ignorantiae
1174 235 1179 273 ι
1202 231 1254 261 tus
1280 237 1348 268 est,
1379 241 1475 272 quem
1506 231 1567 261 etsi
1599 231 1764 262 interdum
1793 229 1896 272 aliqui
1924 230 2110 272 sophistice
2139 232 2192 263 de-

156 276 338 310 affectatae.
373 273 445 305 Etsi
469 272 562 305 multi
586 274 739 305 omnibus
765 274 982 314 temporibus,
1007 279 1042 304 ut
1061 283 1150 304 nunc

156 329 300 363 quoque,
323 319 479 361 ignorant
504 316 744 360 Evangelium,
768 323 878 348 tamen
905 327 979 348 cum
1004 317 1036 348 id
1060 317 1150 347 scire

155 365 316 400 debeant,
352 372 419 393 non
450 362 602 399 discunt,
637 360 719 392 talia
747 367 888 403 peccata
921 359 1040 391 similia
1070 367 1149 391 sunt

152 407 300 450 peccatis
330 411 449 437 contra
477 406 734 443 conscientiam,
767 405 844 446 quia
873 403 1027 436 volentes
1057 404 1149 434 omit·

152 456 225 482 tunt
254 450 502 491 inquisitionem
533 459 593 480 seu
624 449 930 480 considerationem
959 458 1060 479 verae
1091 448 1149 479 do-

154 494 289 525 ctrinae.
337 493 395 525 Sic
420 492 605 530 Pharisaei,
630 491 802 533 Episcopi,
824 490 938 534 Reges
963 497 993 522 et
1018 490 1075 522 alii
1099 501 1148 522 er-

152 543 281 576 rantes,
304 536 431 568 habent
452 535 676 578 ignorantiam
699 535 901 575 affectatam.

239 641 353 673 Sumsi
383 647 493 672 autem
528 640 707 671 discrimen
742 640 874 680 peccati
909 640 1081 682 regnantis
1116 646 1148 670 et

152 695 219 717 non
250 685 424 728 regnantis
459 694 500 715 ex
530 689 627 714 sexto
664 684 772 724 capite
805 684 846 714 ad
876 682 1060 714 Romanos.
1105 682 1148 713 Et

152 729 309 762 convenit
334 739 410 760 cum
433 738 473 759 eo
491 727 681 759 discrimine
699 728 822 758 dictum
836 725 931 758 Pauli
950 727 992 758 ad
1007 725 1103 758 Rom.
1116 727 1145 759 8.

151 772 189 804 Si
212 773 396 804 secundum
425 781 559 803 carnem
584 771 719 808 vivetis,
751 771 953 808 moriemini,
983 771 1019 802 Si
1046 771 1148 802 actio—

151 826 214 848 nes
238 817 350 848 carnis
375 815 493 857 spiritu
516 814 773 852 mortificabitis,
799 815 932 845 vivetis.

241 885 284 917 Ut
311 891 422 917 autem
453 883 594 926 intelligi
622 884 746 925 possit,
779 884 857 925 quid
886 890 1002 922 vocet,
1024 884 1148 915 .vivere

1084 927 1148 958 Re-

151 974 219 1005 nati
250 983 369 1004 rursus
393 972 577 1004 secundum
606 982 739 1003 carnem
762 971 894 1009 vivunt,
923 982 997 1003 cum
1028 978 1150 1002 contra

152 1017 390 1049 conscientiam
414 1014 537 1047 violant
562 1014 671 1057 legem
695 1014 777 1053 Dei,
800 1026 886 1057 quos
912 1026 986 1046 cum
1010 1016 1072 1053 ait,
1096 1025 1148 1046 se-

152 1062 295 1092 cundum
325 1070 459 1091 carnem
486 1060 617 1097 vivere,
649 1058 714 1090 bac
744 1060 816 1100 ipsa
845 1059 1071 1100 descriptione
1102 1066 1149 1090 te-

151 1110 258 1136 statur
286 1114 346 1136 eos
373 1104 633 1146 gubernatorem
659 1103 815 1144 Spiritum
845 1109 999 1134 sanctum
1029 1113 1149 1134 excus-

151 1149 250 1180 sisse.
296 1148 337 1179 Et
364 1148 428 1178 hos
460 1148 538 1179 dicit
567 1148 747 1178 morituros
778 1156 875 1185 esse,
907 1147 939 1177 id
970 1153 1038 1184 est,
1069 1156 1148 1178 reos

151 1202 228 1224 esse
252 1192 320 1223 irae
343 1191 408 1222 Dei
433 1197 465 1222 et
487 1201 618 1232 poenae
642 1197 809 1221 aeternae.

238 1261 385 1292 Econtra
409 1261 450 1291 de
474 1260 691 1291 retinentibus
717 1259 875 1300 Spiritum
899 1265 1069 1297 sanctum,
1100 1261 1147 1290 in-

152 1306 233 1347 quit,
256 1304 292 1336 Si
317 1304 468 1335 actiones
494 1304 605 1334 carnis
629 1304 752 1344 Spiritu
777 1302 1032 1343 nun-tiricabjtis,
1058 1303 1147 1334 xive'-

152 1350 204 1380 tis.
243 1348 306 1379 Hic
330 1346 452 1378 fatetur
475 1358 611 1378 manere
636 1348 666 1378 in
692 1347 815 1378 renatis
839 1357 965 1387 pravos
981 1346 1147 1385 adfectus,

151 1392 212 1423 sed
235 1392 288 1423 liis
319 1397 483 1432 repugnat
513 1401 626 1422 eorum
651 1388 808 1421 voluntas
838 1391 951 1421 adiuta
979 1402 998 1421 a
1022 1391 1148 1431 Spiritu

151 1441 282 1473 sancto,
306 1445 349 1466 ne
373 1440 491 1465 contra
515 1434 754 1465 conscientiam
777 1432 942 1464 labantur.

328 1603 402 1643 DE
436 1601 642 1656 LIBERO
678 1602 963 1643 ARBITRIO.

238 1722 273 1753 sn
299 1722 407 1764 capite
431 1723 472 1754 de
497 1722 665 1753 creatione
690 1721 834 1752 hominis
863 1722 928 1753 dixi
958 1721 1146 1753 libertatem

154 1766 320 1797 humanae
339 1764 521 1797 voluntatis
546 1766 678 1796 insitam
701 1774 778 1796 esse
800 1764 971 1796 hominum
994 1772 1147 1804 naturae,

154 1817 185 1841 et
216 1810 335 1851 ingens
366 1808 430 1840 Dei
461 1809 584 1840 donum
615 1807 738 1847 fuisse,
773 1814 804 1840 et
835 1815 962 1849 partem
993 1809 1146 1851 imaginis

150 1852 225 1884 Dei.
271 1851 353 1883 Cum
377 1859 489 1884 autem
513 1859 590 1894 post
614 1851 745 1893 lapsum
768 1853 948 1893 primorum
972 1860 1145 1894 parentum

150 1897 183 1928 in
206 1895 378 1927 intellectu
402 1895 569 1927 hominum
594 1906 716 1937 magna
739 1895 849 1937 caligo
879 1903 994 1928 secuta
1023 1897 1083 1935 sit,
1115 1904 1146 1928 et

148 1940 183 1972 in
212 1939 386 1972 voluntate
422 1940 527 1971 tristis
562 1940 694 1971 aversio
730 1950 749 1970 a
778 1939 872 1979 Deo,
909 1946 941 1971 et
974 1941 1006 1971 in
1044 1941 1146 1972 corde

151 1984 360 2015 contumacia
383 1994 577 2026 repugnans
601 1982 667 2026 legi
688 1982 763 2021 Dei,
788 1994 875 2015 nunc
900 1994 986 2025 opus
1010 1990 1063 2015 est
1082 1983 1146 2015 hac

151 2028 433 2066 consideratione,
456 2026 566 2070 qualis
589 2026 730 2059 libertas
755 2026 884 2069 reliqua
908 2029 961 2059 sit.

239 2097 349 2138 Saepe
379 2103 489 2129 autern
520 2098 553 2129 in
581 2096 740 2129 Ecclesia
769 2098 881 2140 magni
913 2096 1074 2129 tumultus
1106 2108 1146 2130 ex

152 2139 217 2171 hac
240 2141 437 2182 quaestione
461 2142 524 2172 orti
548 2148 645 2180 sunt,
677 2141 754 2173 ldeo
783 2152 928 2173 necesse
958 2149 1009 2173 est
1041 2143 1082 2173 de
1107 2153 1146 2174 ea

152 2189 266 2216 extare
295 2195 425 2222 veram,
460 2185 588 2216 firmam
625 2191 657 2216 et
690 2186 902 2227 perspicuam
936 2188 1146 2224 sententiam,

152 2238 219 2270 qua
242 2227 425 2269 explicata,
454 2229 609 2260 monendi
634 2235 711 2260 sunt
735 2230 904 2268 rudiores,
934 2240 976 2261 ne
1008 2230 1147 2261 curiosi—

150 2277 221 2347 ime
243 2270 355 2313 aliqua
378 2270 583 2313 applaudant
605 2271 703 2305 falsis
726 2273 937 2315 opinionibus
962 2284 1029 2305 non
1050 2273 1146 2305 intel—

164 2316 258 2347 ectis.
620 2329 623 2333 ·

238 2385 292 2416 Ac
310 2385 451 2427 primum
469 2386 642 2417 sciendum
658 2392 724 2424 est,
744 2386 878 2418 Stoicos
898 2386 1033 2418 furores
1050 2397 1146 2428 pror-

151 2439 211 2461 sus
233 2427 312 2461 hinc
337 2430 560 2461 removendos
584 2439 673 2462 esse.
710 2430 786 2461 Non
809 2431 873 2462 iam
898 2431 1079 2473 quaeritur,
1101 2441 1145 2462 an

152 2474 297 2505 omnium
321 2479 499 2504 eventuum
522 2474 555 2504 in
579 2479 710 2513 natura,
735 2480 767 2505 et
784 2473 939 2506 humanis
957 2475 1145 2506 actionibus

151 2517 249 2549 bonis
279 2522 312 2548 et
335 2516 450 2556 malis,
479 2516 592 2549 fatalis
622 2518 666 2549 sit
696 2518 901 2558 necessitas,
930 2519 1019 2551 sicut
1040 2519 1146 2550 Stoici

153 2561 408 2593 contenderunt.

238 2630 302 2663 Hic
326 2641 422 2663 error
444 2641 549 2673 supra
570 2631 748 2672 perspicue
770 2630 936 2664 refutatus
960 2638 992 2664 et
1012 2632 1147 2663 damna·

308 2697 458 2719 MELANTB.
473 2700 555 2721 OPER,
570 2700 634 2720 VOL.
649 2699 734 2720 xxm.

1202 272 1355 312 sendum,
1379 281 1487 305 tamen
1515 275 1622 306 bonae
1645 280 1772 306 mentes
1796 275 1905 306 sciant
1930 285 2138 317 nequaquam
2161 276 2194 307 in

1200 316 1358 349 Ecclesia
1387 319 1544 349 utendum
1574 328 1651 350 esse
1679 318 1881 360 sophistica,
1916 319 1978 350 sed
2010 318 2194 360 simplicem

1202 362 1375 393 veritatem
1398 362 1603 393 retinendam
1630 372 1724 401 esse,
1753 363 1950 404 praesertim
1981 374 2055 394 cum
2080 362 2195 394 Stoica

1202 405 1388 436 necessitas
1414 404 1614 437 contumelia
1639 405 1744 437 Deum
1769 404 1910 445 afficiat,
1937 412 1967 438 et
1991 413 2112 439 noceat
2139 408 2194 438 bo-

1200 449 1252 480 nis
1276 449 1433 480 moribus.

1288 518 1419 549 Deinde
1442 528 1505 549 nec
1529 519 1570 550 de
1589 519 1895 560 praedestinatione
1912 520 1977 550 iam
1997 520 2128 558 dieitur,
2152 519 2194 551 de

1201 572 1266 604 qua
1294 569 1414 603 postea
1436 561 1511 594 Deo
1542 563 1676 594 iuvante
1705 564 1917 594 necessarias
1949 564 2194 595 admonitiones

1199 606 1427 637 recitabimus.
1474 605 1541 637 Sed
1566 612 1692 637 tantum
1717 607 1757 637 de
1787 606 1912 638 viribus
1943 606 2109 638 humanae
2138 617 2194 638 na·

1200 655 1297 681 turae
1322 650 1501 692 quaeritur,
1527 649 1645 692 quales
1670 660 1758 682 nunc
1782 650 1864 689 sint,
1888 656 1918 681 et
1944 650 2138 682 deducimur
2160 651 2195 682 in

1201 691 1265 724 hac
1290 692 1510 735 explicatione
1539 695 1580 725 ad
1609 693 1822 734 aspiciendos
1852 704 1916 724 nos
1945 694 2056 735 ipsos,
2088 700 2122 726 et
2152 694 2193 726 ad

1201 738 1503 769 considerationem
1526 736 1759 769 imbecillitatis
1784 743 1931 769 nostrae.

1288 807 1451 839 Recitabo
1474 808 1573 850 igitur
1596 818 1729 846 veram,
1760 807 1989 849 perspicuam,
2019 814 2050 839 et
2076 817 2194 851 perpe·

1201 857 1291 883 tuam
1314 850 1490 883 Ecclesiae
1514 850 1699 883 catholicae
1722 852 1931 883 sententiam.

1289 920 1333 953 Ut
1357 929 1468 953 autem
1493 932 1595 963 supra
1618 919 1742 963 aliquid
1772 921 1812 952 de
1841 921 2055 953 distinctione
2080 928 2194 963 poten—

1201 966 1320 997 tiarum
1343 972 1375 997 et
1396 976 1597 1008 organorum
1622 967 1752 996 animae
1773 965 1804 996 in
1829 964 2019 996 hominibus
2043 966 2128 1004 d'uti,
2150 966 2198 997 ita

1202 1010 1256 1041 hic
1280 1020 1397 1041 rursus
1422 1010 1586 1041 admoneo
1612 1009 1770 1047 iuniores,
1794 1015 1830 1040 ut
1854 1016 1946 1040 recte
1970 1009 2101 1040 discant
2125 1019 2197 1040 eam

1202 1054 1407 1091 doctrinam,
1439 1064 1524 1095 quae
1554 1054 1596 1084 de
1626 1054 1734 1084 anima
1763 1052 1905 1084 hominis
1934 1059 1966 1084 et
1991 1054 2062 1084 eius
2081 1059 2197 1095 poten-

1202 1098 1257 1128 tiis
1281 1104 1314 1128 et
1337 1098 1462 1128 viribus
1493 1098 1524 1128 in
1551 1096 1767 1139 philosophia
1794 1103 1825 1127 et
1857 1097 1889 1127 in
1914 1094 2067 1127 Ecclesia
2097 1097 2197 1128 tradi-

1202 1148 1274 1180 tur,
1304 1152 1390 1182 quae
1420 1152 1486 1172 non
1517 1148 1630 1183 potest
1660 1141 1692 1172 in
1723 1139 1788 1171 hoc
1822 1150 1924 1181 opere
1955 1146 2025 1171 tota
2053 1141 2199 1179 recitari,

1203 1186 1263 1216 sed
1293 1184 1372 1216 alibi
1402 1185 1564 1216 discenda
1591 1191 1662 1222 est,
1697 1191 1728 1215 et
1764 1183 1970 1215 familiariter
2003 1191 2084 1215 nota
2118 1194 2198 1216 esse

1203 1230 1358 1260 omnibus
1382 1229 1518 1260 eruditis
1542 1229 1651 1260 debet.

1290 1297 1482 1339 Appellatio
1508 1297 1602 1329 liberi
1633 1298 1758 1329 arbitrii
1788 1296 2020 1338 complectitur
2048 1308 2196 1329 summas

1202 1343 1370 1383 potentias
1396 1343 1426 1372 iu
1451 1341 1600 1377 homine,
1625 1340 1768 1379 scilicet,
1792 1340 1996 1372 intellectum
2021 1348 2053 1373 et
2078 1339 2196 1374 volun-

1203 1392 1316 1424 tatem,
1345 1386 1430 1417 sicut
1453 1387 1576 1417 usitate
1596 1386 1628 1416 in
1652 1384 1781 1417 scholis
1805 1385 1988 1416 nominant.

1291 1472 1435 1504 Prodest
1471 1479 1582 1504 autem
1621 1474 1653 1504 in
1696 1474 1850 1504 omnibus
1886 1473 2074 1505 actionibus
2109 1473 2198 1504 vitae

1201 1516 1289 1548 haec
1312 1517 1550 1555 consideratio,
1575 1528 1642 1558 quo
1666 1528 1773 1558 usque
1795 1518 1954 1559 progredi
1978 1516 2119 1548 humana
2141 1526 2196 1548 co-

1202 1561 1305 1602 gnitio
1336 1561 1462 1602 possit,
1495 1567 1527 1592 et
1557 1561 1613 1591 ubi
1644 1559 1763 1592 electio
1794 1560 1976 1592 voluntatis
2008 1566 2197 1602 congruere

1203 1615 1277 1635 cum
1302 1605 1494 1645 cognitione
1518 1605 1640 1646 possit,
1672 1605 1726 1636 ubi
1751 1612 1861 1636 motus
1886 1605 1998 1637 cordis·
2025 1605 2196 1645 obtempe-

1202 1655 1273 1679 rent
1299 1649 1497 1690 cognitioni,
1522 1649 1578 1680 ubi
1602 1655 1806 1691 repugnent,
1830 1650 1885 1680 ubi
1911 1656 2035 1680 tautum
2059 1655 2196 1680 externa

1201 1692 1349 1723 membra
1375 1698 1586 1728 moveantur,
1618 1693 1746 1724 etiamsi
1777 1692 1861 1724 alius
1892 1699 1944 1724 est
1974 1693 2088 1724 cordis
2117 1691 2195 1723 affe—

1202 1743 1296 1774 ctus,
1327 1742 1363 1767 ut
1394 1747 1468 1767 cuin
1498 1734 1650 1767 Achilles
1680 1737 1785 1768 iratus
1815 1740 1952 1768 coercet
1981 1747 2119 1774 manus,
2154 1746 2196 1767 ne

1201 1781 1366 1822 stringant
1390 1778 1547 1822 gladium,
1571 1787 1603 1811 et
1627 1781 1669 1812 ab
1694 1781 1950 1823 Agamemnone
1974 1781 2126 1812 discedit.

1289 1849 1382 1882 Haec
1407 1860 1532 1892 genera
1560 1850 1728 1881 actionum
1757 1849 1894 1893 intelligi
1925 1857 1956 1882 et
1989 1851 2133 1882 discerni
2161 1850 2195 1881 in

1200 1893 1265 1926 hac
1289 1895 1484 1936 quaestione
1508 1893 1718 1926 utilissimum
1750 1902 1812 1926 est.
1858 1894 1899 1925 Et
1930 1905 1972 1926 ex
2004 1893 2056 1925 his
2084 1893 2194 1936 gradi-

1200 1939 1264 1970 bus
1288 1945 1380 1970 recte
1404 1938 1544 1969 sumitur
1569 1939 1651 1970 ordo
1676 1937 1917 1980 explicationis.

1288 2008 1372 2039 Pars
1405 2018 1619 2050 cognoscens
1655 2009 1687 2040 in
1719 2007 1852 2040 homine
1886 2008 1918 2039 in
1953 2018 2020 2040 non
2055 2008 2192 2045 renatis,

1200 2053 1385 2085 doctrinam
1408 2051 1495 2093 legis
1520 2052 1663 2088 divinae,
1689 2053 1795 2084 minas
1819 2059 1852 2083 et
1871 2051 2115 2093 promissiones
2135 2061 2193 2082 au-

1200 2097 1286 2128 ditas
1311 2107 1371 2127 seu
1394 2094 1501 2127 lectas
1524 2097 1557 2127 in
1573 2095 1740 2135 Ecclesia,
1763 2095 1876 2139 aliquo
1901 2096 2000 2127 modo
2024 2093 2192 2137 intelligit,

1199 2142 1258 2172 sed
1290 2141 1363 2172 sinc
1391 2140 1486 2171 firma
1515 2140 1728 2171 adsensione.
1774 2140 1852 2172 ldeo
1884 2139 2040 2172 voluntas
2071 2149 2195 2171 aversa

1200 2196 1219 2216 a
1242 2184 1336 2222 Deo,
1364 2195 1427 2216 nec
1451 2184 1558 2216 minas
1581 2183 1645 2215 Dei
1668 2183 1843 2224 formidat,
1867 2195 1930 2216 nec
1957 2182 2094 2216 confidit
2117 2193 2194 2225 pro-

1199 2228 1425 2261 missionibus.

1288 2298 1340 2330 Ac
1361 2296 1467 2329 multo
1490 2298 1599 2329 minus
1629 2299 1661 2329 in
1686 2299 1789 2329 corde
1812 2299 1885 2329 sine
1908 2307 1994 2329 voce
2016 2294 2193 2338 Evangelii

1199 2348 1232 2374 et
1256 2343 1328 2373 sine
1353 2341 1476 2383 Spiritu
1505 2348 1624 2373 sancto
1655 2342 1794 2373 accendi
1823 2347 1967 2383 possunt
1996 2341 2094 2372 timor
2115 2339 2193 2378 Dei,

1199 2386 1333 2425 fiducia,
1356 2396 1446 2428 spes,
1471 2384 1605 2417 dilectio
1629 2385 1702 2417 Dei.

1288 2455 1357 2488 Sed
1391 2462 1500 2487 tamen
1534 2461 1614 2498 post
1651 2454 1753 2487 hanc»
1777 2454 2050 2496 depravationem
2084 2453 2193 2486 adhuc

1200 2500 1266 2532 duo
1296 2505 1375 2532 sunt
1405 2509 1531 2542 genera
1565 2500 1732 2532 actionum
1768 2499 1800 2529 in
1832 2497 2004 2530 voluntate
2036 2498 2192 2530 humana.

1201 2544 1308 2576 Unum
1339 2550 1389 2575 est
1419 2542 1549 2575 illustre
1577 2550 1609 2575 et
1640 2543 1793 2575 omnibus
1824 2549 1958 2581 notum,
1994 2542 2199 2585 gubernatio

1199 2588 1369 2630 potentiae
1391 2585 1634 2626 locomotivae,
1657 2593 1691 2619 ut
1716 2592 1852 2625 vocant,
1875 2595 1964 2629 quae
1986 2585 2117 2618 scilicet
2140 2595 2192 2617 re·

1201 2632 1249 2675 git
1271 2638 1381 2664 motus
1405 2630 1533 2663 locales
1555 2632 1589 2663 in
1612 2631 1761 2663 externis
1784 2631 1956 2669 membris,
1978 2636 2013 2662 ut
2033 2629 2191 2662 voluntas

2003 2692 2034 2717 1³
