2383 2990
154 112 198 144 49
834 111 870 142 Π.

135 207 196 238 *ad
219 206 346 243 Deum,
376 215 442 246 qua
464 204 650 236 liberantur
685 206 789 236 corda
817 215 857 235 ex
883 204 1075 243 doloribus,
1108 212 1140 236 et

154 249 298 281 clamant
321 254 355 279 at
377 247 496 286 Deum,
520 249 617 279 Abba
643 257 746 289 pater,
769 249 854 279 inter
877 249 969 289 ipsos
991 247 1138 286 dolores,

154 303 239 334 quos
267 298 376 323 tamen
405 291 508 322 vincit
533 291 737 327 consolatio,
773 292 859 322 sicut
883 291 993 322 David
1027 292 1059 322 in
1084 302 1139 322 ex-

154 334 351 366 cellentibus
377 333 546 365 doloribus
572 341 678 365 tamen
704 335 859 375 erigitur,
882 341 917 365 ut
942 346 1015 365 cum
1036 335 1139 375 inquit

152 377 244 409 Psal.
259 378 311 408 41.
358 378 642 413 Quemadmodum
667 379 834 409 desiderat
858 388 979 408 cervus
1003 378 1044 408 ad
1068 377 1139 408 fon-

151 428 202 453 tes
226 432 398 462 aquarum,
422 422 471 452 sic
495 422 661 452 desiderat
684 422 793 451 anima
819 431 891 451 mea
915 421 956 451 ad
981 427 1026 458 te,
1046 420 1140 451 Deus

151 475 257 495 meus.
304 465 401 495 Item:
427 464 539 499 Quare
563 465 666 494 tristis
685 475 723 494 es
747 464 855 494 anima
880 474 963 499 mea,
987 470 1018 494 et
1039 474 1140 504 quare

152 508 334 539 conturbas
359 508 433 539 me?
467 508 572 548 Spera
593 508 622 538 in
644 517 729 544 eum,
754 507 908 547 quoniam
933 506 1043 537 adhuc
1063 517 1141 537 con-

151 551 272 582 fitebor
291 561 377 589 eum,
402 550 556 582 Salutat-e
579 549 689 581 vultus
713 551 788 587 mei,
814 556 846 580 et
870 549 963 580 Deus
987 560 1091 580 meus.

238 627 329 659 Talis
355 634 405 659 est
428 628 626 659 Sanctomm
647 628 800 658 contritio
826 628 856 657 in
882 626 944 657 hac
969 633 1037 657 tota
1063 628 1140 657 vita.

150 670 193 701 Et
216 670 282 702 huo
306 673 447 712 pertinet
475 672 612 702 dictum:
639 670 752 701 Timor
782 670 914 700 Domini
940 670 1063 700 initium
1089 680 1140 700 sa-

150 715 302 754 pientiae.
338 713 432 745 Alias
457 714 700 754 descriptiones
726 714 850 743 timoris
875 712 1013 743 86111115
1034 719 1064 743 et
1090 713 1140 743 Fi-

150 756 236 787 lialis
255 756 372 788 volens
393 759 518 794 omitto,
542 768 625 798 quas
640 757 737 787 otiosi
752 758 976 797 disputatores
996 756 1141 797 lingunt:

148 799 313 830 Timorem
338 799 469 831 filialem
493 810 582 837 esse,
605 800 659 841 qui
683 811 747 829 non
774 800 863 830 timet
886 810 1024 840 pocnas.
1071 800 1138 829 Sed

149 843 305 881 sciamus,
329 844 449 874 mixtos
469 854 545 874 esse
565 843 629 874 1105
649 844 802 884 ingentes
823 849 931 873 motus
953 844 982 873 in
1002 844 1138 879 sanctis,

148 885 313 917 Timorem
346 893 377 917 61,
401 897 536 917 sensum
562 897 707 927 poenae,
737 893 768 916 et
789 886 900 916 Fidem
924 887 1139 917 accedentem

148 929 191 959 ad
226 929 344 960 Deum.
398 929 482 964 Quia
511 929 581 960 vult
611 929 704 959 Dens
734 936 872 959 sanctos
902 929 1014 971 aliquo
1041 930 1138 959 modo

147 970 337 1014 intelligere
366 973 447 1003 iram
471 973 634 1004 adversus
659 978 816 1012 peccata,
849 978 881 1003 nt
906 972 1063 1003 lereniiae
1091 972 1139 1002 13.

150 1015 285 1046 dicitur:
310 1014 493 1057 Postquam
519 1016 695 1046 ostendisti
720 1016 809 1052 mibi,
834 1016 985 1056 percussi
1011 1015 1139 1046 106111111-

146 1068 275 1096 111611111,
310 1059 472 1090 confusus
508 1070 581 1090 511111
612 1066 643 1089 et
673 1060 806 1096 erubui,
842 1065 1001 1089 converte
1026 1070 1077 1089 me
1108 1066 1139 1088 et

148 1108 336 1133 convertar.
383 1102 461 1132 Item
494 1102 621 1133 iesaiae
646 1102 698 1133 528.
745 1102 839 1132 facit
868 1102 1013 1132 alienum
1042 1113 1138 1143 opus,

146 1149 180 1175 ut
204 1142 304 1176 faciat
328 1146 508 1187 proprium.

556 1317 718 1358 Contra.

203 1431 251 1471 In
273 1424 412 1485 ‘prima
444 1429 624 1482 Epistola
656 1429 846 1469 Iohannis
880 1430 1012 1484 capite
1037 1433 1074 1470 4.

267 1491 428 1531 dicitur:
463 1490 601 1529 Timor
617 1506 696 1529 non
714 1497 776 1529 cst
792 1491 830 1529 in
847 1491 1073 1542 dilectione,

266 1551 339 1591 sed
379 1550 559 1604 perfecta
604 1551 765 1590 dilectio
812 1551 917 1591 foras
964 1553 1075 1606 pellit

263 1618 463 1651 timorem.

207 1671 315 1726 Ergo
347 1687 430 1711 non
464 1678 526 1711 est
558 1672 598 1711 in
631 1671 789 1712 Sanctis
822 1672 970 1711 Timor.

232 1779 446 1821 Res-pondeo.
470 1779 599 1810 Usitata
613 1780 841 1819 interpretatio
861 1786 911 1810 est
927 1781 1004 1811 dicti
1019 1780 1135 1812 lohan-

144 1823 213 1853 nis:
237 1823 350 1853 Timor
375 1834 438 1853 non
460 1829 512 1853 est
536 1824 566 1853 in
592 1822 792 1861 Dilectione,
817 1822 957 1861 scilicet,
983 1823 1133 1855 Servilis.

143 1865 249 1897 Recte
273 1867 322 1897 sic
342 1867 470 1897 (licitur.
518 1867 584 1897 Sed
608 1866 693 1897 haec
718 1878 784 1896 non
810 1867 851 1897 de
875 1867 992 1897 otiosis
1017 1878 1135 1908 specu·

143 1907 324 1941 lationibns
349 1908 585 1950 intelligantur,
609 1910 669 1939 sed
694 1911 850 1948 sciamus,
876 1910 1040 1941 Timorem
1065 1922 1135 1941 561·-

143 1951 241 1984 vilem
266 1954 426 1984 nominari
453 1953 562 1994 fugam
588 1959 619 1983 61.
643 1951 807 1983 fremitum
832 1954 996 1984 adversus
1017 1953 1134 1992 Deum,

143 1996 216 2027 sine
241 1997 339 2034 Fide,
372 2003 407 2027 ut
432 1994 560 2038 fugiunt
586 1995 686 2034 Cain,
710 1995 810 2034 Saul,
841 1996 949 2027 ludas.
980 1996 1063 2028 Cain
1089 1998 1134 2028 in-

143 2040 230 2080 quit:
266 2039 375 2070 Maius
400 2046 452 2070 est
477 2046 653 2081 peccatum
679 2050 805 2078 meum,
841 2050 938 2081 quam
968 2046 1004 2071 ut
1026 2041 1135 2072 remit-

141 2087 240 2114 tatur.

230 2158 326 2190 Hunc
362 2160 512 2190 timorem
546 2161 651 2201 inquit
675 2160 841 2191 lohannes
866 2161 954 2198 eiici,
995 2159 1134 2200 scilicet,

144 2202 222 2243 quia
244 2201 324 2233 Fide
349 2203 451 2233 eorda
476 2204 665 2245 eriguntur,
695 2210 750 2242 ut,
781 2214 968 2245 quanquam
999 2210 1077 2235 sunt
1100 2205 1132 2236 in

144 2243 278 2282 dolore,
313 2251 422 2276 tamen
457 2245 664 2284 eluctemur,
699 2252 731 2277 et
760 2246 860 2278 simul
894 2248 1057 2278 accedant
1091 2249 1132 2279 ad

143 2287 273 2325 Deum,
297 2289 384 2319 sicut
404 2289 507 2330 inquit
530 2288 674 2320 Paulus:
707 2289 821 2322 Gratia
846 2292 1007 2321 exuberat
1030 2302 1133 2332 supra

143 2329 310 2362 delictum.
357 2330 399 2361 Et
429 2330 561 2363 Psalmo
588 2332 637 2363 13.
684 2332 781 2372 Duxi,
807 2334 994 2365 confitebor
1014 2335 1132 2365 adver-

143 2383 216 2405 sum
236 2384 287 2404 me
316 2375 506 2405 iniustitiam
531 2386 636 2406 meam
666 2375 829 2415 Domino,
864 2383 897 2408 et
927 2383 962 2409 tu
991 2378 1131 2409 remittis

142 2417 220 2448 mihi
244 2417 441 2459 impietatem
462 2419 592 2459 peccati
611 2420 685 2450 mei.

230 2494 427 2527 Accedente
445 2501 554 2526 autem
573 2494 666 2534 Fide,
689 2496 801 2528 Timor
823 2497 860 2529 fit
878 2496 1009 2536 filialis,
1034 2504 1066 2529 et
1087 2499 1131 2529 si-

142 2537 211 2569 mul
234 2539 430 2570 accenditur
453 2537 615 2577 Dilectio‚
650 2550 736 2581 quae
764 2540 847 2572 fides
876 2541 971 2572 affert
1000 2551 1129 2582 pacem,

143 2591 210 2622 qua
231 2592 289 2612 cor
312 2583 495 2624 acquiescit
518 2583 551 2613 in
573 2581 660 2621 Deo,
683 2583 774 2615 imita
796 2585 937 2616 dictum:
961 2584 1131 2616 lustiticati

300 2651 538 2671 MELARTHa1PUL
554 2651 616 2669 ῩΠῘ..
628 2651 712 2672 ῩΧῘΠ.

916 110 1107 142 ΕΧΑΜΕΝ
1130 106 1509 145 ORDINA‘NDORUM.

2141 114 2185 145 50

1195 205 1258 236 fide
1284 216 1400 246 pacem
1431 205 1592 237 habemus
1617 217 1697 247 erga
1721 205 1840 237 Deum.
1887 206 1927 237 Et
1957 207 2076 238 deinde
2106 208 2184 238 dici-

1195 254 1264 279 tur:
1292 248 1433 279 Dilectio
1456 249 1517 280 Dei
1542 249 1647 280 effusa
1667 256 1717 280 est
1743 251 1773 280 in
1799 251 1957 280 cordibus
1984 251 2105 281 nostris
2124 261 2184 291 per

1195 291 1352 332 Spiritum
1373 300 1536 329 sanctum,
1557 299 1619 323 etc.
1655 292 1697 323 Et
1715 299 1820 323 tamen
1840 292 1937 323 simul
1955 293 2062 323 adhuc
2083 294 2185 324 corda

1195 336 1386 375 quatiuntur
1411 335 1667 366 dubitationibus
1692 342 1723 366 et
1754 337 1883 377 magnis
1915 335 2097 367 doloribus.
2143 336 2185 367 Et

1195 388 1327 418 semper
1352 379 1530 418 repetenda
1555 385 1603 408 est
1628 380 1792 418 precatio:
1817 378 1927 409 Credo
1952 379 2104 416 Domine,
2124 380 2184 410 sed

1195 431 1290 461 opem
1317 419 1366 451 fer
1390 420 1604 451 imbecillitati
1636 432 1739 452 meac.
1787 421 1881 451 Item:
1916 423 2059 462 Spiritus
2095 422 2184 453 adiu-

1194 470 1251 494 vat
1276 463 1497 494 infirmitatem
1522 470 1682 494 nostram.
1718 464 1812 494 Item:
1839 464 2027 505 interpellat
2048 476 2109 505 pro
2129 476 2185 495 no-

1195 507 1246 537 bis
1271 508 1446 548 gemitibus
1471 506 1761 537 inenarrabilibus.
1809 507 1935 538 Interea
1960 507 2058 539 sininl
2087 507 2185 539 dolor

1195 550 1236 579 de
1260 556 1399 590 peccato
1431 550 1465 580 fit
1496 551 1625 590 purior,
1658 556 1688 580 et
1718 549 1829 580 Timor
1855 552 1888 580 fii
1915 552 2064 581 ordinata
2091 562 2184 581 reve-

1195 595 1297 623 rentia
1324 603 1405 634 erga
1428 592 1545 623 Deum.
1593 592 1633 623 Et.
1662 603 1726 623 nos
1756 592 1922 633 loquimur
1952 595 1992 624 de
2024 594 2180 631 motibus,

1195 636 1249 676 qui
1273 646 1377 666 sensu
1395 637 1623 676 percipiuntur
1646 637 1676 666 in
1702 635 1765 666 hac
1790 637 1872 673 vita,
1903 637 1934 667 in
1965 647 2029 677 qua
2060 647 2184 668 sensus

1195 679 1263 709 irae
1283 679 1344 709 Dei
1366 680 1461 709 etiam
1482 680 1513 709 in
1528 679 1661 709 Sanctis
1679 679 1776 709 affert
1794 680 1921 710 tristem
1942 681 2184 710 consternatio-

1195 733 1288 759 nem,
1313 723 1373 753 sed
1397 733 1438 753 ex
1463 733 1529 763 qua
1553 721 1742 753 elue-tantur
1774 723 1875 753 erecti
1904 733 1987 754 voce
2010 722 2185 764 Evangelii

1195 771 1226 795 et
1246 765 1335 796 fide.

1569 931 1641 970 DE
1674 931 1812 971 FIDE.

1281 1057 1316 1087 ln
1352 1058 1574 1088 conversione
1608 1067 1751 1087 necesse
1783 1062 1834 1087 est
1868 1055 1939 1087 fieri
1974 1057 2185 1095 mentionem,

1193 1110 1259 1131 non
1284 1099 1391 1130 50111111
1415 1099 1570 1131 horrendi
1596 1100 1741 1137 doloris,
1765 1101 1819 1141 qui
1844 1100 2031 1131 nominatur
2056 1101 2185 1131 Con'ri-

1193 1145 1251 1181 tio,
1277 1144 1337 1173 sed
1356 1144 1452 1173 etiam
1473 1142 1727 1181 consolationis,
1752 1144 1827 1184 quia
1841 1142 1934 1173 Deus
1954 1144 2073 1184 inquit:
2098 1144 2185 1175 Vivo

1193 1197 1274 1227 ego,
1306 1185 1383 1217 nolo
1409 1194 1545 1217 mortem
1567 1187 1773 1225 peccatoris,
1805 1186 1873 1216 Sed
1899 1192 1932 1217 ut
1957 1194 2183 1224 ‹formet-tatur,

1193 1237 1224 1259 et
1250 1230 1350 1260 vivat.
1399 1229 1436 1259 Et
1473 1230 1682 1259 inatiil'cstiiiii
1713 1235 1781 1266 est,
1807 1228 1922 1259 Filium
1954 1229 2018 1260 Dei
2047 1231 2185 1261 missum

1193 1284 1285 1309 esse,
1320 1283 1385 1302 non
1410 1279 1445 1303 111,
1469 1273 1619 1313 oppressi
1650 1273 1696 1302 ira
1717 1272 1780 1302 Dei
1805 1283 1938 1303 ruamus
1963 1274 1993 1303 in
2014 1279 2185 1304 aeternum

1193 1317 1342 1352 exitium,
1372 1316 1430 1345 sed
1456 1322 1488 1346 ut
1515 1314 1718 1346 reconciliati
1742 1321 1877 1356 propter
1901 1316 2026 1356 ipsum,
2051 1323 2083 1347 et
2105 1315 2184 1347 libe-

1194 1360 1252 1389 rati
1278 1360 1319 1389 ab
1340 1359 1388 1388 ira
1413 1358 1473 1389 Dei
1500 1365 1530 1389 et¹
1550 1359 1696 1389 aeternis
1716 1359 1852 1398 poenis,
1881 1369 1997 1389 rursus
2022 1360 2184 1391 donemur

1192 1402 1311 1432 iustitia
1344 1407 1375 1431 et
1410 1403 1477 1432 vita
1504 1408 1660 1438 aeterna,
1698 1408 1729 1431 et
1752 1401 1845 1431 Dens
1879 1401 1988 1442 palam
2019 1412 2056 1433 56
2086 1404 2184 1433 1101115

1192 1445 1430 1482 communicet,
1462 1451 1492 1475 et
1518 1446 1558 1475 sit
1583 1445 1689 1475 omnin
1715 1445 1746 1475 in
1773 1445 1944 1482 omnibus,
1970 1447 2054 1476 sicut
2080 1447 2184 1488 inquit

1192 1487 1361 1518 Christus:
1387 1489 1439 1519 Sic
1464 1488 1558 1518 Deus
1584 1487 1696 1518 dilexit
1716 1488 1889 1524 muntium,
1915 1494 1949 1518 ut
1973 1488 2088 1520 Filium
2113 1491 2183 1520 uni-

1191 1532 1336 1572 genitum
1357 1532 1461 1567 daret,
1487 1538 1519 1561 ut
1546 1532 1651 1561 omnis
1667 1532 1719 1571 qui
1742 1532 1846 1561 credit.
1864 1532 1893 1561 in
1912 1542 1998 1569 eum,
2023 1543 2088 1563 non
2107 1543 2181 1573 per-

1190 1580 1260 1611 eat,
1284 1575 1343 1605 sed
1369 1574 1488 1605 habeat
1515 1575 1613 1605 vitam
1637 1582 1815 1605 aeternam.
1849 1574 1926 1605 Ideo
1955 1586 2097 1606 necesse
2122 1582 2183 1614 651,

1189 1617 1302 1648 Fidem
1326 1619 1402 1658 poni
1423 1617 1563 1648 alteram
1583 1624 1708 1658 partem
1730 1618 1974 1655 conversionis,
1998 1620 2081 1649 sicut
2098 1619 2181 1650 Pau-

1189 1659 1241 1691 lus
1266 1660 1408 1702 loquens
1434 1662 1474 1691 (16
1494 1662 1713 1692 conversione
1734 1662 1880 1692 nominat
1892 1660 2182 1694 Mortificationem

1189 1710 1221 1735 et
1245 1704 1522 1735 Viviticationem.

1276 1782 1328 1812 Ac
1352 1782 1547 1812 necessario
1572 1788 1724 1813 taxamus
1744 1782 1951 1820 monachos,
1977 1783 2065 1823 apud
2095 1793 2181 1824 quos

1189 1825 1220 1856 in
1246 1825 1394 1855 doctrina
1416 1826 1456 1855 de
1483 1824 1687 1856 poenitentia
1709 1836 1848 1866 prorsus
1875 1831 1926 1856 est
1950 1824 2114 1856 silentium
2139 1827 2180 1857 (16

1190 1867 1422 1899 consolatione
1447 1874 1475 1899 61
1503 1868 1578 1899 tide.
1615 1869 1682 1899 lmo
1701 1879 1863 1909 expresse
1882 1870 1993 1900 iubent
2017 1870 2179 1908 dubitare,

1188 1922 1230 1942 an
1256 1912 1452 1952 recipiamur
1476 1913 1507 1942 in
1532 1913 1688 1954 gratiam,
1721 1919 1753 1943 et
1776 1923 1909 1943 manere
1938 1913 1970 1943 in
1999 1913 2063 1943 hac
2087 1914 2180 1944 dubi-

1188 1955 1322 1985 tatione.
1369 1955 1495 1986 Contra
1520 1956 1580 1986 lias
1605 1956 1907 1996 perniciosissimas
1938 1957 2113 1994 tenebras,
2145 1962 2180 1987 ut

1189 1999 1297 2039 magis
1319 2000 1467 2039 conspici
1486 2000 1592 2040 possit
1611 1998 1797 2030 consolatio
1816 2005 1845 2029 et
1867 1999 2019 2030 doctrina
2033 2000 2073 2030 de
2087 1999 2180 2038 Fide,

1188 2042 1287 2072 nobis
1316 2042 1472 2073 usitatum
1504 2048 1570 2079 651,
1599 2053 1775 2073 numerare
1806 2042 1918 2073 Fidem
1948 2048 2075 2082 partem
2101 2053 2179 2073 con-

1188 2085 1374 2123 versionis,
1405 2096 1490 2126 quae
1515 2092 1605 2117 certe
1630 2085 1864 2127 complectitur
1887 2085 2178 2117 mortificationem

1187 2133 1220 2158 et
1243 2127 1519 2159 vivificationem.

1274 2205 1311 2236 Si
1335 2206 1408 2247 quis
1431 2216 1549 2237 amans
1573 2207 1721 2238 rixarum
1740 2208 1880 2238 moverit
1893 2209 2084 2247 λογομαχίας,
2108 2218 2177 2239 11011

1185 2259 1315 2290 pugno:
1341 2250 1409 2280 Sed
1432 2250 1481 2281 sic
1505 2248 1682 2291 loquimur,
1707 2250 1782 2291 quia
1804 2250 1889 2282 haec
1913 2251 2102 2282 distributio
2123 2256 2176 2282 est

1185 2291 1274 2323 utilis
1298 2291 1573 2324 commonefactio
1597 2294 1638 2324 de
1662 2294 1752 2325 Fide.
1786 2293 1828 2324 Et
1852 2300 1941 2325 certe
1964 2301 2096 2325 veteres
2120 2294 2176 2325 de-

1185 2336 1385 2377 scriptiones
1420 2347 1486 2367 non
1526 2343 1604 2368 sunt
1637 2336 1854 2368 sufficientes.
1911 2337 2176 2369 Poenitentia

1185 2385 1247 2410 est
1277 2378 1481 2421 plangere
1509 2381 1746 2421 praeterita
1777 2379 1946 2418 delicta,
1981 2387 2020 2411 et
2054 2379 2174 2421 plan-

1184 2423 1320 2464 genda
1339 2434 1418 2454 non
1441 2423 1593 2455 facere.
1627 2423 1689 2455 Hic
1714 2424 1800 2455 enim
1822 2434 1889 2455 non
1913 2423 1949 2455 fit
1972 2422 2173 2456 cons-alatio-

1183 2466 1235 2496 nis
1259 2466 1391 2497 mentio.

1270 2543 1368 2579 Quod
1401 2550 1511 2575 autem
1540 2543 1651 2575 Gratis
1675 2544 1755 2576 Fide
1785 2550 1924 2586 propter
1952 2545 2171 2578 Mediatorem

1182 2587 1366 2628 accipiatur
1387 2588 1541 2619 remissio
1563 2593 1795 2630 peccatorum,
1828 2596 1860 2620 et
1889 2588 2081 2621 {ustificatio
2111 2600 2171 2621 seu

1965 2652 1980 2674 4
