2383 2990
170 126 214 157 25
842 124 881 156 11.

171 221 239 253 Sed
262 220 419 251 maiorem
442 219 714 251 constantissime
743 220 859 261 negari
884 225 1015 260 oportet
1038 219 1079 249 de
1102 229 1160 249 vo·
1186 226 1190 283 Ι

169 263 297 295 luntate
322 261 478 294 revelata.
514 263 566 294 Ac
589 264 728 304 primum
752 263 793 293 de
817 262 909 304 Lege
930 261 1160 294 manifestissi-
1186 290 1189 311 Ι

169 318 258 338 mum
282 313 344 345 est,
369 307 448 338 sciri
472 305 675 337 voluntatem
700 305 762 336 Dei
792 307 823 337 in
848 305 941 348 Lege
965 304 1159 343 revelatam,

169 351 261 381 iuxta
275 351 377 381 dicta:
400 349 510 380 Nolite
534 360 659 388 errare,
679 356 899 386 scortatores,
925 347 1078 387 adulteri,
1102 348 1160 379 ho-

169 394 309 424 micidae
333 404 399 424 non
428 394 647 434 possidebunt
677 403 816 434 regnum
848 392 923 423 Dei.
969 391 1040 423 Lex
1073 392 1160 423 enim

168 437 244 467 ideo
268 435 433 478 patefacta
459 443 509 467 est
533 438 564 467 in
590 437 771 474 creatione,
797 441 829 466 et
852 436 972 466 deinde
991 445 1092 476 saepe
1110 445 1160 466 re-

168 480 290 520 petita,
313 487 348 510 ut
373 481 516 518 sciatur,
541 480 629 521 quod
653 480 696 510 sit
720 479 825 517 Deus,
849 486 881 509 et
901 477 1009 520 qualis
1035 480 1092 516 sit,
1128 485 1159 509 et

170 523 260 564 quod
295 522 374 554 velit
409 534 471 554 nos
508 533 584 554 esse
619 521 809 553 conformes
845 533 927 553 suae
962 522 1158 562 sapientiae,

170 567 259 607 quod
283 567 325 597 sit
349 567 481 597 vindex.
526 566 567 596 Et
590 565 667 596 huic
691 566 828 596 notitiae
852 566 942 596 addit
971 566 1159 596 testimonia

168 609 201 639 in
227 610 428 651 quotidianis
452 616 483 641 et
506 608 720 640 horribilibus
740 609 859 650 poenis
883 607 1060 639 scelerum.

257 678 415 709 Secundo
440 679 536 709 etiam
559 679 720 709 immensa
744 679 893 709 bonitate
905 677 998 709 Deus
1023 684 1159 718 propter
1186 692 1189 703 ι

168 719 285 752 Filium
317 728 348 752 et
379 732 440 762 per
464 732 536 752 eum
561 721 721 752 revelavit
746 719 951 752 voluntatem
981 721 1021 751 de
1045 721 1159 751 remis·
1186 710 1191 766 ἰ

168 764 264 795 sione
287 772 503 805 peccatorum
534 770 565 795 et
591 763 863 795 reconciliatione
896 763 926 795 in
962 763 1158 806 Evangelio,

168 808 258 838 itu-{ta
289 808 431 839 dictum:
466 806 569 838 Filius
601 809 654 849 qui
687 814 736 838 est
768 809 799 838 in
832 808 905 838 sinu
929 807 1056 844 Patris,
1086 808 1158 848 ipse
1186 781 1191 842 Ι

168 852 334 881 enarravit
365 851 472 881 nobis.
519 850 614 881 lianc
648 852 754 891 ipsam
789 852 831 881 ob
868 861 1004 881 causam
1040 851 1159 881 tradita

168 900 218 924 est
238 895 416 935 promissio
438 895 577 935 gratiae,
602 895 678 935 quia
698 895 781 925 ratio
801 893 965 925 naturalis
986 904 1051 925 non
1071 894 1159 924 videt

167 936 254 967 hanc
284 938 509 968 admirandam
540 936 744 968 voluntatem
775 937 838 967 Dei
874 938 915 968 de
950 938 1159 967 remissione.

167 979 209 1010 Et
234 981 315 1011 haec
340 979 499 1011 revelatio
524 981 565 1011 de
590 979 861 1011 reconciliatione
891 988 921 1011 et
952 981 1160 1011 restitutione

167 1022 333 1054 humanae
366 1031 504 1055 naturae
532 1035 591 1065 per
616 1023 749 1059 Filium,
787 1024 943 1054 discernit
969 1022 1159 1054 Ecclesiam
1187 1012 1190 1057 i

166 1067 208 1097 ab
230 1067 381 1097 omnibus
402 1068 568 1108 gentibus.
611 1067 687 1097 ldco
713 1068 885 1097 sciendum
911 1073 974 1104 est,
1001 1066 1088 1097 hanc
1110 1077 1160 1097 re-

169 1108 371 1141 velationem
385 1111 617 1152 oppone-idam
631 1121 708 1141 esse
732 1109 875 1141 naturali
896 1116 925 1141 et
940 1110 1162 1141 Aeademicae
1187 1059 1192 1404 ι

168 1153 375 1184 dubitationi.

256 1222 323 1251 Sed
355 1223 491 1262 opponit
521 1221 586 1251 hoe
617 1227 848 1262 argumentum
878 1221 1023 1252 humana
1059 1222 1160 1252 ratio:

168 1264 289 1295 Addita
314 1271 363 1294 est
390 1265 534 1294 conditio
558 1264 659 1305 chiz
693 1264 764 1295 lloc
790 1263 843 1294 sac
867 1271 898 1295 et
926 1266 1030 1296 vives
1079 1264 1161 1295 Cum

168 1308 267 1347 igitur
293 1317 358 1337 non
384 1307 525 1337 satisfiat
552 1307 633 1349 Legi
661 1307 735 1344 Dei,
760 1308 975 1338 dubitandum
1001 1314 1070 1346 est,
1096 1314 1159 1338 ete.

167 1350 382 1390 Responrleo.
422 1349 463 1379 Et
488 1350 552 1380 hoc
576 1351 683 1390 ipsum
707 1350 739 1379 in
761 1349 963 1380 revelatione
986 1350 1160 1391 Evangelii

168 1393 447 1423 considerandum
468 1399 530 1430 est,
556 1393 630 1423 ideo
654 1394 812 1423 immensa
838 1394 1065 1423 misen-iccordia
1086 1395 1161 1424 mis-

168 1446 240 1466 sum
267 1445 343 1466 esse
369 1435 498 1473 Filium,
524 1442 557 1466 ut
582 1446 645 1466 nos
670 1446 689 1466 a
720 1435 951 1466 maledictione
978 1436 1079 1478 Legis
1112 1448 1162 1468 re-

168 1480 316 1516 dimeret,
342 1484 374 1509 et
398 1479 504 1519 gratis
528 1485 664 1519 propter
684 1478 800 1509 Filium
825 1480 941 1509 donari
966 1480 1162 1511 reconcilia-

166 1523 301 1553 tionem.
349 1522 547 1563 Quanquam
583 1529 692 1553 autem
723 1523 929 1563 poenitentia
965 1525 1161 1554 necessaria

168 1571 219 1596 est
246 1566 334 1605 (sive
356 1576 472 1606 parva,
498 1566 569 1596 sive
594 1568 750 1607 magna),
776 1572 884 1596 tamen
909 1567 1063 1597 remissio
1094 1578 1161 1598 non

166 1609 288 1649 pendet
312 1619 351 1638 ex
375 1609 534 1650 dignitate
559 1616 686 1642 nostra.
712 1609 771 1639 sed
792 1615 927 1649 propter
940 1609 1161 1641 Mediatorem

168 1657 199 1682 et
224 1653 369 1693 gratuita
390 1658 421 1682 et
448 1659 537 1683 certa
563 1659 625 1683 est.
662 1652 770 1682 David
797 1660 872 1693 post
896 1652 1028 1693 lapsum
1052 1664 1159 1693 agens

166 1696 415 1735 poenitentiam,
440 1697 550 1726 statuit
570 1705 607 1726 se
627 1706 706 1726 vere
720 1696 822 1735 recipi
843 1696 874 1726 in
895 1697 1036 1737 gratiam
1050 1697 1160 1727 audita

167 1737 233 1769 hac
257 1749 358 1769 voce:
390 1738 555 1769 Dominus
587 1738 724 1769 abstulit
750 1746 927 1779 peccatum
951 1746 1050 1770 tuum.
1098 1739 1160 1770 Ea-

169 1781 242 1811 dem
266 1788 315 1812 est
348 1792 414 1812 vox
438 1781 614 1823 Evangelii
639 1781 681 1812 ad
705 1781 858 1823 singulos
883 1790 1022 1824 agentes
1048 1784 1160 1823 poeni-

167 1825 312 1855 tentiam.
346 1824 387 1855 Et
413 1825 602 1855 mandatum
625 1824 826 1856 immutabile
850 1832 912 1863 est,
937 1832 971 1856 ut
993 1825 1075 1856 Filio
1096 1826 1159 1857 Dei
1185 1787 1190 1898 ι

168 1869 363 1899 credamus:
389 1867 485 1898 Hunc
506 1869 626 1899 audite.
674 1868 707 1898 ln
732 1867 795 1899 hac
821 1869 913 1899 brevi
938 1870 1159 1909 responsione

167 1909 279 1941 fontes
303 1911 570 1949 considerentur,
595 1910 776 1952 patefactio
803 1919 832 1942 et
854 1913 1032 1943 discrimen
1056 1913 1158 1954 Legis

169 1960 199 1984 et
212 1953 400 1996 Evangelii,
426 1955 603 1985 discrimen
628 1954 809 1986 voluntatis
835 1954 1017 1994 revelatae,
1043 1963 1073 1987 et
1093 1966 1159 1987 non

167 1996 347 2036 revelatae,
372 2004 434 2029 etc.

445 2147 519 2187 ΙΧ.
554 2147 871 2202 Argumentum.

230 2232 397 2272 Prorsus
424 2233 551 2273 simile
576 2241 864 2287 argumentum
890 2241 961 2285 est,
987 2236 1099 2288 quod

291 2293 370 2332 huc
404 2293 671 2347 detorquetur
704 2309 757 2334 ex
789 2295 921 2350 capite
943 2300 978 2335 9.
1020 2295 1098 2335 Ec-

292 2353 501 2393 clesiastae
564 2369 647 2394 non
716 2362 825 2395 recte
900 2362 1096 2396 enarrato.

290 2414 430 2453 Nescit
462 2414 604 2465 homo,
643 2430 696 2455 an
727 2431 865 2456 amore
898 2417 964 2456 vel
1003 2417 1098 2457 odio

292 2474 438 2528 dignus
472 2474 531 2514 sit.

257 2556 470 2598 Respondeo.
517 2557 610 2591 Haec
639 2559 805 2590 sententia
834 2569 974 2600 prorsus
1003 2561 1158 2603 congruit

170 2610 245 2631 cum
269 2600 421 2632 doctm'na
445 2601 486 2632 de
511 2601 609 2639 Fide,
634 2612 732 2643 quam
755 2603 985 2642 recitavimus,
1005 2604 1084 2645 quia
1105 2614 1158 2635 re-

925 123 1117 156 EXAMEN
1141 123 1345 155 ORDrNAN
1347 124 1378 155 D
1383 124 1521 156 oRUM.

2159 125 2202 157 26

1212 225 1312 250 vocat
1336 219 1488 251 homines
1512 221 1545 252 in
1569 221 1747 252 iudicando
1772 231 1792 252 a
1814 220 2019 262 spectaculis
2042 220 2203 252 humanot

1214 273 1285 293 rum
1309 270 1486 294 eventuum
1510 265 1542 295 in
1566 264 1630 295 hac
1654 265 1719 296 vita
1744 265 1786 295 ad
1809 266 1957 296 verbum.
1989 264 2064 294 Non
2082 265 2203 295 iudice-

1213 305 1312 337 homo
1344 307 1385 337 de
1416 305 1532 338 favore
1564 314 1595 338 et
1620 308 1696 339 odio
1720 308 1784 339 Dei
1814 319 1855 339 ex
1879 308 2036 338 secundis
2065 314 2121 338 aut
2145 308 2203 338 ad-

1214 349 1322 380 versis
1347 351 1447 381 rebus
1472 351 1504 380 in
1529 350 1591 381 hac
1611 352 1690 389 vita,
1715 358 1764 382 ut:
1794 351 1906 382 David
1929 361 1995 381 non
2019 351 2142 381 iudicet
2166 360 2204 381 se

1214 393 1378 423 abiectum
1409 403 1486 424 esse
1510 404 1530 424 a
1552 394 1646 432 Deo,
1669 395 1797 425 etiamsi
1823 402 1872 426 est
1903 393 2063 434 expulsus
2088 404 2204 435 regno.

1214 435 1334 467 Achab
1359 447 1424 467 non
1449 437 1571 468 iudicet
1594 448 1632 468 se
1655 437 1790 478 placere
1804 438 1890 476 Deo,
1915 438 2043 468 etiamsi
2067 444 2118 468 est
2132 437 2205 467 Rex

1213 486 1332 520 potens
1357 486 1389 510 et
1413 480 1530 510 victor.
1577 480 1643 511 Sed
1668 481 1778 512 David
1801 483 1924 513 iudicet
1947 492 1988 512 ex
2014 482 2115 511 verbo
2129 480 2205 519 Dei,

1214 532 1252 553 se
1280 521 1414 563 placere
1444 523 1534 561 Deo,
1570 535 1761 565 quanquam
1791 524 1937 562 exulem,
1975 525 2050 566 quia
2083 524 2206 555 dictum

1215 571 1282 596 est:
1315 565 1477 597 Dominus
1505 567 1645 598 abstulit
1673 574 1844 608 peccatum
1869 574 1969 598 tuum.
2016 567 2134 598 Achab
2158 567 2205 597 iu-

1215 609 1301 639 dicet
1325 620 1363 640 se
1387 609 1565 650 displicere
1595 610 1681 648 Deo,
1706 622 1892 652 quanquam
1919 618 1968 641 est
1993 611 2063 641 Rex
2087 617 2205 651 potens

1215 659 1247 683 et
1279 651 1460 693 gloriosus,
1485 654 1561 694 quia
1584 656 1744 694 scriptum
1768 661 1838 685 est:
1866 653 2063 684 Maledictus
2087 655 2206 692 omnis,

1215 696 1269 737 qui
1293 695 1372 726 facit
1396 695 1539 734 idolum,
1566 698 1654 738 quod
1679 704 1729 728 est
1754 698 1952 728 abominatio
1978 697 2063 728 Deo.

1302 747 1521 788 Perspicuum
1542 755 1591 779 est
1622 750 1720 791 igitur
1744 750 1866 780 dictum
1898 749 2089 780 Salomonis
2112 759 2206 789 pror-

1215 801 1273 821 sus
1294 801 1481 832 congruere
1506 802 1578 822 cum
1604 799 1719 823 nostra
1745 793 1918 829 sententia,
1944 803 2029 834 quae
2053 793 2141 823 iubet
2166 792 2208 823 de

1186 851 1189 860 ‹
1214 833 1386 865 voluntate.
1410 834 1471 865 Dei
1498 846 1538 866 ex
1564 837 1667 866 verbo
1693 836 1852 867 iudicare.
1889 836 1959 867 Nec
1991 834 2127 866 difficile
2156 841 2207 866 est

1216 878 1352 918 copiose
1367 877 1513 909 refutare
1532 880 1762 910 enarrationes
1785 879 2004 920 Papistarum.
2037 879 2207 909 lnsaniunt

1215 923 1320 958 enim,
1344 921 1371 951 si
1397 921 1462 952 hoc
1487 922 1618 960 dicunt,
1649 934 1714 953 non
1745 923 1831 953 scire
1856 923 2038 953 homicidas
2060 929 2088 953 et
2115 921 2207 952 adul-

1214 970 1317 1002 teros,
1342 975 1383 994 an
1409 965 1473 995 sint
1500 966 1589 1007 digni
1615 966 1690 996 odio
1716 965 1789 996 Dei.
1826 966 2006 997 Manii'este
2029 967 2128 1007 igitur
2152 976 2208 1006 ap-

1214 1015 1325 1048 paret,
1360 1008 1510 1048 ipsorum
1553 1010 1846 1050 interpretationes
1878 1020 1955 1041 esse
1986 1015 2101 1040 tetram
2135 1019 2208 1039 cor-

1216 1049 1388 1092 ruptelam.

1304 1101 1373 1133 Sed
1399 1102 1514 1145 regula
1539 1103 1742 1134 universalis
1766 1110 1936 1135 teneatur:
1960 1104 2012 1135 De
2036 1103 2208 1135 voluntate

1215 1145 1279 1175 Dei
1304 1156 1345 1176 ex
1371 1149 1474 1177 verbo
1498 1147 1602 1187 ipsius
1628 1148 1838 1179 iudicandum
1865 1158 1951 1179 esse.
1998 1148 2037 1179 Et
2071 1149 2207 1178 verbum

1219 1188 1279 1219 Dei
1306 1189 1538 1220 universaliter
1558 1201 1673 1221 omnes
1699 1192 1845 1229 danmat,
1870 1192 1923 1233 qui
1949 1202 2014 1222 non
2033 1196 2109 1221 sunt
2130 1201 2208 1221 con-

1218 1233 1305 1262 versi
1329 1233 1371 1261 ad
1397 1232 1515 1269 Deum,
1536 1235 1625 1264 iuxta
1647 1235 1733 1264 dicta
1761 1235 1789 1264 l.
1804 1234 1953 1265 Corinth.
1968 1236 1998 1265 (ἰ.
2023 1233 2133 1265 Nolite
2159 1245 2209 1264 er-

1217 1285 1303 1312 rare,
1328 1274 1537 1314 idololatrae,
1559 1278 1756 1315 homicidae,
1781 1277 1934 1315 adulteri,
1960 1285 2021 1309 etc.
2047 1289 2112 1308 non
2132 1283 2209 1308 sunt

1216 1318 1380 1350 haeredes
1405 1320 1493 1349 vitae
1511 1327 1681 1351 aeternae.
1729 1321 1825 1351 Item:
1862 1321 1925 1356 Qui
1958 1332 2023 1352 non
2048 1322 2151 1352 credit
2177 1321 2209 1351 in

1216 1360 1344 1399 Filium,
1368 1370 1476 1393 manet
1502 1364 1549 1393 ira
1574 1363 1635 1394 Dei
1661 1375 1709 1402 su]
1726 1375 1763 1394 er
1793 1375 1876 1395 eun..
1922 1364 2054 1395 Rursus
2078 1366 2209 1395 univer-

1217 1403 1331 1434 saliter
1355 1406 1469 1446 recipit
1493 1405 1586 1436 Dens
1612 1417 1741 1443 omnes,
1765 1409 1820 1448 qui
1844 1408 1875 1438 in
1902 1409 2124 1439 conversione
2149 1418 2210 1438 seu

1216 1448 1419 1488 poenitentia
1454 1450 1593 1480 credunt
1627 1451 1659 1480 in
1691 1449 1823 1485 filium,
1859 1452 1948 1482 iuxta
1979 1452 2084 1482 dieta:
2121 1451 2209 1481 Vivo

1217 1501 1293 1532 ego,
1317 1491 1394 1522 dicit
1415 1492 1597 1531 Dominus,
1630 1492 1708 1524 nolo
1737 1502 1875 1525 mortem
1907 1496 2112 1536 peccatoris,
2150 1493 2210 1524 sed

1216 1540 1249 1564 ut
1287 1542 1504 1566 convertatur
1535 1543 1565 1567 et
1596 1537 1698 1567 vivat.
1746 1537 1843 1568 Item:
1880 1538 1936 1569 Sic
1968 1537 2062 1569 Deus
2098 1536 2209 1568 dilexit

1217 1578 1391 1616 mundum,
1427 1585 1461 1609 ut
1496 1578 1615 1611 Filium
1651 1591 1745 1611 suum
1781 1582 1985 1623 unigenitum
2020 1582 2133 1620 daret,
2172 1586 2209 1612 ut

1217 1621 1323 1651 omnis
1348 1622 1402 1663 qui
1429 1623 1533 1653 eredit
1557 1624 1587 1653 in
1614 1634 1704 1662 cum,
1733 1635 1800 1655 non
1824 1631 1957 1665 pereat,
1994 1626 2055 1656 sed
2085 1624 2209 1655 habeat

1215 1664 1316 1694 vitam
1343 1672 1521 1697 aeternam.
1569 1666 1640 1698 llae
1671 1667 1807 1708 regulae
1838 1679 1986 1699 summae
2015 1679 2148 1709 semper
2178 1669 2210 1699 in

1216 1715 1400 1781 canspectu
1428 1710 1513 1747 sint,
1546 1721 1632 1752 quae
1655 1710 1768 1742 multis
1797 1711 1871 1742 aliis
1899 1712 2073 1743 sententiis
2102 1711 2210 1743 lucem

1215 1761 1234 1781 a
1261 1758 1366 1782 erunt.

1511 1902 1564 1942 X.
1598 1903 1914 1958 Arglunentum.

1276 1995 1382 2036 Cum
1416 1996 1571 2037 dictum
1604 1999 1673 2038 sit:
1712 1999 1869 2041 Delicta
1905 2002 1993 2054 quis
2026 2003 2145 2042 intel-

1336 2057 1433 2110 figit,
1466 2058 1600 2098 Nemo
1620 2068 1757 2113 potest
1785 2062 1920 2102 omnia
1953 2078 2024 2103 sua
2048 2079 2145 2118 pec—

1336 2124 1427 2157 cata
1460 2119 1570 2158 scire.

1274 2177 1382 2232 Ergo
1416 2179 1604 2233 possibile
1638 2187 1716 2231 est,
1749 2182 1957 2222 hominem
1990 2184 2142 2224 habere

1268 2234 1272 2238 ⁴
1336 2239 1529 2279 delictum
1572 2241 1776 2294 ignotum⁷
1825 2250 1991 2297 propter
2031 2245 2142 2298 quod

1334 2299 1545 2353 displiceat
1576 2301 1678 2341 Deo.

1274 2358 1411 2409 Quare
1451 2376 1534 2401 non
1573 2368 1635 2402 est
1680 2362 1984 2416 asfimnandum,
2030 2366 2142 2419 quod

1333 2421 1492 2475 placeat
1523 2422 1625 2462 Deo.

1298 2520 1511 2562 Respondeo.
1546 2522 1642 2565 Nego
1663 2525 1947 2565 consequentiam,
1972 2531 2005 2556 et
2028 2527 2112 2558 ratio
2137 2532 2201 2565 est,

1211 2563 1288 2604 quia
1312 2563 1501 2596 firmissime
1525 2567 1695 2598 retinenda
1726 2571 1778 2598 est
1807 2567 1936 2609 regula:
1973 2568 2088 2600 Omnis
2122 2581 2200 2601 con-

1210 2616 1330 2637 versus
1350 2608 1393 2638 ad
1416 2607 1535 2647 Deum,
1559 2615 1650 2641 recte
1673 2616 1790 2641 tenens
1814 2610 2078 2652 fundamentum,
2104 2615 2201 2646 debet
