2383 2990
201 113 241 144 7⁷
748 111 835 143 VIII.
860 110 1085 143 DEFENSIO
1110 111 1309 144 CONIUGII
1333 111 1653 145 SACERDOTUM.
2155 119 2223 153 678

177 219 245 242 non
268 214 395 240 tantum
418 208 663 249 procreationis
683 217 789 239 03053
811 206 971 239 utendum
994 216 1084 244 0550,
1108 206 1170 238 sed
1195 204 1200 226 ¹

176 254 275 285 etiatn
316 258 352 284 ut
391 252 435 283 sit
473 251 655 282 remedium
696 250 878 283 errantium
922 250 1170 301 appetitionum³

176 296 291 328 Manet
312 293 483 327 inclinatio
510 295 552 326 ad
576 304 714 333 sexum,
739 304 826 336 quae
850 300 900 325 est
924 292 1033 335 στοργή
1057 305 1170 334 φυσικη

175 350 196 372 a
220 340 296 372 Deo
319 339 421 371 indita
445 345 586 370 naturae
608 337 796 375 hominnm,
819 338 881 369 sed
909 348 999 369 nunc
1022 338 1095 368 sine
1119 347 1172 368 or·

174 383 253 415 dine
278 389 431 425 vagatur.
476 381 560 414 Cum
583 382 685 423 igitur
710 392 751 413 eo
776 382 882 423 inagis
912 392 999 422 opus
1025 381 1068 412 sit
1092 391 1171 412 con·
1196 398 1200 428 5

174 428 284 470 iugio,
315 427 394 458 dixit
420 425 567 457 Paulus:
604 425 771 457 Vitandae
806 424 1023 456 scortationis
1054 434 1170 462 031153,
1197 429 1199 442 ³

173 470 407 513 unusquisque
426 479 564 501 uxorem
588 480 683 500 503111
707 468 838 500 habeat.
873 467 944 499 Nec
968 466 1078 499 levem
1096 477 1171 517 sen-

176 514 312 546 tentiam
342 520 495 555 putemus
525 513 689 544 adiectam
724 522 803 543 esse
826 511 867 542 ad
892 518 1109 552 praeceptum
1138 521 1171 542 10

175 557 319 595 Genesi,
343 558 399 588 ubi
429 557 471 588 110
496 556 744 594 benedictione,
768 556 810 586 de
835 555 1069 596 procreatione
1093 555 1171 585 dici-

175 607 244 633 tur:
270 601 331 632 Hic
354 601 487 632 additur
511 600 662 631 doctrina
681 600 724 630 de
749 599 908 637 remedio,
931 604 967 630 ut
991 599 1099 641 magis
1124 598 1171 629 in-

175 643 347 686 telligatur
371 645 599 675 necessarium
630 653 708 675 esse
732 643 934 684 coniugium.
980 642 1068 678 Quid
1093 652 1172 673 con-

173 694 226 720 tra
250 687 334 719 haec
358 688 424 719 dici
449 693 558 729 potest
572 688 586 719 ¹?
632 687 685 718 An
710 687 892 718 0115001010
912 693 975 724 051,
995 684 1104 728 qualis
1128 686 1172 717 sit

174 739 295 763 natura
330 730 514 769 1101010001,
549 737 673 772 quanta
707 729 900 768 infirmitas,
941 741 1040 772 quam
1074 729 1172 771 pauci

174 775 315 817 praediti
339 776 406 806 sint
430 775 518 806 dono
544 773 792 806 continentiae?
839 772 946 808 Quam
970 772 1094 804 inultae
1126 771 1172 804 le·

177 830 302 862 guntur
336 824 369 850 et
403 818 582 850 audiuntur
605 816 763 860 querelae
788 817 969 855 bonorum,
1005 818 1060 859 qui
1095 827 1171 848 cum

175 862 289 895 000311
317 863 383 893 51111
404 872 488 904 11010
512 862 542 892 10
568 860 736 893 coelibatu
761 860 893 898 vivere,
923 867 1033 892 tamen
1057 870 1171 891 sense-

174 914 253 938 runt
280 916 318 937 se
346 906 379 937 id
410 915 618 947 nequaqnam
643 904 781 946 assequi
813 914 925 945 posse.
972 903 1173 946 Reptgnant

175 950 261 982 enim
286 950 372 981 duae
396 958 452 980 res
477 949 654 980 maximae:
682 948 838 986 Primum,
863 948 936 989 ipsa
960 955 1101 980 naturae
1126 948 1172 979 in-

175 991 329 1031 clinatio,
352 992 484 1030 deinde,
510 992 685 1024 infirmitas
711 1002 799 1034 (1030
824 992 982 1023 accessit.
1028 992 1096 1024 Sed
1121 1001 1171 1023 re·
1195 1011 1200 1024 .

173 1035 318 1068 clamant
342 1037 544 1074 adversarii,
579 1042 611 1067 et.
635 1036 761 1067 domari
787 1041 938 1067 naturam
963 1035 1075 1067 iubent
1104 1036 1171 1067 ine-

173 1081 238 1118 dia,
262 1078 451 1121 laboribus,
476 1086 507 1111 et
533 1078 609 1111 aliis
630 1079 888 1117 vexationibus,
914 1085 949 1110 ut
973 1079 1171 1122 extinguan-

173 1131 228 1156 tur
261 1122 434 1155 libidinum
469 1124 635 1155 incendia.
705 1122 774 1155 Cur
808 1123 871 1164 ipsi
905 1133 973 1154 non
1014 1122 1171 1154 domant?

171 1167 270 1199 Multi
296 1168 372 1199 boni
396 1166 554 1203 fatentur,
579 1177 618 1198 se
641 1165 817 1199 1111011011ον
836 1165 899 1197 1100
918 1174 1059 1199 0003105
1081 1177 1168 1198 0550.

171 1210 249 1242 Non
277 1212 364 1242 enim
396 1211 467 1242 sine
497 1211 592 1253 gravi
625 1221 730 1242 causa
759 1211 883 1241 dictum
913 1217 966 1241 051.
999 1221 1019 1242 3
1045 1209 1168 1242 Paulo:

171 1253 294 1286 Melius
319 1261 370 1286 est
394 1255 531 1292 nubere,
557 1265 655 1296 quam
679 1254 739 1286 uri.
786 1253 858 1284 Nisi
882 1254 968 1285 adsit
997 1253 1169 1296 singulare

172 1298 297 1329 donum
325 1304 463 1329 naturae
487 1308 680 1339 corporum,
712 1298 841 1329 etiamsi
866 1298 974 1329 inedia
997 1305 1054 1329 aut
1077 1296 1169 1330 labo-

174 1341 266 1373 ribus
291 1342 417 1373 duriter
441 1348 617 1380 vexentur,
641 1348 765 1380 tamen,
790 1348 824 1372 ut
848 1341 893 1372 ita
917 1342 1044 1380 dicam,
1070 1342 1168 1373 inter-

171 1384 250 1416 dum
274 1385 455 1416 exundant.
503 1384 595 1416 Haec
620 1383 745 1416 Paulus
780 1385 879 1416 docet
909 1385 1043 1416 vitanda
1078 1395 1167 1417 esse.

400 1553 586 1593 Tertium
619 1552 937 1608 Argumentum.

259 1644 420 1677 stabilire
444 1646 617 1676 doctrinas
641 1646 891 1677 daemoniorum
921 1652 975 1678 est
1002 1646 1168 1688 impietas.

171 1688 357 1721 Prohibitio
377 1689 525 1730 coniugii
549 1696 601 1720 est
615 1689 769 1720 doctrina
787 1689 1052 1722 daemoniorum:
1077 1690 1168 1733 Ergo

171 1731 323 1764 stabilire
352 1743 393 1765 ac
418 1732 600 1764 delen-lere
624 1743 713 1771 eain,
748 1739 799 1763 051
833 1733 996 1774 impietas
1044 1732 1168 1766 Paulus

171 1777 258 1809 enim
281 1777 313 1808 in
337 1777 449 1817 priore
472 1777 514 1808 ad
537 1775 744 1808 Timotheum
768 1783 884 1817 aperte
906 1783 1005 1808 vocat
1024 1776 1169 1819 prohibi-

171 1822 295 1852 tionem
320 1820 465 1862 coniugii
491 1821 677 1852 doctrinam
702 1820 963 1852 daemoniorum.
999 1821 1070 1853 Nec
1093 1820 1168 1853 leve

170 1862 293 1895 malum
328 1863 497 1907 significat
531 1862 672 1902 Paulus,
708 1874 782 1895 cum
816 1865 965 1895 nominat
996 1865 1168 1897 doctrinas

175 1907 439 1939 daemoniorum.
486 1907 557 1938 Hae
591 1906 758 1939 fanaticae
793 1907 1035 1949 prohibitiones
1064 1908 1169 1941 multa

171 1951 322 1993 ingentia
356 1950 443 1983 mala
478 1952 629 1993 pariunt,
663 1956 699 1982 ut
732 1962 787 1982 res
823 1951 980 1983 ostendit.
1038 1951 1168 1993 Infinita

169 1993 347 2027 multitudo
371 1995 596 2026 contaminata
620 1993 825 2032 11111111011105,
851 1996 915 2027 ruit
939 1997 971 2027 in
995 2002 1168 2029 aeternum

169 2038 316 2076 exitium,
340 2045 520 2080 propterea
544 2039 621 2081 quia
645 2049 712 2070 non
737 2037 827 2070 licuit
851 2040 897 2070 uti
917 2040 1086 2082 coniugio.
1126 2039 1168 2072 Et

169 2081 272 2112 otium
307 2092 348 2113 30
382 2092 465 2124 opes
496 2088 661 2114 auxerunt
696 2081 828 2120 luxum,
863 2083 919 2125 qui
950 2083 1053 2115 multa
1087 2084 1167 2116 vitia

170 2123 417 2166 complectitur,
453 2126 679 2164 ambitionem,
714 2125 913 2169 ingluviem,
945 2134 975 2158 et
1001 2126 1166 2159 libidines.

169 2168 247 2200 Non
272 2170 411 2210 stupris,
436 2180 502 2200 non
527 2168 701 2201 adulteriis
715 2171 862 2202 contenti
881 2178 957 2202 sunt
973 2170 1167 2210 Pontifices,

169 2210 387 2251 Cardinales,
432 2219 465 2244 et
499 2213 678 2251 Monachi,
711 2214 774 2245 sed
804 2215 968 2246 accedunt
998 2215 1167 2247 teterrima

167 2254 308 2298 flagitia,
331 2263 469 2298 propter
492 2267 579 2298 quae
602 2255 698 2289 Deus
721 2267 825 2299 saepe
849 2264 937 2289 totas
962 2259 1065 2290 urbes
1088 2259 1166 2290 sub*-

166 2299 213 2330 ito
238 2298 373 2338 delevit,
392 2306 426 2331 ut
444 2300 608 2338 Sodoma,
632 2300 789 2343 Sybarin,
814 2300 980 2340 Athenas,
1003 2304 1165 2344 Spartam,

165 2341 320 2382 Thebas,
356 2343 515 2382 Romam,
556 2350 587 2375 01
616 2342 700 2376 31135
736 2343 869 2376 multas.
922 2345 1021 2378 Nunc
1054 2344 1166 2387 prohi-

166 2387 249 2418 bitio
274 2387 418 2429 coniugii
442 2398 509 2419 non
532 2393 659 2419 tantum
687 2387 774 2420 11300
803 2389 884 2420 vitia
907 2389 1013 2430 parit,
1041 2388 1165 2429 luxum,

165 2428 324 2462 libidines
339 2431 449 2463 omnis
473 2431 621 2473 8000115,
644 2432 705 2463 sed
723 2432 824 2464 etiam
843 2431 1076 2465 crudelissima
1090 2444 1164 2475 par-

166 2474 295 2505 ricidia.
334 2474 421 2506 Nam
438 2482 578 2517 propter
597 2473 684 2507 banc
707 2474 818 2518 legem
842 2477 885 2518 pii
910 2476 1163 2516 interficiuntur,

166 2517 224 2560 qui
247 2517 374 2550 ducunt
396 2528 533 2551 uxores.
579 2517 686 2551 Tanta
708 2529 812 2562 seges
835 2519 998 2552 malorum
1023 2531 1098 2553 cum
1121 2530 1163 2553 ex

164 2570 234 2593 una
266 2560 346 2604 lege
377 2563 521 2601 oriatur,
551 2562 635 2594 satis
663 2570 805 2605 apparet
835 2563 975 2596 Paulum
1004 2574 1071 2596 non
1095 2565 1164 2596 exi-

167 2614 269 2647 guam
291 2615 362 2637 rem
380 2605 606 2649 significasse,
629 2617 706 2639 cum
728 2607 877 2640 nominat
895 2608 1066 2640 doctrinas
1084 2608 1163 2641 dae-

1223 208 1418 238 moniorum.
1454 207 1566 250 Atque
1589 207 1675 241 haec
1698 209 1878 250 prohibitio
1903 212 2014 243 statim
2038 220 2116 254 post
2129 214 2222 257 Apo-

1222 249 1339 282 stoliea
1363 257 1516 292 tempora
1540 259 1721 284 concutere
1734 252 1907 286 Ecclesias
1932 257 2052 296 coepit.
2090 256 2222 290 Monta·

1223 304 1289 325 nus
1301 300 1333 325 et
1350 293 1513 333 Marcion,
1537 301 1572 327 ut
1597 307 1635 327 50
1647 298 1859 329 venditarent
1883 298 2094 331 simulatione
2119 302 2221 333 maio-

1223 338 1270 368 ris
1294 337 1456 379 puritatis,
1480 339 1724 380 prohibuerunt
1747 352 1787 373 ac
1807 342 2003 374 damnarunt
2018 344 2221 386 coniugium.

1224 380 1276 412 Ae
1297 390 1411 413 narrat
1434 381 1552 414 horum
1578 382 1783 425 Epiphanius
1808 383 1977 417 horrenda
2001 386 2140 429 flagitia,
2165 389 2221 419 de-

1224 435 1289 466 que
1322 425 1397 466 ipso
1428 427 1594 468 dogmatis
1624 434 1742 459 autore
1769 427 1944 460 Marcione
1974 431 2111 470 scribit,
2147 442 2222 463 eum

1224 476 1400 509 exceptum
1431 468 1578 510 hospitio
1614 481 1634 502 a
1663 472 1807 513 quodam
1841 472 1994 504 Diacono
2027 475 2060 505 in
2092 474 2220 517 Cypro,

1224 512 1405 543 abduxisse
1428 514 1469 544 ab
1496 514 1627 555 hospite
1651 525 1789 546 uxorem
1813 516 1931 556 ipsius,
1956 517 2132 560 deceptam
2146 529 2222 561 spe·

1224 555 1275 586 010
1304 566 1411 587 novae
1443 556 1626 599 religionis.
1666 559 1734 589 Sed
1759 570 1834 590 eum
1859 561 2037 592 abductam
2069 569 2222 603 stupras-

1224 606 1276 630 set
1298 599 1468 638 Marcion,
1505 602 1625 632 niisera
1649 601 1767 633 mulier
1789 602 1959 645 aliquanto
1984 610 2063 646 post
2087 607 2130 637 ad
2154 617 2222 638 ma-

1224 643 1319 674 ritum
1344 644 1456 680 rediit,
1492 643 1674 685 deplorans
1710 656 1806 677 suum
1830 653 1991 686 erratum,
2022 655 2053 680 et
2091 650 2222 681 veniam

1224 687 1348 729 petivit.
1395 686 1490 719 Hanc
1520 687 1689 720 mulierem
1718 690 1763 721 ait
1794 690 1906 721 11101115
1930 699 2050 732 postea
2074 694 2222 726 monitri-

1225 741 1296 762 cem
1320 729 1443 769 fnisse,
1471 741 1512 762 nc
1536 730 1818 773 amplecterentur
1843 734 2023 766 Marcionis
2049 737 2220 778 dogmata,

1226 784 1298 805 00111
1319 780 1483 812 narraret,
1503 773 1587 806 alias
1613 774 1734 807 11101135
1759 776 1915 809 1110110105
1939 779 1970 809 111
1986 789 2026 810 00
2050 779 2222 819 sodalitio,

1225 819 1285 849 etsi
1309 816 1511 850 simulabant
1536 819 1786 859 continentiam,
1811 827 1921 852 tamen
1945 824 2137 863 promiscue
2161 825 2221 856 ob-

1225 862 1342 893 1101135
1365 872 1444 893 0550
1469 861 1595 894 libidini
1627 861 1850 896 fanaticorum
1881 864 2079 898 Doctorum.
2127 867 2222 899 Haec

1224 904 1356 937 suerunt
1393 907 1483 937 initia
1517 904 1603 948 legis
1639 907 1680 938 de
1716 907 1892 940 coelibatu.
1953 910 2079 942 Postea
2113 911 2222 943 secuti

1224 955 1300 980 sunt
1323 952 1507 991 ἐγκρατηταί.
1554 951 1608 981 Α11
1640 950 1759 982 11010111
1791 950 1945 994 exemplo
1975 952 2133 986 Monachi
2158 955 2222 987 orti

1224 999 1314 1024 sunt:
1346 993 1386 1025 Et
1416 1004 1457 1024 110
1482 994 1676 1026 viderentur
1700 993 1876 1027 inferiores
1899 997 2105 1029 Sacerdotes
2133 998 2220 1037 istis,

1224 1043 1407 1078 coeperunt
1430 1037 1463 1068 hi
1492 1048 1626 1080 quoque
1656 1046 1783 1079 partem
1813 1041 2064 1081 superstitionis
2088 1042 2220 1073 imitari.

1224 1080 1258 1111 ln
1284 1081 1421 1123 Synodo
1434 1081 1561 1113 Nicena
1586 1082 1719 1124 quidam
1742 1082 1922 1115 voluerunt
1946 1085 2117 1117 decretum
2138 1085 2222 1125 fieri,

1222 1129 1259 1155 ut
1282 1123 1311 1155 hi
1336 1125 1390 1166 qui
1415 1123 1583 1156 habebant
1608 1136 1742 1165 uxores,
1769 1126 1866 1158 electi
1890 1128 1933 1159 ad
1957 1139 2076 1160 munus
2102 1127 2221 1161 Eccle-

1222 1168 1410 1207 siasticum,
1447 1175 1566 1210 postea
1595 1179 1616 1200 a
1639 1171 1882 1203 consuetudine
1906 1183 2049 1204 uxorum
2072 1173 2222 1205 abstine-

1224 1218 1306 1242 rent.
1364 1211 1563 1254 Quanquam
1594 1220 1704 1245 autem
1734 1221 1814 1246 tunc
1842 1215 2018 1257 repudiata
2052 1222 2104 1248 est
2136 1216 2222 1249 haee

1223 1255 1388 1296 1011110135,
1421 1263 1532 1288 1311100
1557 1255 1728 1298 aliquanto
1753 1265 1831 1299 post
1860 1259 1943 1290 11300
1968 1260 2120 1302 tyrannis
2145 1271 2222 1302 per·

1224 1300 1309 1330 vasit
1339 1300 1371 1331 in
1404 1299 1578 1332 Ecclesias
1604 1302 1636 1332 in
1662 1302 1868 1341 Occidente,
1896 1309 1931 1334 ut
1955 1310 2074 1344 postea
2098 1305 2220 1336 dicam.

1223 1342 1316 1374 Haec
1337 1349 1433 1375 erant
1455 1345 1583 1376 semina
1615 1346 1801 1387 tyrannidis
1826 1346 2044 1385 Antichristi,
2068 1348 2163 1379 cuius
2189 1354 2222 1380 et

1222 1386 1310 1418 hanc
1344 1386 1455 1430 legem
1491 1389 1658 1430 propriam
1694 1388 1767 1420 fore
1803 1390 1967 1430 praedixit
1991 1390 2125 1429 Daniel,
2163 1392 2220 1434 qui

1222 1430 1282 1461 ait:
1307 1429 1396 1462 illum
1420 1433 1554 1474 impium
1579 1431 1707 1474 Regem
1730 1433 1973 1466 dominaturum
1997 1435 2029 1466 in
2050 1433 2219 1474 Ecclesia,

1221 1484 1284 1505 nec
1308 1473 1436 1513 Deuin,
1460 1486 1524 1507 nec
1547 1474 1705 1508 mulieres
1730 1485 1943 1517 creaturum,
1967 1479 2027 1509 sed
2052 1476 2162 1511 foedis
2187 1485 2220 1511 et

1221 1517 1358 1549 incestis
1381 1517 1573 1551 libidinibus
1598 1520 1900 1553 00013011113111111111
1925 1532 2004 1553 0550
2018 1521 2218 1555 Ecclesiam.

1222 1560 1308 1596 Quid
1328 1562 1392 1594 hoc
1416 1561 1505 1594 aliud
1530 1570 1599 1601 est,
1629 1574 1729 1606 quam
1752 1564 1856 1607 digito
1881 1572 2072 1598 monstrare
2097 1566 2218 1598 Roma-

1221 1615 1284 1636 nos
1310 1604 1514 1638 Pontifices?
1559 1607 1685 1639 Horum
1710 1614 1877 1640 tantorum
1907 1608 2094 1649 scelerum,
2129 1620 2218 1653 quae

1222 1648 1389 1689 significat
1414 1649 1538 1682 Paulus
1574 1657 1605 1682 01
1632 1651 1771 1690 Daniel,
1799 1653 1962 1684 societate
1986 1655 2217 1686 contaminan-

1222 1699 1291 1730 tur,
1326 1694 1380 1734 qni
1403 1694 1586 1726 detendunt
1615 1693 1725 1737 legem
1750 1696 1791 1727 de
1820 1695 2007 1737 coelibatu,
2043 1696 2217 1730 stabiliunt

1222 1736 1393 1767 doctrinas
1422 1738 1690 1778 daemoniorum,
1725 1741 1916 1782 approbant
1951 1752 2090 1784 regnum
2121 1742 2217 1774 Anti-

1222 1780 1347 1818 01111511,
1373 1782 1570 1813 confirmant
1594 1780 1712 1814 foedas
1736 1782 1903 1823 libidines,
1926 1792 1959 1816 et
1982 1784 2105 1816 multas
2129 1785 2216 1817 alias

1221 1830 1344 1865 1105105.
1392 1824 1470 1857 11100
1506 1826 1613 1866 1110135
1646 1833 1716 1866 051,
1753 1827 2042 1867 0011110101111010,
2066 1839 2132 1860 non
2158 1830 2215 1861 ad·

1221 1868 1373 1909 probare,
1393 1869 1453 1899 sed
1479 1880 1618 1910 prorsus
1652 1869 1745 1902 illam
1768 1873 1991 1913 perniciosam
2016 1872 2125 1915 legem
2151 1874 2210 1905 ab·

1220 1909 1324 1949 olere,
1346 1918 1379 1943 et
1402 1913 1543 1946 reddere
1568 1912 1729 1946 Ecclesiis
1753 1916 1842 1958 pium
1865 1926 1963 1948 usum
1993 1917 2139 1960 coniugii
2164 1917 2211 1949 di-

1220 1955 1341 1987 vinitus
1363 1957 1558 1989 institutum.

1433 2124 1637 2175 Quartum
1670 2126 1989 2181 Argumentum.

1306 2215 1474 2248 Hactenus
1513 2218 1669 2250 recensui
1713 2220 1904 2252 testimonia
1938 2231 1981 2252 ex
2023 2222 2215 2264 scriptoria,

1218 2270 1308 2291 nunc
1342 2260 1490 2292 adiiciam
1525 2260 1679 2304 exempla
1709 2263 1836 2304 primae
1869 2270 1902 2295 et
1926 2265 2071 2306 purioris
2095 2265 2214 2298 Eccle-

1218 2304 1298 2334 siae.
1313 2302 1397 2334 Nihil
1421 2304 1556 2336 dubium
1580 2313 1643 2344 est,
1667 2305 1909 2349 Apostolorum
1929 2315 2079 2350 tempore
2092 2315 2124 2341 et
2143 2310 2214 2342 diu-

1218 2352 1308 2389 post,
1327 2347 1358 2378 in
1379 2347 1511 2380 Graeca
1534 2355 1567 2380 et
1591 2348 1711 2381 Latina
1735 2349 1890 2383 Ecclesia
1915 2350 2022 2384 fuisse
2046 2352 2213 2385 Sacerdo-

1217 2396 1269 2422 tes
1295 2392 1441 2423 maritos.
1486 2393 1586 2433 Apud
1611 2391 1791 2425 Eusebium
1816 2393 1872 2426 lib.
1893 2395 1922 2426 5<
1948 2395 2213 2430 1100-1051350030

1216 2434 1373 2466 historiae
1408 2435 1445 2467 fit
1485 2437 1609 2468 mentio
1644 2435 1834 2479 Polycratis
1869 2438 2028 2482 Episcopi
2062 2439 2212 2482 Ephesii,

1216 2478 1272 2520 qni
1308 2479 1353 2510 ait
1379 2489 1417 2511 50
1450 2486 1560 2512 ortum
1593 2481 1637 2512 ab
1661 2480 1860 2524 Episcopis,
1895 2482 1980 2515 11300
2010 2483 2098 2516 enim
2133 2490 2212 2517 sunt

1216 2523 1337 2554 verba:
1357 2522 1422 2554 Sed
1446 2530 1479 2555 et
1503 2533 1568 2566 ego
1588 2525 1732 2556 omnium
1756 2532 1906 2558 vestrum
1930 2526 2084 2559 minimus
2109 2527 2211 2573 Poly-

1215 2572 1348 2605 crates,
1383 2567 1591 2600 traditionem
1636 2575 1814 2610 parentum
1855 2581 2005 2603 meorum
2048 2572 2210 2611 observo,

1213 2616 1343 2651 septem
1376 2620 1519 2654 namque
1551 2622 1594 2644 ex
1616 2613 1812 2654 parentibus
1843 2615 1926 2647 meis
1961 2625 2023 2656 per
2056 2616 2209 2649 ordinem

1946 2674 2000 2702 4³·
