2383 2990
209 138 273 171 2⁷7

296 232 479 266 Praeterea
509 233 583 265 sine
607 232 785 275 disciplina
817 232 874 265 ubi
911 233 980 265 vita
1018 231 1205 275 Cyclopica

209 285 281 317 est,
307 278 421 309 doceri
451 276 601 309 homines
630 288 697 309 11011
722 282 882 319 possunt:
917 277 1079 319 praecipit
1103 276 1204 318 igitur

207 322 305 354 Deus
320 345 329 359 ,
362 328 399 354 ut
421 331 534 353 mores
558 320 702 352 honeste
721 327 898 363 regantur,
921 326 953 351 et
976 326 1012 351 ut
1031 319 1205 363 diligentia

206 364 266 398 illa
290 376 357 397 non
381 364 514 397 ethnico
538 375 650 404 more,
685 371 813 396 tantum
843 364 886 395 ad
910 373 1027 405 pacem
1052 364 1204 405 corporis

205 408 396 448 referatur,
432 409 493 440 sed
516 409 559 440 ad
582 407 672 440 hunc
701 407 816 446 finem,
852 413 888 438 ut
914 407 1028 439 doceri
1051 406 1203 439 homines

856 136 913 168 tv.
937 136 1199 169 ENARRATIO
1223 136 1425 170 SYMBOLl
1449 137 1609 169 NICENI.

2187 138 2251 171 278

1228 234 1229 239 ’
1257 232 1378 272 vitute,
1400 240 1435 265 ut
1459 232 1669 265 manifestum
1694 240 1764 272 est,
1787 232 1828 264 Et
1848 239 1883 265 ut
1894 232 1989 266 Deus
2013 235 2174 266 immensa
2191 235 2251 266 bo·

207 453 249 486 de
273 452 348 484 Deo
372 454 523 494 possint,
547 460 579 484 et
602 458 638 484 ut
660 461 727 483 nou
751 451 949 492 impediatur
971 461 1081 493 neque
1105 461 1204 482 011011-
1230 471 1231 489 ;

205 497 308 528 tiatur
331 496 475 538 Spiritus
499 503 637 528 sanctus
661 493 842 527 violatione.
865 492 1078 535 disciplinae,
1116 496 1203 527 sicut
1230 504 1232 524 ι

207 541 357 572 excussit
380 539 492 572 David
516 541 651 582 rapiens
676 537 814 570 alterius
838 539 1028 581 coniugem.

295 618 492 660 Quanquam
522 625 634 650 autem
662 616 749 649 haec
780 615 956 658 disciplina
985 626 1117 658 semper
1148 626 1204 647 ne·

206 663 357 695 cessaria
380 670 450 701 est,
476 669 585 694 tamen
610 671 673 692 nec
697 666 842 692 meretur
872 660 1102 691 remissionem
1126 670 1204 701 pec-

203 756 279 793 pter
297 761 395 792 quam
411 761 524 782 coram
548 749 623 781 Deo
648 749 779 789 accepti
804 748 927 786 simus,
951 754 987 779 ut
1010 746 1137 779 Paulus
1157 748 1204 778 in—

206 794 291 837 quit:
326 793 377 825 Ex
412 794 572 835 operibus
602 791 689 834 legis
724 802 791 823 non
826 791 1060 824 iustificabitur
1096 793 1203 823 omnis

207 847 300 877 caro,
324 844 359 870 ut
383 844 504 879 postea
528 836 701 879 copiosius
727 836 868 867 dicetur.
1092 850 1095 852 -

292 915 423 947 Deinde
447 921 479 946 et
502 916 569 947 hoe
595 915 769 947 sciendum
798 920 860 945 est.

206 966 256 992 tas
280 960 450 1002 regendae
479 957 703 991 locomotivae
734 968 869 999 semper
903 965 1013 989 manet
1042 958 1075 988 in
1099 956 1203 989 homi-

201 1012 282 1036 num
306 1010 442 1041 natum,
466 1009 575 1035 tamen
602 1013 704 1044 saepe
728 1001 886 1034 labuntur
909 1000 1080 1040 homines,
1111 1001 1203 1033 ilam-

201 1090 306 1133 pulsi,
330 1091 418 1122 sicut
442 1091 483 1122 de
507 1090 587 1122 luda
611 1088 789 1121 manifeste
813 1089 990 1120 scribitur:
1017 1088 1153 1120 intravit
1171 1090 1202 1120 in

204 1145 280 1166 eum
304 1135 461 1166 Satanas.
509 1134 587 1165 ideo
612 1132 766 1175 exempla.
783 1133 996 1175 quotidianae
1010 1133 1109 1170 vitae,
1134 1143 1203 1164 ma·

202 1179 310 1210 ximae
345 1179 452 1219 partis
483 1177 617 1210 humaui
647 1177 802 1220 generis,
838 1183 869 1207 et
902 1186 1018 1207 omnes
1042 1175 1202 1208 historiae

203 1222 385 1253 ostendunt
412 1221 576 1263 plurimos
611 1221 766 1252 homines
796 1219 900 1261 pollui
932 1219 1061 1251 delictis
1086 1227 1202 1251 contra

204 1266 459 1304 conscientiam,
495 1271 529 1297 ut
553 1264 685 1296 Ethnici
710 1265 808 1295 etiam
833 1264 941 1306 questi
971 1270 1066 1302 sunt,
1100 1264 1202 1295 admi-

202 1316 317 1340 rantes
347 1309 436 1340 unde
464 1315 557 1340 tanta
592 1310 624 1340 in
659 1308 723 1340 hac
759 1308 1048 1348 praestantissima
1085 1314 1203 1339 natura

200 1351 336 1383 humani
361 1353 496 1394 generis
521 1351 731 1383 imbecillitas
756 1352 809 1382 sit.

290 1422 357 1454 Sed
383 1432 484 1453 causa
509 1422 607 1453 nobis
631 1422 664 1452 111
688 1420 843 1451 Ecclesia
875 1428 954 1451 nota
979 1427 1047 1459 est,
1082 1420 1200 1450 Nasci-

201 1476 274 1498 mur
297 1464 490 1497 adserentes
516 1466 667 1496 morbum
692 1465 843 1507 originis,
868 1465 941 1506 qui,
968 1470 1002 1495 ut
1027 1474 1130 1505 supra
1154 1464 1201 1493 di-

201 1515 291 1542 ctum
317 1516 386 1548 est,
412 1520 478 1540 nou
503 1515 553 1541 est
578 1516 704 1540 tantum
728 1515 861 1547 reatus,
886 1508 946 1539 sed
970 1508 1070 1538 etiam
1095 1506 1201 1539 horri-

201 1552 278 1586 bilis
310 1554 494 1585 destructio
530 1559 561 1584 et
597 1552 770 1584 infirmitas
807 1553 951 1583 omnium
982 1552 1111 1582 virium.
1159 1551 1201 1581 Et

203 1597 367 1629 accedunt
392 1597 532 1628 insidiae
556 1604 587 1628 et
613 1597 766 1640 tyrannis
792 1594 933 1633 diaboli,
969 1596 1053 1626 sicut
1078 1596 1110 1626 in
1136 1595 1200 1626 Ge-

201 1641 274 1673 nesi
298 1641 422 1672 dictum
446 1647 514 1671 est:
540 1641 667 1672 Ponam
692 1640 879 1673 inimicitias
906 1641 988 1670 iuter
1009 1646 1200 1681 serpentem

201 1690 234 1716 et
257 1695 372 1717 semen
396 1683 554 1716 mulieris.

292 1761 376 1794 Cum
406 1763 506 1804 igitur
536 1769 568 1793 et
596 1768 716 1793 natura
747 1762 916 1792 hominum
946 1762 988 1792 sit
1021 1759 1198 1800 imbecilla,

204 1812 236 1838 et
260 1805 414 1838 diabolus
439 1807 599 1837 atrociter
624 1812 800 1847 grassetur
823 1806 990 1836 adversus·
1016 1815 1096 1843 nos,
1132 1816 1198 1836 non

201 1851 387 1881 mirandum
413 1856 463 1880 est
488 1850 665 1881 maximam
685 1855 814 1891 partem
839 1849 973 1890 generis
995 1848 1127 1879 humani
1144 1860 1199 1880 va-

200 1894 260 1925 riis
284 1894 393 1924 modis
418 1892 532 1934 pollui.

200 1987 353 2023 petamus
388 1980 543 2012 auxilium
581 1987 699 2012 contra
735 1980 955 2011 infirmitatem
987 1987 1133 2011 nostram
1167 1987 1200 2012 et

201 2032 319 2057 contra
343 2023 530 2062 diabolum,
555 2025 631 2067 quia
656 2026 817 2066 scriptum
843 2032 907 2056 est:
933 2023 1036 2055 Filius
1058 2024 1119 2055 Dei
1140 2024 1198 2055 ad-

200 2069 322 2111 paruit,
347 2075 383 2100 ut
407 2069 558 2100 destruat
587 2079 691 2110 opera
719 2067 863 2107 diaboli,
893 2071 971 2100 item
1003 2075 1037 2100 ut
1063 2067 1198 2100 concul-

202 2119 255 2145 cet
279 2119 380 2154 caput
403 2112 591 2154 Serpentis.

287 2216 423 2249 Dictum
448 2223 517 2254 est,
542 2215 650 2259 qualis
675 2215 804 2259 reliqua
829 2218 871 2248 sit
890 2215 1030 2248 libertas
1051 2218 1148 2248 etiam
1165 2218 1197 2249 in

199 2271 268 2292 non
299 2262 435 2292 renatis.

1257 277 1361 308 nitate
1385 284 1524 319 propter
1553 278 1805 319 deprecatorem
1829 275 1965 317 Filium,
1989 288 2107 309 rursus
2132 288 2170 309 se
2194 288 2251 320 pa-

1257 318 1369 351 tefacit
1396 320 1601 360 hominibus,
1633 328 1664 353 et
1687 321 1944 363 promissionem
1967 322 2053 359 edit,
2090 328 2121 353 et
2147 322 2251 364 gratis

1257 364 1374 405 recipit
1398 375 1476 403 eos,
1511 365 1557 396 ita
1581 371 1611 397 et
1636 375 1699 396 nos
1728 371 1866 407 propter
1889 364 2008 397 Filium
2039 366 2143 407 gratis
2168 365 2252 396 reei-

1257 408 1316 450 pit,
1342 414 1374 439 et
1399 408 1519 439 deinde
1543 409 1649 440 reddit
1674 414 1843 440 aeternam
1866 409 1967 441 vitam
1992 415 2024 440 et
2048 409 2215 441 iustitiam.

1346 494 1439 526 Haec
1462 495 1644 536 praecipua
1669 496 1755 526 bona
1778 506 1845 526 non
1875 496 2006 527 restitui
2032 495 2133 528 ullius
2159 505 2252 528 crea-

1257 544 1354 569 turae
1377 539 1543 580 potentia,
1573 539 1633 570 sed
1663 539 1797 580 proprie
1826 538 1889 570 Dei
1921 549 2023 580 opera
2048 550 2125 571 esse
2150 542 2251 572 mani-

1257 581 1380 613 festum
1405 588 1467 613 est.
1525 581 1676 624 Cumque
1707 582 1889 614 voluntatis
1921 582 2088 615 humanae
2111 582 2251 615 libertas

1230 660 1231 665 ,
1258 632 1473 665 extenuatur,
1508 626 1596 657 hanc
1629 625 1859 657 liberationem
1889 627 1931 659 ab
1968 627 2016 658 ira
2046 626 2129 665 Dei,
2165 632 2198 658 et
2231 638 2253 659 a

1229 676 1365 701 1m01·te
1389 677 1542 708 aeterna,
1578 675 1609 700 et
1644 670 1887 702 restitutionem
1917 671 2005 701 *sitae
2041 678 2073 702 et
2107 671 2252 702 iustitiae

207 713 370 745 catorum,
393 716 457 737 nec
480 704 647 737 satisfacit
669 703 754 746 legi,
786 714 850 736 nec
874 704 998 735 iustitia
1022 711 1089 742 est,
1128 714 1205 746 pro·
1230 712 1231 727 ³

1257 720 1416 745 aeternae
1439 714 1643 752 intueamur,
1678 720 1707 744 et
1736 712 1819 744 haec
1851 715 2030 756 praecipua
2054 715 2143 745 bona
2167 714 2251 746 scia-

1257 767 1330 788 mus
1354 766 1421 788 non
1449 767 1553 798 posse
1584 757 1711 789 restitui
1740 758 1840 789 nobis
1864 755 1965 789 ullius
1997 764 2170 790 creaturae
2193 768 2251 800 po—

1230 814 1232 833 1
1256 801 1370 832 tentia.

908 912 980 945 Etsi
1004 912 1081 944 talis
1105 912 1204 945 liber·
1229 933 1231 944 1

578 1893 792 1924 Admoneant
816 1900 927 1924 autem
947 1903 1010 1923 nos
1035 1900 1066 1923 et
1092 1893 1198 1924 nostri
1226 1906 1227 1910 ¹

202 1943 235 1969 et
259 1936 358 1969 ²³¹¹e¹¹¹
382 1936 512 1978 lapsus>
535 1943 571 1969 Ut
596 1935 830 1980 ⁰⁰¹¹fu37¹²²¹¹¹¹¹⁵
856 1938 898 1968 ad
919 1934 1033 1968 ¹⁴¹¹¹u¹¹¹
1058 1935 1140 1975 ΒΘΗ
1167 1943 1199 1968 et
1226 1947 1227 1968 ³
1253 1955 1408 1986 omuibus
1443 1956 1649 1997 temporibus·
1680 1956 1756 1987 inde
1789 1966 1896 1997 usque
1932 1956 1973 1986 ab
2010 1956 2101 1987 initio
2136 1957 2248 1987 mnndi

483 2261 580 2292 Nunc
613 2261 721 2292 dicam
752 2262 793 2293 de
821 2259 894 2292 aliis
931 2262 1196 2303 quaestionibus.
1223 2293 1225 2300 ,

198 2304 262 2337 Hic
285 2305 425 2346 primum
451 2304 535 2336 haec
558 2304 735 2336 manifesta
760 2311 850 2343 sunt,
871 2304 1029 2336 voluntas
1054 2304 1198 2337 humana

1222 2357 1224 2362 ’
1250 2351 1306 2388 tis,
1331 2356 1362 2381 et
1387 2361 1500 2381 veram
1524 2349 1587 2381 Dei
1611 2351 1831 2392 agnitionem,
1864 2361 1926 2381 nec
1958 2350 2035 2381 sinit
2061 2360 2120 2381 eas
2145 2360 2247 2381 oceu-

1222 2392 1224 2406 ³
1249 2395 1321 2435 pari
1344 2395 1452 2435 impiis
1477 2400 1510 2425 et
1534 2393 1688 2425 fanaticis
1711 2394 1905 2433 furoribus,
1931 2393 2049 2424 deinde
2074 2394 2165 2435 quod
2189 2404 2247 2425 vo-

199 2359 267 2381 non
296 2354 409 2391 potest
440 2347 510 2380 ulla
537 2349 672 2380 actione
701 2359 763 2380 sua
794 2347 912 2380 tollere
937 2355 1093 2387 mortem,
1129 2359 1196 2380 non

199 2399 312 2435 potest
337 2403 461 2423 exuere
484 2403 608 2433 pravas
628 2391 873 2431 inclinationes,
894 2403 954 2424 seu
967 2404 1104 2434 pravam
1118 2403 1196 2425 con-

201 2437 461 2478 cupiscentiam,
495 2443 528 2467 ut
561 2443 704 2475 vocant,
739 2447 806 2468 non
835 2443 947 2479 potest
975 2437 1083 2468 Adam
1117 2434 1223 2478 post}

199 2477 333 2522 lapsum
357 2480 529 2511 retrahere
556 2478 647 2511 illam
678 2481 902 2523 integritatem
933 2487 965 2512 et
988 2480 1196 2513 harmoniam
1221 2492 1223 2510 J

201 2524 346 2555 omniurn
370 2524 505 2563 virium,
540 2534 641 2565 quam
662 2530 761 2556 antea
784 2525 918 2564 habuit,
954 2525 1019 2556 imo
1043 2536 1106 2557 nec
1130 2535 1196 2557 me-

200 2568 266 2599 reri
289 2574 402 2610 potest
425 2568 657 2599 remissionem
681 2569 825 2610 peccati.

287 2645 380 2680 lacet
402 2656 567 2690 oppressa
590 2652 712 2679 natura
734 2646 903 2680 hominum
926 2646 991 2680 hac
1016 2647 1102 2679 tristi
1125 2658 1195 2679 ser-
1221 2660 1224 2677 ε

1345 933 1412 964 Sed
1437 938 1615 973 postquam
1634 933 1797 963 immensa
1820 933 2048 964 misericordia
2064 930 2140 970 Dei,
2163 932 2251 964 edita

1258 982 1308 1007 est
1332 976 1512 1017 promissio
1537 974 1833 1015 reconciliationiS,
1859 982 1889 1007 et
1913 975 2009 1007 Deus
2029 976 2165 1008 adiuvat
2185 986 2252 1007 am-

1228 1036 1230 1040 ·
1256 1018 1444 1061 plectentes
1469 1019 1743 1061 promissionem,
1767 1019 1822 1051 hic
1845 1030 1961 1051 rursus
1986 1020 2174 1062 quaeritur,
2209 1030 2252 1051 an

202 1058 265 1079 '¹¹¹5
295 1048 512 1088 cup¹d¹¹am¹¹¹
544 1054 689 1085 ¹¹¹⁰¹¹³¹¹³
725 1053 781 1078 ant
812 1053 909 1076 enam
934 1056 954 1076 a
983 1043 1120 1076 ‘ham’lo
1145 1056 1202 1076 ¹¹¹¹*
1228 1058 1230 1096 J
1256 1061 1346 1094 illam
1371 1062 1616 1094 inchoationem
1643 1064 1851 1095 obedientiae
1874 1064 1906 1095 in
1928 1065 2042 1102 corde,
2069 1064 2179 1102 fidem,
2206 1063 2252 1095 di-

1255 1105 1451 1145 lectionem,
1482 1107 1704 1138 constantiam
1734 1106 1959 1138 confessionis
1995 1109 2027 1138 in
2064 1106 2249 1149 suppliciis,

1256 1157 1285 1182 et
1312 1151 1343 1181 in
1367 1149 1440 1182 aliis
1466 1151 1643 1181 virtutibus
1669 1151 1803 1189 cordis,
1840 1151 1995 1182 voluntas
2032 1149 2155 1182 efficiat
2180 1152 2253 1182 sine

1256 1194 1380 1236 Spiritu
1405 1194 1547 1225 sancto?
1593 1194 1645 1225 De
1676 1194 1740 1225 hac
1770 1196 1967 1237 quaestione
2002 1193 2189 1227 clarissime
2219 1202 2252 1227 et

1255 1240 1328 1269 sine
1352 1236 1422 1269 ulla
1446 1238 1662 1279 ambiguitate
1693 1238 1927 1277 adfirmamus,
1959 1238 2165 1270 voluntatem
2189 1237 2250 1270 has

1255 1283 1397 1313 virtutes
1430 1292 1640 1323 nequaquam
1677 1282 1749 1313 sine
1792 1283 1913 1323 Spiritu
1949 1290 2069 1314 sancto
2114 1282 2251 1315 efficere

1254 1336 1369 1366 posse.

1342 1403 1394 1434 Ac
1409 1402 1519 1445 palam
1533 1411 1565 1435 et
1580 1414 1742 1446 expresse
1756 1404 1949 1435 damnamus
1966 1403 2181 1446 Pelagianos,
2196 1406 2250 1446 qui

1254 1446 1418 1478 finxerunt
1450 1447 1604 1478 homiues
1637 1458 1740 1489 posse
1768 1449 1887 1479 mereri
1919 1448 2149 1479 remissionem
2173 1459 2250 1490 pee—

1255 1498 1424 1529 catorum,
1449 1498 1479 1522 et
1505 1492 1636 1533 quidem
1662 1492 1734 1523 sinc
1760 1492 1884 1532 Spiritu
1915 1498 2033 1523 sancto
2058 1502 2161 1533 posse
2184 1491 2250 1535 legi

1255 1534 1316 1566 Dei
1341 1534 1556 1573 satisfacere,
1581 1546 1684 1576 posse
1708 1542 1739 1567 et
1764 1536 1836 1566 siue
1861 1537 1981 1577 Spiritu
2006 1542 2125 1567 sancto
2141 1535 2252 1574 fidem,

1254 1578 1467 1653 ‘¹}¹e‘³‘³⁰¹¹‘³¹¹¹
1491 1579 1572 1617 Dei,
1609 1586 1639 1610 et
1669 1590 1784 1611 omues
1814 1580 1954 1611 virtutes
1983 1579 2067 1611 alias
2091 1581 2123 1611 in
2149 1580 2250 1611 corde

1254 1632 1271 1653 e
1289 1624 1401 1653 ficere.

1340 1700 1411 1731 Hos
1436 1702 1554 1742 impios
1579 1712 1712 1733 errores
1739 1708 1933 1733 constanter
1957 1702 2171 1741 damnamus,
2195 1704 2249 1744 qui

1252 1743 1474 1786 Evangelium
1499 1747 1528 1776 in
1554 1744 1801 1787 philosophiam
1825 1745 2084 1784 transformant,
2116 1752 2148 1777 et
2172 1757 2249 1777 con-

1253 1786 1419 1819 tumeliosi
1444 1795 1518 1820 sunt
1545 1790 1710 1821 adxcrsus
1740 1789 1870 1828 Deum,
1906 1791 2052 1821 obruunt
2086 1789 2247 1822 beneficia

1254 1831 1311 1863 filii
1336 1831 1417 1869 Dei,
1444 1841 1474 1864 et
1501 1833 1647 1874 Spiritus
1672 1834 1789 1865 sancti.

1341 1910 1487 1942 Econtra
1526 1922 1607 1942 vero
1647 1911 1862 1943 adfirmamus
1898 1912 1988 1943 iuxta
2029 1910 2249 1954 Evangelium

1254 2000 1329 2030 viva
1353 2000 1502 2030 membra
1531 1998 1729 2037 Ecclesiae,
1766 2000 1835 2041 regi
1869 2006 1898 2030 et
1930 2000 2036 2031 iuvari
2072 2011 2092 2031 a
2127 2000 2249 2041 Spiritu

1252 2048 1384 2080 sancto,
1407 2050 1439 2074 ut
1466 2042 1562 2074 Rom.
1588 2043 1619 2074 S.
1653 2044 1788 2075 dicitur:
1832 2043 1897 2079 Qui
1927 2043 2094 2074 ducuntur
2123 2044 2250 2085 Spiritu

1252 2086 1327 2125 Dei,
1352 2086 1383 2117 hi
1404 2093 1481 2118 sunt
1506 2086 1561 2118 11111
1587 2087 1660 2125 Dei,
1686 2098 1725 2118 ac
1750 2086 1823 2118 Deo
1849 2093 1986 2118 aeterno
2011 2087 2096 2128 patri
2114 2086 2247 2119 Domini

1251 2131 1358 2161 nostri
1384 2130 1459 2161 lesu
1483 2129 1619 2169 Christi,
1644 2137 1675 2162 et
1699 2130 1766 2161 filio
1782 2132 1851 2162 eins
1876 2130 2020 2162 Domino
2040 2138 2157 2162 nostro
2172 2131 2248 2163 lesu

1252 2174 1407 2211 Clu-isto,
1431 2182 1462 2205 et
1483 2176 1617 2216 Spiritui
1639 2181 1768 2212 sancto,
1793 2176 1919 2216 gratias
1940 2176 2069 2217 agimus
2091 2185 2165 2206 cum
2184 2186 2246 2216 pro

1253 2225 1321 2250 toto
1352 2218 1512 2249 beneficio
1544 2218 1843 2257 reconciliationis,
1880 2225 1948 2250 tutu
1979 2229 2058 2250 vero
2088 2230 2150 2260 pro
2181 2218 2247 2250 1100

1250 2263 1325 2303 ipso
1350 2262 1544 2293 admirando
1570 2273 1724 2300 munere,
1755 2263 1845 2304 quod
1876 2263 2002 2304 Spiritu
2032 2270 2151 2293 sancto
2182 2273 2246 2293 nos

1251 2306 1353 2348 regit,
1388 2307 1544 2337 accendit
1579 2307 1610 2337 in
1643 2307 1809 2337 mentibus
1840 2307 1967 2338 nostris
1991 2304 2100 2338 lucem
2124 2306 2247 2337 verita-

1249 2438 1397 2469 luntates
1423 2444 1453 2469 et
1479 2439 1582 2469 corda
1606 2437 1709 2470 flectit
1734 2438 1774 2469 ad
1800 2448 1913 2469 veram
1942 2437 2184 2476 obedientiam,
2210 2437 2246 2469 ti-

1249 2493 1377 2513 morem
1400 2481 1484 2520 Dei,
1507 2482 1676 2520 fiduciam,
1713 2480 1940 2520 dilectionem,
1976 2491 2082 2522 spem,
2106 2487 2139 2512 et
2162 2479 2245 2512 alias

1249 2527 1401 2565 virtutes,
1425 2532 1457 2557 et
1481 2526 1611 2568 quidem
1635 2526 1769 2557 inchoat
1792 2526 1826 2557 in
1850 2525 1947 2557 nobis
1972 2526 2074 2557 vitam
2098 2531 2130 2557 et
2152 2525 2245 2556 iusti-

1250 2571 1330 2602 tiam
1352 2576 1534 2601 aeternam.

1338 2648 1432 2681 Haec
1454 2654 1546 2680 tanta
1569 2648 1658 2680 dona
1682 2647 1901 2692 agnoscenda
1924 2653 2019 2687 sunt,
2054 2653 2087 2679 et
2109 2657 2171 2689 pro
2195 2647 2244 2679 eis

2035 2708 2091 2733 18·
