2383 2990
154 129 220 161 363

241 222 294 254 Ac
317 223 465 264 ingentia
485 221 666 252 certamina
694 221 736 251 de
758 218 825 249 1106
848 218 990 250 articulo
1014 228 1148 260 semper

154 265 301 304 fuerunt,
325 268 357 298 in
383 267 503 307 quibus
527 263 607 295 utile
625 269 677 294 est
701 263 928 299 considerare,
952 263 1007 304 qui
1027 261 1148 294 fuerint

153 317 436 352 propugnatores,
455 314 487 339 et
501 309 554 349 qui
567 306 687 338 luerint
700 307 816 337 hostes
829 306 990 345 veritatis,
1014 307 1148 337 vivente

154 353 266 384 adhuc
290 352 438 383 1011611116
458 349 637 391 Apostolo.
682 349 791 380 Ebion
816 354 848 379 et
871 348 1050 381 Corinthus
1070 360 1149 380 eon-

153 397 347 433 tenderunt,
384 396 416 426 in
439 394 566 425 Messia
600 397 728 424 tantum
753 402 831 423 esse
854 391 1032 423 humanam
1055 399 1148 423 natu-

153 450 235 476 ram,
272 444 302 468 et
326 437 434 469 Deum
465 447 543 468 esse
566 437 697 467 unicam
720 446 913 477 personam,
936 446 1021 477 quae
1045 436 1148 466 nomi-

153 488 252 513 natur
277 480 385 512 Pater.
438 480 513 511 Hoc
550 480 728 510 certamine
763 478 929 510 Iohannes
959 477 1148 520 Apostolus

153 531 276 562 motus,
301 524 438 565 scripsit
468 522 710 564 Evangelicam
740 523 931 557 historiam,
973 533 1013 554 ac
1037 523 1149 553 statim

152 569 243 599 initio
267 567 425 598 refutavit
448 567 586 598 Ebionis
611 576 770 604 errorem,
795 571 827 596 ct
849 572 1045 607 perpetuum
1058 566 1149 597 testi-

152 611 297 643 monium
321 611 418 643 nobis
442 610 585 652 reliquit.
610 609 741 640 Deinde
764 611 941 640 renovavit
964 610 1051 639 idem
1075 619 1148 640 eer-

152 660 263 686 tamen
287 654 547 691 Sainosatenus,
583 654 638 694 qui
673 653 808 695 negavit
831 653 863 683 in
887 653 1077 683 narratione
1100 652 1149 682 lo-

151 697 272 729 bannis
295 696 382 737 λίγοιν
405 696 544 738 intelligi
568 707 748 737 personam
772 706 832 727 560
847 695 1058 736 ὑφιστάμενον.
1085 696 1149 726 Sed

151 741 309 772 Ecclesia
333 741 545 771 Antiochena
569 750 644 770 60111
667 738 821 770 refutavit
848 745 881 769 et
904 739 1012 776 eiecit,
1037 749 1078 769 ae
1090 748 1149 769 vo-

153 791 249 816 catus
273 784 316 814 affl
340 794 412 815 eam
437 784 660 825 cognitionem
685 783 870 824 Gregorius
883 781 1149 812 Neocaesarien·

152 828 213 866 sis,
237 828 292 869 qui
317 833 395 858 tune
418 826 588 858 miraculis
613 825 726 858 clarus
752 831 834 863 erat,
857 824 1150 866 reliqnittestimo-

151 872 253 909 nium,
277 871 366 912 quod
386 871 594 901 1101155111111111
619 870 772 900 0111011105
796 879 873 899 6556
899 869 1008 906 debet,
1032 869 1150 899 recita-

153 921 207 946 tur
230 920 341 945 autem
364 913 450 945 libro
475 915 505 944 7.
551 913 689 944 Eusebii
713 923 790 954 pag.
818 911 890 942 173.
936 911 1030 942 Unus
1055 912 1150 942 Deus

151 963 258 1000 pater,
284 957 428 988 viventis
454 957 568 994 Verbi,
594 957 778 997 sapientiae
798 956 1012 986 subsistentis
1026 956 1150 985 etima-

153 1001 239 1044 ginis
263 1010 358 1039 suae,
381 1002 510 1043 integer
533 1001 684 1041 integrae
708 999 850 1040 genitor,
874 1004 969 1039 pater
981 997 1055 1029 filii
1079 999 1150 1028 11111-

154 1045 266 1087 geniti,
290 1054 377 1075 01105
402 1043 580 1081 Dominus,
605 1042 700 1073 solus
724 1052 763 1072 ex
787 1041 876 1080 solo,
902 1042 1011 1083 imago
1026 1041 1150 1080 Patris,

151 1089 292 1120 verbum
327 1085 463 1125 efficax,
494 1085 591 1117 filiu>
620 1086 842 1126 sempiternus
867 1095 907 1115 ex
932 1085 1148 1126 sempiterno,

152 1131 248 1163 Unus
273 1131 414 1172 Spiritus
439 1130 584 1161 Sanctus
609 1140 649 1160 ex
663 1129 737 1160 Deo
762 1129 983 1160 substantiam
1007 1128 1149 1166 habens,

153 1176 209 1217 qui
232 1185 293 1216 per
316 1173 435 1205 Filium
458 1174 612 1214 apparuit
636 1172 866 1210 sanctificans,
885 1182 945 1212 per
969 1182 1067 1213 quem
1082 1172 1149 1216 De-

152 1228 194 1250 us
218 1227 321 1258 super
344 1218 454 1248 onmia
473 1223 506 1248 et
528 1217 561 1247 in
586 1217 739 1247 omnibus
772 1216 1000 1258 cognoscitur.
1047 1215 1150 1246 Dein-

154 1262 195 1293 de
230 1266 366 1292 exortus
401 1267 453 1291 est
482 1260 604 1299 Arius,
628 1261 684 1301 qui
707 1269 774 1290 non
798 1259 933 1300 negavit
963 1258 1049 1298 λόγον
1073 1268 1150 1289 6556

152 1314 347 1347 personam,
370 1305 432 1335 sed
451 1304 588 1345 negavit
611 1313 689 1334 esse
711 1308 831 1333 natura
855 1301 982 1340 Deum,
1015 1307 1047 1332 et
1071 1312 1150 1333 con-

152 1349 257 1380 tendit
280 1347 368 1387 λόγον
391 1357 469 1378 6556
504 1352 693 1377 creaturam
728 1356 769 1377 ex
801 1344 904 1376 nihilo
942 1343 1085 1383 factam,
1120 1347 1151 1383 ἐξ

154 1391 209 1423 οὐκ
233 1390 338 1422 ὄντων.
370 1390 450 1421 Item
475 1389 581 1433 fui-sse
604 1388 783 1431 aliquando
803 1388 949 1432 Patrem,
969 1398 1044 1419 cum
1068 1398 1151 1419 non-

154 1435 233 1467 dum
256 1438 350 1465 esset
372 1432 490 1471 Filius,
513 1435 546 1471 ἢν
569 1445 641 1463 ποτε
665 1431 714 1463 ὅτε
737 1431 793 1463 οὐκ
817 1433 861 1470 ἢν.
890 1431 972 1462 Erat
995 1441 1069 1462 60111
1083 1442 1150 1462 11011

153 1483 238 1516 erat,
268 1482 340 1508 erat
363 1476 463 1508 Pater
487 1487 558 1507 60111
587 1486 655 1506 11011
679 1481 751 1506 erat
773 1474 888 1506 Filius.
936 1474 1051 1516 ltaque
1073 1480 1151 1516 post

152 1520 259 1563 longa
282 1521 465 1552 certamina
488 1520 643 1561 synodus
656 1519 785 1550 Nicena
808 1519 987 1556 damnavit,
1013 1524 1046 1549 et
1064 1519 1151 1559 prio-

154 1575 210 1596 res
245 1563 380 1595 snrores
405 1563 617 1594 Samosateni
652 1568 685 1594 et
707 1561 841 1593 furores
866 1562 948 1593 Arii.
994 1561 1036 1592 Et
1061 1566 1152 1592 extat

155 1607 328 1640 confessio
353 1607 499 1639 Nicenae
523 1607 650 1649 Synodi
684 1607 718 1637 in
742 1604 924 1648 Symbolo,
960 1605 1051 1646 quod
1074 1605 1152 1635 inde

156 1650 350 1694 Symbolum
373 1650 538 1682 Nicenum
562 1648 763 1691 appellatur.
810 1649 846 1680 ln
879 1649 933 1679 his
957 1649 1152 1690 disputatio-

154 1696 252 1727 nibus
276 1693 442 1726 illustrata
466 1699 543 1725 sunt
563 1694 651 1725 (licta
675 1693 876 1734 Prophetica
901 1697 933 1723 et
951 1691 1153 1733 Apostoliea

155 1739 197 1770 de
220 1739 326 1771 tribus
351 1738 518 1780 personis,
539 1744 571 1768 et
595 1738 704 1768 editae
728 1743 806 1768 sunt
820 1735 1054 1767 60111655101165
1068 1735 1152 1767 San-

156 1788 298 1820 ctorum,
321 1783 377 1823 qui
400 1780 615 1812 affirmabant
638 1791 676 1812 se
700 1781 885 1812 doctrinam
907 1781 950 1812 ab
969 1778 1152 1821 Apostolo-

155 1835 229 1858 rum
247 1825 421 1867 discipulis
438 1825 626 1867 accepisse.

242 1929 331 1961 Nota
354 1930 420 1960 sint
443 1929 627 1960 certamina
641 1926 828 1965 Ecclesiae,
852 1933 886 1959 61
909 1927 1151 1965 consideretur,

156 1983 217 2014 per
239 1983 325 2015 quos
348 1978 464 2011 testes,
497 1978 529 2003 et
553 1973 722 2014 quomodo
748 1970 906 2013 Symbola
929 1971 1050 2002 tradita
1074 1971 1151 2009 sint,

156 2017 315 2048 Irenaeus
339 2017 470 2058 accepit
494 2017 678 2047 doctrinam
703 2026 722 2046 a
746 2014 958 2057 Poly-carpo,
992 2013 1152 2056 Polycar-

156 2070 220 2101 pus
245 2070 265 2090 a
287 2059 436 2090 Iohanne
466 2058 653 2101 Apostolo‚
685 2057 830 2090 affirmat
859 2065 970 2089 autem
993 2057 1152 2089 lrenaens

158 2102 245 2143 λόγον
264 2101 368 2134 fuisse
391 2113 583 2144 personam,
607 2109 786 2144 antequam
800 2102 961 2133 assumsit
975 2101 1153 2132 humanam

156 2152 321 2178 naturam.
369 2147 425 2178 Sic
449 2147 534 2178 enim
559 2147 664 2188 inquit
690 2147 798 2187 capite
820 2146 851 2176 2.
875 2145 961 2177 libro
986 2148 1016 2176 3.
1042 2152 1153 2176 osten-

158 2200 198 2222 so
234 2188 428 2229 manifeste,
464 2190 554 2232 quod
589 2190 621 2220 in
645 2190 808 2231 principio
832 2189 918 2230 ).‹›'y0;
942 2187 1040 2220 fuerit
1065 2190 1153 2230 apud

157 2233 286 2272 Deum,
322 2244 383 2275 per
417 2244 515 2275 quem
548 2233 635 2272 λόγον
664 2234 775 2265 onmia
798 2232 887 2265 facta
911 2238 1007 2270 sunt,
1042 2239 1075 2263 et.
1098 2234 1153 2274 qui

157 2287 291 2317 semper
313 2276 415 2308 adfuit
440 2278 584 2316 humano
609 2278 734 2318 generi,
758 2276 847 2308 110116
866 2276 1058 2308 novissimis
1072 2282 1153 2307 tem-

157 2321 297 2362 poribus
321 2321 506 2352 secundum
529 2321 738 2362 praefinitum
772 2327 903 2362 tempus
929 2319 1060 2351 aPatre
1082 2321 1153 2351 uni-

158 2369 228 2395 tum
252 2374 314 2395 suo
337 2363 503 2405 plasmati,
538 2363 730 2405 passibilem
754 2365 920 2396 hominem
943 2364 1041 2394 misit.
1087 2363 1152 2395 Ex-

161 2412 209 2437 tat
233 2413 265 2437 et
284 2406 467 2439 Alexandri
490 2407 655 2449 Epistola,
690 2409 745 2449 qui
770 2409 950 2439 antecessit
975 2407 1154 2438 Athanasi-

161 2460 228 2487 um,
253 2452 308 2491 qui
332 2450 475 2483 affirmat
499 2451 586 2483 hanc
611 2452 807 2489 doctrinam,
833 2463 899 2494 qua
921 2452 965 2483 ibi
989 2450 1153 2483 refutatur

162 2492 264 2525 Arius
287 2495 329 2526 ab
354 2495 531 2536 Apostolis
555 2502 731 2537 acceptam
755 2506 842 2527 esse.

792 124 906 156 PHlL.
930 124 1035 156 MEL.
1059 124 1250 157 SCRIPTA
1272 123 1557 156 DOGMATICA.

2130 124 2196 156 364

1201 218 1476 252 TESTIMONIA
1498 218 1787 251 PROPHETICA
1817 218 1874 250 ET
1897 218 2195 251 APOSTOLICA.

1288 317 1354 347 Iam
1377 315 1596 356 adiungamus
1621 313 1792 356 Symbolis
1817 314 2007 346 testimonia
2031 324 2196 355 expressa

1200 359 1234 389 in
1257 357 1353 390 libris
1366 358 1577 400 propheticis
1598 364 1631 389 et
1644 357 1864 399 Apostolicis,
1887 364 2045 399 tanquam
2068 358 2100 388 in
2123 357 2197 389 fon-

1201 403 1301 433 tibus.
1355 401 1521 438 lohannes
1556 402 1786 442 descripturus
1821 407 1959 432 naturas
1992 401 2025 431 in
2060 400 2196 431 Christo

1203 446 1494 477 ordituradivina.
1519 445 1554 475 ln
1577 445 1740 486 principio
1765 449 1837 474 erat,
1855 444 1952 482 λόγος,
1978 444 2027 474 516
2050 445 2199 475 nominat

1202 488 1317 519 Filium
1331 488 1406 527 Dei,
1431 490 1485 530 qui
1509 495 1629 530 postea
1653 487 1811 518 assumsit
1835 487 2014 517 humanam
2031 493 2196 525 naturam,

1201 538 1239 563 ut
1261 533 1305 563 ibi
1324 533 1446 573 inquit:
1472 531 1513 562 Et
1537 532 1676 562 verbum
1700 540 1779 561 caro
1804 528 2004 561 factumest.
2051 529 2198 562 Primum

1203 582 1313 606 autem
1338 576 1378 605 de
1403 574 1461 605 illa
1484 581 1603 605 natura
1626 573 1782 615 loquens,
1806 584 1892 615 quae
1911 572 1971 605 fuit
1994 579 2071 604 ante
2089 574 2198 605 incar·

1202 619 1380 656 nationem,
1404 617 1547 649 affirmat
1575 617 1661 657 λόγον
1685 628 1762 648 6556
1785 624 1970 654 aeternum,
1995 617 2072 658 quia
2094 617 2200 658 inquit

1203 660 1310 692 fuisse
1331 668 1409 692 ante
1433 662 1650 698 creationem,
1674 667 1707 691 et
1730 661 1786 699 ait,
1809 661 1919 691 01111116
1935 671 1995 701 per
2017 661 2128 700 ipsum
2150 658 2199 691 fa-

1204 712 1256 735 cta
1281 715 1370 743 esse,
1405 710 1437 735 61
1470 705 1560 736 110116
1592 704 1680 743 λόγον
1703 705 1851 734 nominat
1874 703 2002 742 Deum,
2025 704 2199 746 inquiens:

1203 748 1245 779 Et
1268 750 1407 779 verbum
1431 754 1503 779 erat
1525 747 1631 779 Deus.
1676 748 1760 778 Nam
1785 747 1938 778 Graecus
1967 747 2129 778 articulus
2153 753 2200 778 te-

1204 798 1313 823 statur
1337 792 1424 831 267011
1447 790 1682 823 collocandum
1706 800 1783 822 esse
1807 794 1882 822 1060
1901 791 2063 828 Subiecti,
2084 796 2116 822 et
2130 789 2200 822 De-

1202 846 1257 866 um
1281 834 1359 866 loco
1384 835 1582 866 Praedicati.
1629 835 1701 866 Nec
1721 835 1920 876 ambiguitas
1941 840 1993 866 est
2012 833 2066 866 hic
2084 834 2119 865 in
2143 845 2201 876 ap-

1203 877 1384 918 pellatione
1408 878 1485 916 Dei,
1518 879 1665 909 narratio
1697 879 1782 909 enim
1815 879 1967 909 instituta
2002 883 2055 908 est
2078 878 2121 909 ad
2145 877 2200 909 de-

1204 923 1420 963 scriptionem
1441 923 1482 953 de
1507 923 1652 952 essentia
1678 923 1800 959 divina,
1824 922 1898 952 ideo
1922 919 2129 963 intelligatur
2141 930 2200 952 110-

1204 976 1280 996 men
1304 965 1368 996 Dei
1392 976 1458 996 non
1484 966 1526 996 (16
1550 964 1671 996 officiis
1696 966 1827 1003 divinis,
1853 975 1938 1006 qnae
1963 971 2084 1006 gerunt
2095 964 2201 996 homi-

1204 1019 1278 1046 nes,
1302 1015 1335 1039 nt
1356 1008 1436 1039 alibi
1461 1009 1600 1040 dicitur:
1646 1008 1719 1050 Ego
1745 1009 1811 1039 dixi
1836 1007 1891 1039 Dii
1914 1010 2009 1046 estis,
2038 1009 2100 1040 sed
2124 1018 2201 1048 pro·

1204 1053 1371 1093 111-11551016
1395 1052 1436 1083 (16
1460 1058 1611 1089 aeterna,
1637 1053 1880 1093 omnipotente,
1900 1050 2119 1094 intelligente,
2144 1052 2202 1083 bo-

1205 1106 1260 1133 na,
1279 1096 1404 1135 veraci,
1429 1096 1527 1133 insta,
1553 1101 1659 1133 casta,
1684 1097 1831 1126 essentia
1845 1096 2040 1134 conditrice,
2064 1096 2152 1126 sicut
2169 1099 2203 1126 et

1205 1145 1323 1179 postea
1343 1139 1509 1169 Iohannes
1533 1137 1691 1176 affirmat,
1715 1140 1825 1169 onmia
1848 1148 1908 1179 per
1931 1138 2021 1170 hunc
2038 1139 2125 1179 γόγον
2149 1148 2202 1169 65-

1204 1192 1243 1212 se
1267 1182 1420 1219 condita,
1456 1188 1489 1213 et
1511 1187 1622 1212 tamen
1648 1182 1828 1213 discrimen
1853 1191 1932 1212 esse
1949 1183 2035 1213 inter
2058 1182 2146 1221 λόγον
2169 1186 2204 1212 61

1205 1226 1336 1256 Patrem
1359 1226 1495 1263 indicat,
1521 1236 1595 1255 cum
1619 1225 1680 1255 ait:
1711 1225 1751 1255 Et
1776 1225 1859 1264 λόγος
1879 1232 1951 1256 erat
1974 1225 2063 1267 apud
2081 1225 2202 1256 Deum.

1205 1269 1304 1304 Quod
1338 1274 1450 1299 autem
1485 1270 1527 1299 sit
1563 1278 1710 1309 persona
1744 1278 1805 1299 560
1840 1268 2053 1309 ὑφιστάμενον,
2079 1267 2203 1300 clarius

1204 1312 1392 1343 ostenditur
1416 1322 1458 1342 ex
1481 1312 1718 1353 sequentibus:
1739 1318 1773 1342 ut
1799 1323 1874 1343 cum
1899 1312 1956 1343 ait:
1987 1311 2030 1343 Et
2052 1311 2204 1343 Verbum

1205 1366 1284 1386 caro
1303 1354 1429 1385 factum
1453 1361 1518 1392 est,
1542 1365 1619 1385 nam
1634 1354 1735 1385 Pater
1753 1365 1819 1385 non
1844 1356 2005 1386 assumsit
2023 1355 2202 1386 humanam

1205 1404 1371 1435 naturam,
1395 1398 1473 1439 quia
1501 1398 1699 1438 saepissime
1728 1398 1964 1429 discernuntur
1988 1397 2145 1429 Christus
2170 1402 2205 1429 et

1207 1441 1321 1479 Pater,
1342 1440 1498 1472 Christus
1522 1441 1578 1479 ait,
1602 1450 1641 1471 se
1664 1441 1803 1472 missum
1827 1451 1906 1472 6556
1930 1451 1950 1472 a
1972 1441 2084 1472 Patre.
2108 1440 2203 1479 Item,

1205 1485 1307 1516 Pater
1340 1495 1448 1526 usque
1481 1485 1581 1515 modo
1617 1490 1787 1524 operatur,
1823 1491 1855 1515 et
1891 1494 1956 1526 ego
1981 1493 2116 1525 operor.
2161 1482 2205 1515 Et

1206 1539 1282 1559 611111
1305 1528 1441 1559 dicitur:
1464 1527 1618 1558 Verbum
1641 1538 1721 1559 caro
1746 1527 1871 1559 factum
1889 1533 1952 1565 est,
1976 1537 2044 1558 non
2056 1526 2205 1569 loquitur

1206 1572 1248 1602 de
1272 1582 1357 1602 voce
1382 1577 1624 1609 evanescente,
1654 1581 1718 1601 1166
1747 1572 1793 1602 ait
1815 1569 1936 1602 factam
1961 1580 2039 1602 esse
2063 1581 2204 1602 conver-

1206 1616 1335 1646 sionem
1358 1615 1456 1646 unius
1481 1614 1692 1645 substantiae
1714 1615 1747 1645 in
1771 1613 1888 1653 aliam,
1913 1615 1976 1646 sed
2000 1615 2084 1646 duas
2109 1621 2204 1646 natu-

1207 1669 1263 1689 ras
1288 1669 1364 1689 esse
1387 1659 1498 1689 unitas
1522 1657 1572 1688 τόν
1595 1658 1694 1696 λόγον,
1719 1664 1753 1689 et
1777 1665 1931 1689 naturam
1949 1658 2127 1689 humanam
2150 1667 2204 1690 as-

1207 1708 1359 1741 sumtam,
1385 1703 1462 1743 quia
1488 1711 1590 1742 saepe
1614 1702 1734 1732 dicitur
1758 1702 1799 1733 de
1822 1700 1976 1741 Christo,
2011 1702 2122 1733 omnia
2143 1711 2204 1744 per

1206 1756 1281 1777 eum
1305 1746 1441 1776 condita
1464 1755 1553 1783 esse,
1579 1755 1646 1776 non
1670 1752 1749 1776 sunt
1771 1751 1883 1776 autem
1906 1755 1961 1776 res
1975 1745 2131 1776 conditae
2143 1755 2204 1786 per

1205 1795 1365 1821 naturam
1392 1789 1582 1826 humanam,
1613 1788 1706 1831 Ergo
1740 1788 1827 1828 λόγος
1857 1787 1969 1820 6(11106
2003 1794 2055 1820 651
2090 1789 2202 1827 6116111,

1205 1839 1385 1874 postquam
1408 1839 1560 1863 naturam
1579 1831 1757 1863 humanam
1781 1833 1953 1871 assumsit,
1973 1832 2049 1863 ideo
2062 1832 2141 1863 dicit
2153 1831 2204 1863 10-

1206 1877 1351 1907 hannes:
1398 1876 1433 1907 111
1457 1876 1581 1907 mundo
1605 1882 1695 1914 erat,
1720 1882 1751 1907 et
1776 1876 1918 1907 mundus
1941 1886 2001 1917 per
2024 1877 2133 1916 ipsum
2156 1874 2205 1907 sa·
2240 1890 2243 1891 ⁷

1207 1927 1283 1951 6105
1314 1926 1377 1951 651.
1424 1920 1465 1950 Ε1
1489 1918 1624 1951 Coloss.
1652 1919 1681 1951 1.
1728 1920 1846 1951 Omnia
1880 1929 1942 1961 per
1971 1920 2080 1960 ipsum
2115 1920 2205 1950 etin

1205 1965 1314 2005 ipsum
1338 1964 1473 1994 condita
1496 1969 1585 2001 sunt,
1610 1969 1642 1994 et
1660 1963 1732 2004 ipse
1755 1969 1806 1994 est
1829 1969 1907 1994 ante
1937 1963 2065 2000 omnia,
2094 1962 2205 1994 omnia

1206 2009 1396 2039 consistunt
1419 2017 1479 2048 per
1501 2008 1620 2047 ipsum.
1666 2006 1708 2037 Et
1721 2006 1861 2037 Hebrae.
1890 2006 1918 2037 1.
1942 2006 2133 2037 Novissime
2154 2005 2203 2038 lo-

1207 2058 1305 2083 cutus
1330 2057 1383 2082 651
1406 2060 1467 2091 per
1489 2049 1617 2088 Filium,
1641 2060 1738 2091 quem
1762 2051 1873 2091 posuit
1894 2049 2075 2081 haeredem
2099 2049 2203 2081 omni-

1206 2106 1273 2133 um,
1298 2104 1358 2136 per
1378 2104 1475 2136 quem
1499 2100 1532 2125 et
1556 2092 1674 2125 secula
1693 2092 1790 2131 fecit,
1817 2094 1871 2135 qui
1896 2100 1947 2124 est
1966 2092 2082 2136 fulgor
2107 2092 2203 2125 clari-

1207 2139 1297 2177 tatis,
1332 2143 1364 2169 et
1400 2137 1578 2169 character
1601 2138 1810 2168 substantiae
1834 2138 1918 2176 6105,
1942 2135 2055 2168 serens
2079 2137 2202 2177 omnia,

1207 2192 1268 2213 seu
1303 2187 1442 2224 gestans
1477 2181 1587 2212 01111116
1620 2181 1725 2212 verbo
1758 2181 1928 2222 potentiae
1962 2191 2045 2212 suae
2077 2190 2141 2223 per
2162 2189 2202 2212 se

1205 2226 1326 2267 ipsum,
1350 2223 1478 2256 faciens
1502 2225 1736 2267 purgationem
1759 2231 1988 2266 peccatorum.

1296 2303 1380 2335 Sunt
1410 2303 1511 2345 igitur
1541 2303 1625 2333 dnae
1650 2308 1790 2334 naturae
1825 2304 1858 2334 in
1887 2301 2022 2334 Christo
2051 2307 2131 2333 nato
2158 2311 2201 2334 ex

1206 2348 1347 2389 virgine,
1370 2346 1458 2386 λόγος
1483 2352 1513 2377 61
1537 2345 1681 2377 1101116116
1706 2353 1822 2377 natura
1848 2352 2008 2378 assumta.
2056 2344 2118 2376 Est
2141 2345 2202 2387 igi·

1207 2398 1259 2423 tur
1282 2391 1370 2431 λόγος
1393 2400 1552 2432 persona,
1578 2396 1609 2421 et
1633 2390 1765 2432 quidem
1788 2388 1854 2421 alia
1877 2400 1897 2421 a
1920 2399 2066 2432 persona
2078 2388 2201 2420 Patris.

1293 2476 1371 2508 Alia
1399 2477 1588 2507 testimonia
1619 2475 1723 2507 multa
1754 2482 1929 2507 simmntur
1953 2486 1994 2506 ex
2017 2475 2201 2517 proprieta-

1207 2522 1295 2552 tibus
1316 2521 1391 2558 Dei,
1416 2519 1569 2552 videlicet
1595 2530 1634 2551 ex
1660 2521 1898 2561 ‹mmipotentia
1923 2526 1953 2550 et
1978 2520 2200 2551 invocatione.

1206 2564 1320 2595 lohan.
1344 2564 1374 2594 5.
1400 2563 1500 2594 Pater
1524 2574 1618 2595 meus
1642 2574 1751 2605 nsque
1777 2564 1874 2594 modo
1899 2568 2056 2604 operatin·
2079 2569 2113 2594 et
2135 2571 2201 2604 ego

1207 2618 1340 2650 operor,
1376 2617 1462 2649 quac
1494 2605 1552 2638 ille
1586 2605 1667 2638 facit
1700 2613 1733 2638 et
1754 2606 1857 2639 Filius
1891 2604 2051 2638 similiter.
2107 2606 2201 2645 ltem,
