2383 2990
138 136 201 169 627

140 238 247 270 erant,
275 231 334 262 sed
360 231 456 262 etiam
481 228 559 261 illae
582 230 676 271 ipsae
701 229 866 260 barbarae
889 233 1019 270 gentes,
1045 237 1130 270 quae

140 277 298 307 tenebant
324 273 472 311 ltaliam,
507 283 623 304 seeum
647 272 846 303 invexerunt
875 278 931 303 aut
954 270 1055 304 facile
1078 281 1130 303 re-

142 324 302 360 ceperunt
347 316 468 348 multas
510 317 762 356 superstitiosas
797 316 984 356 opiniones.
1051 315 1129 347 Ideo

140 363 235 395 breti
261 369 409 403 tempore
433 359 531 391 valde
549 357 703 391 cumulati
727 365 806 390 sunt
829 360 966 390 abusus.

229 448 262 479 111
288 447 344 478 illa
375 446 612 478 dilaceratione
634 444 746 478 ltaliae
776 446 950 477 videbatur
973 455 1050 477 esse
1072 455 1130 487 pe-

142 491 276 524 culiaris
300 489 453 528 felicitas,
477 491 601 521 abesse
624 501 643 521 a
666 488 852 531 Republica
874 488 993 531 procul
1016 489 1047 520 in
1072 487 1130 520 ali—

142 546 207 578 qua
231 534 409 565 solitudine
444 535 585 575 degere,
620 534 692 564 sine
726 531 866 571 familia,
902 533 973 564 sine
1002 532 1130 570 liberis,

141 590 207 611 non
239 585 392 619 spectare
422 579 552 608 urbium
576 577 721 615 excidia,
756 582 788 607 et
823 577 1045 608 vastationem
1072 586 1130 617 pa-

142 623 235 654 triae.
271 621 430 652 Miserum
455 626 507 651 est
529 621 615 651 enim
640 621 750 652 dicere
774 616 868 658 illud,
892 620 981 662 quod
995 619 1130 650 Aeneas

142 667 262 707 inquit:
287 664 325 695 Ec
351 675 488 706 quorum
514 674 593 704 pars
617 674 737 705 magna
760 663 817 695 fui.
853 663 966 704 ltaque
989 662 1131 694 modesti

142 709 305 746 homines,
330 710 383 749 qui
410 707 576 738 habebant
601 706 756 745 familias,
780 706 1035 747 gratulabantur
1058 706 1131 737 Mo-

143 752 262 784 nacln‘s
295 763 389 783 suam
420 750 702 793 tranquillitatem.
750 749 808 781 Sic
831 750 936 781 crevit
958 748 1131 780 admiratio

143 795 402 835 hlouachormn,
444 802 477 826 et.
521 794 637 836 plures
678 799 862 835 coeperunt
904 802 1066 835 quaerere
1100 797 1134 823 et

144 850 257 871 amare
281 848 452 870 secessus.

231 925 360 956 Deinde
384 925 535 956 homines
559 923 693 955 barbari
712 928 830 954 natura
847 923 1007 954 mirantur
1023 931 1133 953 novos

144 970 239 1007 ritus,
264 970 317 1010 qui
341 969 486 1010 speciem
511 967 633 998 habent
656 967 794 997 eximiae
823 966 973 1007 pietatis,
1007 971 1038 996 et
1062 970 1134 996 tan-

146 1024 243 1055 quam
269 1013 454 1043 commercii
481 1022 552 1041 cum
577 1010 663 1041 Deo.
709 1008 798 1040 Nihil
821 1011 937 1040 mirum
961 1014 1012 1040 est
1035 1009 1135 1050 igitur

145 1062 225 1088 tunc
250 1062 281 1087 et
307 1056 546 1086 Monac-horum
571 1060 686 1085 coetus
701 1053 862 1090 crevisse,
888 1058 920 1083 et
939 1051 1134 1094 plausibiles

147 1101 319 1141 opiniones
346 1100 385 1129 de
410 1097 467 1128 illo
482 1107 605 1139 genere
626 1108 760 1138 operum
781 1095 878 1127 latius
897 1102 1039 1137 vag-atas
1059 1105 1136 1126 esse

148 1150 178 1174 et
203 1140 567 1183 extinctamEvangelii
586 1139 695 1172 lucem
720 1141 761 1171 de
784 1150 866 1171 vera
889 1139 966 1178 fide,
991 1144 1024 1171 et
1046 1139 1135 1171 veris

146 1186 302 1218 cultibus,

236 1272 339 1303 Grata
362 1272 458 1303 etiam
483 1270 542 1302 fuit
565 1271 717 1302 barbaris
739 1270 909 1301 veneratio
923 1269 1136 1301 Sanctorum.

150 1316 332 1357 Postquam
364 1314 468 1345 semel
493 1321 660 1355 receptum
685 1320 756 1345 erat
788 1312 852 1344 hos
883 1312 1014 1344 ethnico
1044 1322 1138 1344 more

150 1370 271 1390 ornare
295 1360 414 1390 statuis
440 1365 468 1389 01
494 1358 717 1400 peculiaribus
741 1355 890 1398 templis,
926 1357 1030 1388 crevit
1063 1366 1136 1387 11105

149 1404 330 1435 imitatione
355 1409 535 1442 potentum.
581 1401 618 1432 En
654 1399 810 1443 paulatim
835 1405 961 1432 tantum
991 1400 1138 1431 accessit

149 1447 342 1488 impietatis,
377 1452 410 1476 ut
447 1445 526 1476 nihil
558 1445 703 1476 differret
738 1445 908 1475 veneratio
938 1444 1137 1475 Sanctorum

150 1490 201 1521 liis
237 1490 480 1530 posterioribus
513 1487 636 1519 seculis
671 1499 690 1519 a
725 1486 898 1519 manifesta
922 1486 1137 1518 Etlmicorum

149 1532 348 1565 idololatria.
402 1532 646 1563 lnvocahanutr
679 1531 794 1569 Anna,
832 1531 1035 1573 Gregorius,
1070 1540 1137 1561 non

150 1576 247 1609 aliter
271 1587 367 1618 quam
393 1576 490 1609 luno,
515 1576 619 1613 Mars,
644 1582 698 1606 aut
723 1573 897 1606 Hercules.
933 1573 1139 1605 Currebatur

150 1621 192 1652 ad
217 1628 360 1657 statuas,
392 1620 427 1649 iit
453 1630 570 1661 magna
596 1619 771 1650 autoritate
801 1616 890 1649 illam
921 1617 1139 1656 εἰδωλομανιάν

153 1664 393 1695 confirmabant
418 1663 594 1704 Episcopi,
622 1663 802 1693 laudabant
826 1663 995 1699 doctoreS.
1041 1660 1083 1691 Et
1106 1661 1139 1691 in

152 1706 275 1738 talibus
301 1706 447 1738 cultibus
473 1713 543 1737 erat
568 1705 737 1748 religionis
762 1716 900 1737 summa.
947 1704 1079 1735 Interim
1099 1704 1140 1735 de

153 1750 275 1782 Christi
300 1751 528 1788 invocatione,
565 1751 606 1781 de
638 1750 701 1780 lide
726 1755 796 1782 erat.
820 1749 939 1791 ingens
963 1747 1140 1779 silentium.

240 1837 405 1878 Principia
430 1837 529 1879 igitur
555 1837 705 1868 cavenda
736 1834 869 1867 fuerunt
893 1840 1005 1866 tantae
1030 1834 1142 1876 impie-

153 1882 249 1919 tatiS‚
285 1892 369 1922 quae
404 1882 536 1922 quidem
567 1880 753 1921 Gregorius
784 1878 883 1911 valde
920 1878 1143 1915 confirmavit,

153 1926 207 1967 qui
234 1924 399 1966 publicum
424 1925 521 1955 ritum
552 1923 774 1954 {mocationis
797 1922 959 1954 Divorum
988 1921 1143 1958 instituit,

155 1970 208 2010 qui
241 1969 374 1999 ossibus
411 1974 442 1998 et
475 1966 668 2009 pulveribus
700 1977 816 1998 eorum
845 1964 968 2006 templa
996 1965 1143 1996 dedicari

153 2019 262 2043 lussit.

242 2097 335 2129 Tunc
355 2098 450 2129 etiam
476 2097 609 2138 irrepsit
633 2097 743 2137 opinio
767 2096 809 2127 de
832 2094 1001 2127 oblatione
1025 2105 1144 2136 corpo-

156 2142 202 2173 ris
227 2148 259 2172 et
283 2142 453 2183 sangui-nis
468 2140 591 2171 Christi
618 2139 769 2171 facienda
793 2150 853 2181 pro
878 2138 1026 2170 mortuis,
1052 2138 1145 2169 Haec

157 2186 267 2226 opinio
303 2186 430 2226 peperit
466 2182 657 2215 horribilem
693 2183 990 2224 prophanationem
1024 2181 1144 2213 Sacra-

156 2229 267 2260 menti.

244 2314 316 2345 Etsi
351 2314 452 2356 igitur
482 2319 558 2354 post
582 2313 735 2355 Gregorii
767 2317 909 2343 aetatem
931 2311 1077 2343 maiores
1100 2315 1146 2341 te-

157 2359 282 2389 nebrae
306 2364 443 2389 secutae
466 2364 554 2395 sunt,
579 2364 688 2388 tamen
713 2356 745 2387 hi
770 2365 901 2387 errores
926 2363 1004 2386 tunc
1027 2353 1145 2386 haese-

158 2408 233 2433 runt
264 2402 295 2432 in
320 2399 485 2432 Ecclesia.
532 2399 632 2431 Falsa
665 2401 841 2442 persuasio
866 2399 908 2430 de
931 2396 1144 2434 monachatu,

159 2445 200 2476 de
235 2445 393 2486 operibus
426 2445 499 2475 sine
522 2445 678 2476 mandato
702 2443 765 2475 Dei
795 2441 1006 2484 excogitatis.
1052 2440 1145 2471 Invo—

160 2488 247 2519 catio
279 2494 489 2526 sanctorum,
523 2494 556 2518 et
590 2486 713 2518 oblatio
746 2486 898 2528 corporis
927 2484 1050 2516 Christi
1087 2494 1146 2524 pro

159 2532 310 2563 mortuis·
346 2531 386 2562 Hi
410 2541 543 2562 errores
567 2541 720 2572 magnam
745 2530 864 2562 deinde
887 2529 1015 2560 ruinam
1039 2533 1147 2559 traxe-

159 2581 248 2607 runt.
283 2576 393 2616 ltaque
413 2575 566 2614 Gregorii
589 2581 683 2605 aetas
706 2585 772 2606 non
796 2579 909 2615 potest
933 2582 1011 2604 esse
1029 2581 1147 2603 norma

163 2617 390 2652 emendandae
413 2617 604 2657 Ecclesiae,
637 2618 729 2659 quod
757 2628 824 2659 quo
856 2617 967 2659 magis
1001 2613 1148 2658 perspici

769 132 881 165 PHIL.
904 132 1008 165 MEL.
1033 130 1222 164 SCRlPTA
1244 130 1526 163 DOG-MA'UCA.

2111 130 2177 164 628

1183 227 1309 268 possit,
1331 224 1559 257 manifestiora
1587 230 1698 256 errata
1722 224 1874 267 Gregorii
1899 224 1989 266 prius
2013 226 2176 259 recitabo,

1184 271 1303 302 deinde
1326 280 1433 311 pauca
1456 269 1497 300 de
1521 279 1628 300 coena
1650 267 1784 300 Domini
1810 268 1999 310 disputabo.
2047 268 2177 313 Grego-

1183 314 1252 345 rius
1276 312 1361 344 libro
1386 313 1417 344 3.
1462 311 1698 354 Epistularum,
1722 313 1754 343 in
1783 312 1934 354 Epistola
1957 314 1998 344 ad
2012 312 2176 345 Catanen—

1184 367 1254 389 sem
1278 356 1483 398 Episcopum
1506 357 1540 387 in
1558 355 1689 394 Sicilia,
1713 357 1885 398 praecipit:
1911 367 1952 388 ne
1970 356 2176 389 Subdiaconi

1184 406 1241 432 aut
1263 399 1406 431 Diaconi
1431 400 1674 431 consuetudine
1699 400 1876 441 coniugum
1907 406 2056 439 utantur,
2090 411 2175 442 quas

1183 449 1260 475 ante
1280 444 1522 475 ordinationem
1549 443 1726 481 duxerant,
1753 454 1826 474 cum
1851 444 1981 485 quidem
2005 449 2105 475 antea
2124 444 2174 475 Si-

1184 486 1249 519 culi
1273 492 1469 519 servassent
1493 486 1661 518 Graecum
1684 497 1821 524 morem,
1846 497 1908 518 nec
1931 487 2056 518 maritis
2079 488 2176 519 inter·

1185 531 1347 562 dixissent
1371 531 1551 572 coniugum
1575 530 1862 562 consuetudinem.
1897 529 1960 560 Hic
1984 528 2099 572 lapsus
2122 541 2175 563 sa·

1184 575 1226 605 tis
1250 573 1445 605 manifestus
1470 579 1533 604 est.
1589 573 1695 604 Nemo
1719 573 1804 604 enim
1829 574 1901 614 pius
1926 574 2175 606 distractionem

1184 616 1322 660 legitimi
1346 617 1491 659 coniugii
1513 617 1703 660 approbare
1727 622 1849 657 potest.

1271 703 1395 735 Narrat
1417 702 1524 735 tuisse
1548 704 1712 745 quendam
1737 702 1949 744 Speciosum,
1973 704 2028 745 qui
2050 701 2175 735 malue-

1185 747 1226 778 rit
1248 745 1440 789 relinquere
1463 745 1666 778 functionem
1694 747 1909 785 Subdiaconi,
1935 757 2033 788 quam
2057 757 2174 779 carere

1186 791 1339 832 coniugis
1364 791 1614 822 consuetudine.
1662 790 1724 821 Hic
1749 790 1900 832 quisquis
1930 789 2007 828 suit,
2040 791 2175 822 saniore

1185 834 1312 907 iudicip]
1331 834 1503 874 praeditus
1525 833 1599 872 fuit,
1623 844 1721 875 quam
1746 833 1804 871 illi,
1836 833 1891 875 qui
1914 832 1995 865 talia
2018 834 2174 876 coniugia

1186 878 1291 908 distra
1316 878 1426 908 ebant.

1274 963 1387 1004 Auget
1417 967 1591 1003 peccatum
1615 960 1786 1003 Gregorii,
1821 962 1911 1003 quod
1939 961 2030 992 hunc
2053 971 2177 993 morem

1188 1007 1220 1037 in
1245 1005 1367 1037 Siculis
1390 1005 1553 1037 Ecclesiis
1572 1005 1673 1046 recipi
1689 1003 1802 1041 voluit,
1827 1015 1912 1046 quae
1932 1006 1975 1036 ad
1995 1005 2026 1036 id
2046 1010 2178 1046 tempus

1188 1050 1279 1081 iuxta
1303 1050 1516 1092 Synodorum
1540 1055 1688 1080 veterum
1714 1049 1849 1079 decreta
1872 1049 2076 1080 retinuerant.
2100 1059 2178 1080 con-

1189 1094 1278 1135 iugia
1301 1094 1333 1124 in
1358 1094 1509 1124 omnibus
1535 1093 1694 1134 gradibus
1718 1090 1987 1130 Ecclesiasticis,
2011 1102 2074 1123 nec
2098 1102 2178 1123 one-

1190 1138 1309 1167 rabant
1339 1137 1427 1168 votis
1450 1135 1624 1167 Diaconos
1655 1141 1713 1166 aut
1743 1133 1838 1166 alios.
1886 1134 1955 1166 Cur
1982 1136 2081 1166 sumit
2115 1136 2180 1166 sibi

1190 1180 1375 1222 Gregorius
1398 1180 1570 1221 imperium
1591 1179 1622 1210 in
1646 1177 1774 1209 alienas
1788 1177 1985 1209 Ecclesias?
2010 1189 2085 1210 cum
2109 1179 2178 1220 qui-

1191 1224 1265 1255 dem
1295 1229 1362 1254 tam
1398 1224 1525 1265 tragice
1549 1221 1737 1253 declamitet
1767 1232 1804 1253 se
1828 1221 2010 1252 abhorrere
2038 1223 2080 1252 ab
2110 1222 2181 1253 uni-

1189 1265 1331 1299 versalis
1356 1266 1514 1307 Episcopi
1539 1265 1773 1307 appellatione.
1804 1264 1946 1303 Deinde,
1981 1275 2042 1296 0111·
2063 1265 2108 1296 ibi
2133 1265 2180 1296 di-

1191 1310 1310 1341 strahit
1334 1311 1506 1352 coniugia,
1540 1310 1596 1340 ubi
1620 1309 1763 1340 Diacoui
1793 1319 1859 1339 non
1891 1307 2024 1340 fuerant
2052 1308 2181 1340 onerati

1190 1354 1302 1385 votis?
1348 1353 1416 1385 Cur
1446 1354 1501 1385 liic
1529 1363 1597 1384 non
1625 1358 1759 1383 veretur
1787 1352 1997 1394 superiorum
2027 1352 2181 1394 Synodo-

1191 1408 1263 1429 rum
1286 1397 1516 1429 autoritatem?
1552 1396 1612 1427 Hic
1636 1395 1765 1437 lapsus,
1790 1407 1864 1427 cum
1888 1393 2098 1427 manifestam
2120 1396 2178 1426 im-

1190 1441 1346 1482 pietatem
1381 1447 1413 1472 et.
1447 1440 1656 1483 tyrannidem
1691 1439 1873 1477 contineat,
1920 1439 2001 1470 satis
2044 1443 2183 1480 apparet

1191 1490 1333 1516 aetatem
1375 1484 1530 1527 Gregorii
1564 1494 1632 1515 non
1673 1481 1777 1514 fuisse
1815 1482 1887 1514 siue
1927 1482 2058 1524 magnis
2091 1491 2182 1513 erro-

1190 1529 1294 1560 ribus.

1279 1614 1368 1646 Idem
1399 1624 1498 1656 quam
1521 1613 1663 1644 iniustus
1689 1618 1740 1644 est
1763 1613 1928 1644 adversus
1951 1622 2029 1650 005,
2055 1613 2109 1654 qni
2133 1613 2182 1644 in-

1192 1656 1302 1689 fantes
1332 1659 1364 1689 in
1386 1657 1597 1688 monasteriis
1622 1656 1752 1688 educati
1781 1654 1911 1687 fuerant
1941 1655 2035 1686 iussu
2064 1667 2182 1697 paren-

1193 1707 1273 1739 tum,
1299 1707 1331 1733 et
1354 1707 1472 1742 postea
1496 1699 1573 1731 facti
1596 1701 1740 1741 puberes
1763 1698 1851 1730 aliud
1876 1699 1965 1730 vitae
1996 1709 2103 1741 genus
2127 1709 2182 1730 ex·

1193 1744 1375 1786 petebant?
1419 1743 1473 1775 De
1495 1743 1548 1775 his
1571 1743 1773 1784 respondet,
1797 1741 1891 1773 nefas
1917 1752 1993 1773 esse
2019 1742 2102 1773 tales
2126 1742 2182 1775 <le-

1195 1799 1309 1820 serere
1331 1788 1431 1819 vitam
1456 1787 1683 1818 monasticam.
1714 1785 1807 1817 Haec
1825 1786 1962 1817 durities
1976 1796 2040 1816 non
2055 1796 2094 1817 eo
2112 1791 2183 1816 tan-

1195 1838 1262 1863 tum
1286 1830 1562 1872 reprehendenda
1586 1836 1654 1867 est,
1691 1831 1767 1872 quia
1791 1830 1891 1860 aetati
1916 1828 2003 1860 sacta
2028 1835 2078 1860 est
2101 1829 2183 1860 iniu-

1195 1876 1255 1914 ria,
1279 1876 1339 1906 sed
1364 1875 1471 1912 etiam,
1496 1874 1572 1916 quia
1593 1872 1692 1905 valde
1711 1872 1919 1905 confirmavit
1932 1873 2183 1914 superstitiosas

1197 1920 1370 1961 opiniones
1394 1919 1435 1950 de
1454 1917 1651 1949 monasticis
1676 1916 1830 1948 cultibus.

1283 2000 1415 2037 Addam
1445 2004 1577 2035 tertium
1608 2009 1752 2034 erratum
1783 2013 1849 2033 non
1876 2003 2067 2033 obscurum.
2112 2001 2184 2034 Μο-

1196 2055 1292 2082 vetur
1315 2049 1467 2089 spectris,
1491 2053 1526 2078 ut
1550 2047 1743 2088 comprobet
1763 2044 1964 2077 oblationem
1977 2045 2185 2077 sacramenti

1197 2103 1257 2134 pro
1292 2092 1441 2123 mortuis.
1487 2090 1609 2121 Narrat
1644 2091 1745 2128 (11105,
1780 2090 1835 2130 qui
1868 2095 1943 2130 post
1978 2095 2118 2120 mortem
2152 2089 2185 2120 in

1198 2135 1327 2167 balneis
1352 2135 1552 2172 servierunt,
1577 2143 1715 2175 quorum
1739 2132 1825 2163 alter
1843 2133 1968 2172 petivit,
2004 2137 2039 2163 ut.
2062 2142 2123 2172 pro
2147 2142 2186 2163 se

1198 2179 1292 2210 fieret
1316 2177 1441 2210 oblatio
1466 2177 1685 2215 Sacramenti,
1708 2182 1744 2207 ut
1766 2177 1808 2206 ab
1832 2175 1898 2206 illis
1922 2176 2040 2216 poenis
2065 2174 2184 2206 libera-

1197 2228 1299 2254 retur.
1345 2222 1398 2252 Ab
1421 2220 1473 2251 his
1496 2220 1638 2261 spectris
1662 2220 1761 2250 sumit
1784 2220 1939 2260 dogmata
1970 2220 2002 2249 in
2032 2217 2186 2250 Ecclesia

1199 2271 1317 2297 contra
1335 2263 1544 2296 manifestum
1569 2263 1757 2294 mandatum
1780 2261 1863 2300 Dei,
1887 2261 1987 2293 Deut.
2011 2261 2064 2293 38.
2109 2261 2186 2292 Non

1199 2319 1345 2352 quaeras
1379 2318 1400 2339 a
1427 2307 1565 2338 mortuis
1594 2307 1777 2338 veritatem.
1823 2305 1863 2336 Et
1887 2305 1966 2336 Esa.
1989 2305 2021 2337 S.
2069 2304 2186 2336 Utrum

1198 2352 1342 2395 populus
1367 2361 1386 2382 a
1409 2350 1483 2382 Deo
1508 2350 1638 2392 quaerit
1657 2349 1866 2381 veter-itatem
1890 2359 1951 2390 pro
1976 2348 2073 2387 vivis,
2100 2358 2143 2379 an
2166 2357 2187 2379 a

1199 2395 1361 2428 mortuis?
1414 2393 1504 2436 Erga
1528 2392 1769 2436 qualiscunque
1797 2398 1849 2423 est
1872 2392 2053 2423 animarum
2077 2396 2186 2423 status

1197 2445 1274 2481 post
1303 2439 1392 2470 hanc
1423 2439 1545 2476 vitam,
1579 2442 1689 2468 tamen
1720 2446 1740 2467 a
1763 2436 1907 2477 spectris
1936 2446 2002 2467 non
2033 2440 2110 2466 sunt
2132 2443 2187 2465 su·

1198 2482 1317 2514 menda
1340 2482 1507 2523 dogmata.
1552 2478 1682 2511 Deinde
1706 2480 1780 2522 quis
1809 2489 1876 2510 non
1900 2479 1990 2510 videt
2018 2479 2186 2520 poeticum

1199 2536 1288 2565 esse,
1312 2526 1400 2567 quod
1425 2524 1502 2557 dicit
1527 2524 1600 2565 pios
1619 2529 1697 2565 post
1720 2529 1858 2554 mortem
1883 2521 1992 2553 factos
2016 2531 2093 2552 esse
2115 2519 2186 2551 bal-

1199 2568 1378 2601 neatores?
1423 2566 1543 2600 Similis
1576 2565 1689 2599 tabula
1717 2573 1770 2598 est
1804 2571 1990 2597 commento
2025 2565 2067 2596 de
2103 2562 2185 2595 filia-

1199 2615 1262 2646 bus
1285 2612 1407 2652 Danai,
1430 2612 1486 2654 qui
1508 2610 1663 2644 hauriunt
1685 2620 1806 2653 aquam
1830 2609 1959 2641 cribris.
