2383 2990
127 101 168 132 Li

171 101 191 131 vt

758 95 870 127 PHIL.
894 94 996 127 MEL.
1021 93 1206 126 SfRn’TA
1229 92 1510 125 DoGMA'rtcA.

199 301 552 344 SENTENTIAE
584 299 662 339 EX
696 297 893 340 SACRIS
927 297 1251 339 SCRIPTURIS
1286 295 1634 346 COLLEGTAE,
1670 294 1827 345 QUAE
1861 293 2092 335 DOCENT

267 386 637 429 PRAECIPUUM
671 385 907 427 CULTUM
940 385 1034 425 DEI
1066 383 1205 435 ESSE,
1238 382 1592 425 PROMOVERE
1624 381 2014 423 EVANGELIUM.

980 496 1316 538 PRAEFATIO.

218 611 252 642 ln
278 611 402 642 Genesi
427 611 627 641 describitur
651 609 761 640 odium
786 615 818 639 et
842 609 982 640 saevitia
996 607 1118 639 diaboli

129 657 295 688 adversus
321 654 488 686 Christum
524 660 555 685 et
579 654 727 684 membra
752 651 893 690 Christi,
918 663 992 683 cum
1016 652 1121 693 inquit

131 699 322 740 Scriptura:
343 698 491 739 Serpens
516 697 679 728 mordebit
705 695 898 727 calcaneum
930 696 1010 727 eius.
1058 695 1120 726 Hic

129 753 265 775 morsus
290 752 387 783 quam
419 741 460 772 sit
484 746 599 779 atrox,
630 738 721 771 nulla
745 739 889 771 humana
921 750 985 771 vox
1011 737 1121 780 eloqui

130 792 250 827 potest.

218 872 366 903 Incendit
390 870 545 902 diabolus
561 871 691 912 impios,
714 877 747 902 ut
773 868 1122 901 lacerent'Ecclesiam

130 914 348 948 horribilibus
368 915 564 957 parricidiis,
578 915 657 945 serit
671 912 842 951 scandala,
858 914 1032 944 insidiatur
1046 923 1122 943 san-

133 961 213 998 6115,
247 966 282 991 01
308 969 367 990 eos
391 959 423 989 in
450 968 586 990 errores
611 964 641 989 et
672 963 812 999 peccata
838 958 1051 998 praecipitet,
1088 962 1121 987 ut

130 1003 298 1035 Davidem
324 1003 421 1033 traxit
444 1003 477 1033 in
501 1000 711 1032 adulterium.
758 1000 791 1031 ld
816 1007 990 1042 peccatum
1004 1006 1122 1031 secuta

131 1053 184 1079 est
208 1047 338 1083 seditio,
362 1046 481 1076 deinde
504 1044 584 1087 fuga
607 1044 761 1082 Davidis⁴‚
787 1045 910 1075 caedes
935 1044 1067 1082 civium,
1091 1050 1121 1074 et

131 1089 195 1123 alia
219 1090 366 1131 ingentia
400 1094 552 1131 peccata.
599 1088 655 1120 Sic
679 1088 767 1120 omui
796 1094 946 1129 tempore
970 1086 1124 1118 diabolus

131 1140 165 1167 61,
200 1134 387 1165 deformare
430 1139 461 1164 et
497 1131 610 1163 delere
644 1132 745 1163 variis
791 1132 899 1163 modis
934 1130 1124 1162 Ecclesiam

132 1178 254 1210 Christi
280 1183 429 1215 conatur,
454 1183 489 1208 ut
512 1175 647 1207 aboleat
659 1186 772 1207 veram
795 1176 991 1212 doctrinam,
1017 1181 1049 1206 et
1068 1185 1124 1206 ve-

131 1233 189 1253 ros
212 1220 277 1252 Dei
303 1220 421 1251 cultus.
470 1220 645 1251 Adversus
675 1219 766 1250 hunc
787 1224 852 1250 tam
884 1219 1036 1250 rabidum
1067 1220 1125 1249 110-

132 1272 217 1296 51601
242 1265 361 1295 armari
385 1274 448 1294 nos
479 1264 581 1294 verbo
606 1262 669 1294 Dei
705 1269 737 1294 et
761 1262 826 1294 fide
851 1268 992 1304 oportet.
1041 1260 1125 1292 Cum

132 1310 231 1351 igitur
261 1309 410 1349 tyrannis
436 1308 606 1348 impiorum
637 1305 774 1344 multos,
805 1307 859 1348 qui
884 1313 1005 1337 norunt
1039 1307 1125 1347 piam

134 1352 338 1389 doctrinam,
373 1351 554 1389 deterreat,
589 1361 655 1392 quo
687 1351 793 1382 minus
827 1349 979 1381 confiteri
1003 1349 1126 1386 ausint,

134 1395 258 1437 collegi
279 1395 474 1433 5601601135,
498 1400 530 1426 61
554 1394 596 1425 311
615 1394 866 1426 confirmandos
880 1404 951 1431 eos,
975 1394 1030 1436 qui
1051 1403 1125 1424 con-

133 1440 280 1477 fitentur,
304 1444 335 1470 et
366 1439 408 1470 ad
435 1438 636 1470 erudiendos
661 1444 693 1469 et
717 1438 913 1469 excitandos
937 1439 1125 1479 segniores,

134 1490 170 1516 ut
194 1483 300 1514 sciant
325 1481 435 1513 Deum
469 1482 649 1524 praecipue
679 1481 832 1523 flagitare
868 1480 956 1512 hunc
991 1479 1127 1517 cultum,

134 1534 170 1559 ut
195 1526 422 1564 confiteamur,
441 1532 476 1558 ut
490 1524 705 1557 conferamus
724 1523 912 1563 consilium,
937 1530 968 1556 et
982 1524 1127 1555 studium

136 1571 178 1602 ad
203 1569 446 1607 illustrandam,
470 1569 513 1600 ad
537 1569 789 1611 propagandam
812 1579 932 1609 puram
953 1566 1128 1610 Evangelii

137 1615 333 1646 doctrinam.
380 1613 451 1644 Nec
481 1613 524 1644 ab
552 1612 617 1644 1106
640 1611 752 1645 oflicio
778 1613 938 1644 deterreri
962 1621 1026 1643 nos
1050 1609 1128 1642 ullis

136 1656 293 1700 periculis
317 1655 459 1698 publicis
484 1662 540 1688 aut
562 1657 700 1698 privatis
729 1657 886 1687 sinamus.
922 1656 957 1687 ln
982 1665 1130 1697 quocun-

140 1711 205 1743 que
230 1702 316 1732 vitae
341 1711 464 1742 genere
489 1701 651 1738 versaris,
670 1698 778 1739 effice,
802 1707 836 1731 ut
861 1698 973 1731 luceat
997 1698 1130 1730 conses-

139 1746 206 1782 sio,
230 1751 265 1776 ut
286 1744 409 1786 aliquid
433 1742 564 1775 consilii
589 1750 620 1775 et
644 1754 768 1785 operae
793 1742 950 1775 conferas
980 1744 1022 1774 ad
1055 1753 1130 1784 prov*

138 1788 327 1820 vehendum
357 1786 588 1829 Evangelium.
642 1787 674 1820 Si
705 1788 795 1829 geris
819 1787 1066 1829 magistratum,
1101 1785 1130 1816 si

140 1833 308 1875 gubernas
331 1830 471 1863 aliorum
496 1829 655 1869 consilia,
689 1831 717 1861 si
746 1832 829 1862 civis
854 1841 909 1869 65,
944 1830 1130 1862 memineris

140 1882 241 1907 totam
264 1875 351 1906 113116
376 1875 684 1914 11136506161316111
716 1873 941 1915 principaliter
969 1875 1010 1905 ad
1042 1873 1131 1905 hunc

140 1919 240 1950 finem
265 1920 420 1950 divinitus
443 1919 623 1950 institutam
648 1928 734 1953 esse,
757 1924 794 1949 ut
812 1917 906 1949 Deus
930 1919 1130 1953 innotescat,

141 1969 177 1995 ut.
201 1961 255 1993 alii
290 1962 375 1994 alios
400 1963 440 1993 de
466 1973 546 1994 vera
581 1962 743 2004 religione
766 1962 916 1993 doceant.
966 1962 1045 1993 Sine
1068 1961 1132 1992 1136

143 2004 359 2038 confessione
395 2012 530 2038 caetera
554 2004 664 2037 officia
690 2005 763 2036 Deo
792 2016 859 2036 11011
884 2003 1025 2046 placent.
1073 2005 1134 2035 lta-

143 2060 207 2091 que
243 2050 274 2080 in
298 2050 379 2090 ipsis
402 2051 577 2090 precibus,
612 2060 696 2091 quas
732 2050 927 2087 recitamus,
962 2049 1134 2090 Scriptura
1161 2058 1162 2063 ¹

142 2103 207 2124 nos
230 2094 403 2131 3111110061,
438 2094 685 2124 invocationem
708 2093 782 2124 sine
813 2091 878 2125 hoc
903 2093 994 2123 cultu
1019 2099 1133 2123 contn-
1161 2089 1162 2094 ¹

143 2136 316 2168 1061105310
352 2146 448 2174 6556,
483 2137 647 2168 adversus
682 2137 801 2167 Deum.
849 2137 923 2171 Quo
959 2147 1032 2170 ore,
1069 2147 1134 2177 qua

144 2181 349 2212 conscientia
372 2186 469 2221 potes
488 2181 612 2211 dicere:
638 2179 872 2211 Sanctificetur
890 2190 1011 2211 nomen
1030 2186 1134 2218 11111111,
1161 2176 1162 2211 ἶ
1186 2180 1348 2211 movenda
1374 2176 1548 2220 Evangelii
1572 2177 1814 2219 propagatione
1838 2181 2020 2216 praestato,

1173 609 1204 639 id
1231 613 1294 646 est,
1318 605 1432 645 effice,
1468 613 1503 637 111
1526 612 1617 637 recte
1642 610 1868 647 agnoscatur,
1901 611 1933 635 et
1956 605 2164 645 praedicetur

1174 661 1293 682 nomen
1319 656 1420 689 tumn,
1445 651 1472 681 si
1492 657 1526 681 tu
1551 651 1633 690 ipse,
1658 649 1770 679 sciens
1784 649 1967 687 veritatem,
1991 649 2073 680 sinis
2092 658 2165 679 63111

1175 694 1334 736 opprimi,
1357 700 1413 725 aut
1439 693 1617 727 confirmas
1641 693 1759 733 impios
1782 691 1910 730 cultus,
1938 702 2005 723 non
2029 689 2163 724 confers

1175 738 1319 769 studium
1349 738 1390 768 ad
1414 736 1634 768 illustrandos
1658 746 1758 767 veros
1788 734 1909 767 cultus.
1955 735 2030 771 Quo
2054 735 2163 766 animo

1175 782 1279 813 audes
1305 782 1461 812 invocare
1486 781 1612 818 Deum,
1637 781 1664 810 .κὶ
1688 781 1760 820 ipse
1783 780 1914 811 adiutor
1945 790 2001 817 65,
2035 786 2071 811 01
2094 780 2164 810 eius

1175 825 1291 856 notitia
1315 826 1475 856 obruatur
1499 824 1668 855 tenebris?

1263 912 1348 942 Nam
1373 912 1503 942 exaudit
1534 910 1628 941 Deus
1653 920 1728 948 eos,
1756 911 1809 951 qui
1834 910 1939 951 ipsius
1965 909 2105 952 gloriam
2129 907 2165 939 il·

1176 955 1311 987 lustrari
1348 961 1380 986 et
1411 955 1560 996 conspici
1590 952 1723 991 11010111,
1757 955 1842 985 sicut
1869 952 1991 984 Psalm.
2026 953 2076 984 16.
2106 953 2165 984 ait:

1177 1000 1252 1030 Non
1278 1009 1336 1030 ero
1362 1009 1486 1029 memor
1510 998 1651 1029 nominis
1675 1007 1791 1028 eorum
1815 1003 1877 1028 etc.
1924 997 1998 1028 Hoc
2028 996 2166 1028 horren-

1178 1044 1254 1074 dum
1285 1048 1460 1083 peccatum
1489 1053 1563 1074 cum
1587 1041 1684 1082 pauci
1707 1039 1911 1082 intelligant,
1935 1040 2167 1072 admonendae

1177 1092 1254 1118 sunt
1278 1084 1464 1117 Ecclesiae.
1511 1085 1585 1120 Qua
1610 1085 1815 1116 conscientia
1844 1082 1930 1125 legis
1953 1085 1984 1114 in
2017 1083 2167 1115 Psalmo:

1177 1130 1417 1161 Laudationem
1430 1128 1564 1160 Domini
1591 1127 1745 1170 loquetur
1764 1139 1802 1159 05
1826 1138 1946 1165 meum,
1970 1128 2004 1159 Si
2029 1137 2096 1158 non
2113 1137 2168 1158 cu-

1178 1185 1233 1205 ras
1268 1170 1429 1204 celebrari
1455 1183 1553 1204 veras
1583 1171 1647 1203 Dei
1682 1171 1818 1203 laudes?
1863 1171 1968 1202 Nemo
2003 1171 2169 1202 existimet

1178 1218 1265 1250 hanc
1300 1228 1414 1249 curam
1439 1216 1518 1248 nihil
1543 1217 1584 1248 ad
1606 1226 1642 1247 se
1666 1216 1848 1257 pertinere,
1883 1215 1943 1245 sed
1977 1220 2104 1245 tantum
2127 1213 2169 1244 ad

1179 1262 1347 1293 doctores.
1383 1262 1508 1291 Omnes
1534 1261 1574 1291 ad
1599 1259 1665 1291 1106
1688 1260 1867 1301 praecipue
1893 1259 2017 1289 conditi
2042 1267 2169 1295 sumuS,

1178 1306 1220 1336 ad
1244 1304 1310 1336 hoc
1334 1306 1438 1336 renati
1463 1314 1595 1342 500105,
1629 1310 1664 1334 ut
1693 1314 1752 1345 per
1784 1314 1845 1334 1105
1869 1301 1978 1333 luceat
2005 1312 2083 1333 vera
2106 1299 2170 1332 Dei

1178 1349 1308 1387 notitia,
1333 1348 1419 1379 sicut.
1434 1347 1558 1379 Paulus
1582 1354 1680 1379 vocat
1705 1345 2037 1384 Thessalonicenses,
2062 1343 2170 1376 lucer-

1179 1404 1241 1424 nas
1269 1392 1392 1423 mundi.
1439 1391 1480 1422 Et
1506 1391 1625 1422 Petrus
1649 1391 1710 1429 ait,
1746 1402 1808 1421 nos
1837 1391 1912 1421 ideo
1947 1400 1987 1420 ex
2024 1388 2170 1420 tenebris

1179 1442 1321 1468 vocatos
1347 1446 1435 1474 6556,
1460 1442 1493 1467 01
1511 1434 1744 1467 annuntiemus
1763 1444 1802 1465 ac
1821 1432 2031 1466 celebremus
2048 1432 2171 1464 doctri-

1180 1491 1256 1511 nam
1281 1478 1471 1510 coelestem.

1268 1566 1365 1598 Hunc
1389 1566 1486 1597 finem
1511 1573 1541 1596 et
1568 1576 1707 1607 scopum
1727 1565 1868 1595 omnium
1890 1564 2101 1605 negotiorum
2125 1568 2172 1592 at-

1182 1621 1246 1653 que
1270 1611 1436 1641 actionum
1461 1610 1557 1640 001115
1581 1618 1826 1651 proponamus,
1861 1613 1897 1639 ut
1930 1608 1963 1638 in
1995 1606 2081 1637 omni
2106 1605 2172 1637 vita

1183 1656 1325 1686 emineat
1349 1654 1492 1685 studium
1517 1653 1697 1691 iuvandae,
1734 1652 1917 1689 ornandae,
1948 1649 2173 1682 celebrandae

1183 1708 1283 1730 verae
1308 1698 1481 1729 doctrinae
1505 1703 1533 1728 et
1562 1707 1662 1728 verae
1685 1695 1828 1737 pietatis.
1865 1694 1932 1725 Pro
1956 1693 2020 1725 hac
2044 1691 2171 1735 profes—

1183 1743 1278 1773 sione
1302 1742 1415 1773 subire
1439 1748 1468 1771 et
1490 1739 1640 1782 pericula
1665 1747 1694 1771 et
1710 1739 1901 1777 certamina,
1924 1738 2021 1769 etiam
2035 1742 2175 1768 mortem

1184 1792 1355 1827 oppetere,
1379 1795 1542 1816 summum
1566 1790 1616 1815 est
1641 1782 1854 1821 sacrificium,
1877 1789 1908 1814 et
1928 1781 2002 1813 Deo
2026 1781 2177 1823 gratissi·

1184 1841 1291 1867 mum,
1314 1830 1345 1860 in
1371 1828 1440 1867 his,
1465 1828 1518 1871 qui
1545 1828 1683 1859 credunt
1708 1826 1852 1858 Christo.
1899 1826 1951 1857 Ad
1975 1824 2072 1857 huius
2097 1823 2177 1855 tanti

1185 1873 1285 1905 officii
1310 1873 1545 1915 cogitationem
1570 1880 1601 1903 ut
1628 1872 1856 1903 accendantur
1879 1870 1989 1907 animi,
2013 1866 2178 1900 collectae

1185 1923 1261 1949 sunt
1286 1917 1349 1948 hae
1374 1918 1578 1954 Sententiae,
1608 1926 1692 1957 quae
1726 1926 1793 1947 non
1817 1915 1858 1945 ab
1889 1913 2033 1945 humana
2056 1911 2177 1943 autori-

1185 1967 1251 1992 tate
1275 1967 1367 1992 ortae
1391 1966 1485 1997 5001,
1517 1960 1576 1990 sed
1603 1966 1679 1990 sunt
1702 1969 1805 1990 voces
1830 1957 2011 1994 coelestes,
2036 1965 2177 1997 quarum

1187 2010 1412 2046 contemptum
1425 2003 1518 2034 Deus
1543 2004 1734 2045 ingentibus
1758 2002 1875 2043 poenis
1900 2002 1931 2032 in
1955 2000 2019 2031 hac
2043 2000 2120 2039 vita,
2145 2004 2178 2029 61

1185 2055 1262 2090 post
1286 2048 1372 2080 hanc
1397 2048 1496 2078 vitam
1517 2048 1633 2088 punire
1658 2044 1762 2077 solet:
1797 2044 1839 2076 Ut
1863 2045 1963 2087 igitur
1987 2044 2018 2075 in
2043 2043 2178 2074 invoca-

1186 2093 1275 2123 tione
1299 2102 1364 2123 non
1391 2090 1549 2122 reclamet
1573 2091 1630 2121 tibi
1656 2089 1874 2125 conscientia,
1898 2095 1933 2119 ut
1956 2097 2077 2129 preces
2102 2093 2176 2117 tuas

1186 2136 1341 2167 exaudiat
1364 2134 1477 2172 Deus,
1511 2133 1599 2165 hunc
1625 2132 1747 2164 cultum
1771 2134 1812 2163 de
1835 2131 2023 2163 adiuvanda
2046 2136 2077 2162 et
2100 2139 2178 2171 pro-

511 2329 868 2372 SENTENTIAE
901 2331 976 2371 DE
1009 2329 1413 2371 PROMOVENDO
1447 2324 1794 2370 EVANGELIO.

521 2457 651 2489 Exodi
677 2457 751 2489 XX.

149 2588 233 2618 deos
257 2586 385 2618 alienos
411 2598 522 2620 coram
547 2599 610 2620 1116.

1276 2458 1350 2489 Non
1375 2467 1528 2489 assumes
1553 2467 1673 2488 nomen
1687 2455 1819 2487 Domini
1832 2454 1895 2486 Dei
1921 2456 1965 2487 tui
1990 2455 2021 2486 in
2046 2465 2178 2493 vanum,

1160 2493 1162 2527 5
1189 2511 1253 2532 nec
1277 2501 1361 2532 enim
1385 2501 1519 2532 babebit
1555 2501 1719 2531 insontem
1744 2498 1926 2536 Dominus,
1960 2499 2015 2541 qui
2048 2508 2178 2530 assum—

234 2542 308 2585 Ego
334 2554 407 2575 sum
431 2543 596 2576 Dominus
619 2544 714 2576 Deus
751 2552 838 2576 tuus.
883 2544 958 2576 Non
994 2545 1136 2576 habebis
1161 2546 1163 2582 ἶ
1190 2546 1291 2587 pserit
1312 2555 1431 2576 nomen
1456 2545 1591 2577 Domini
1614 2542 1678 2575 Dei
1704 2543 1754 2574 sui
1778 2542 1911 2574 frustra.
