2383 2990
186 133 250 165 4⁰7

186 227 342 266 affectus,
378 227 498 269 quibus
522 233 631 257 tamen
663 231 847 266 repugnant
872 225 994 263 renati,
1028 230 1060 256 et
1082 223 1176 256 multi

187 269 304 313 lapsus
328 271 535 313 ignorantiae
560 276 592 300 et
616 269 816 301 omissionis

274 314 334 345 Hic
359 315 453 345 etiam
479 322 619 344 net-esse
653 318 704 343 est.
733 318 847 343 taxare
878 317 997 342 tetrum
1028 321 1175 342 errorem

186 357 447 394 Monachoruni‚
483 358 536 398 qui
573 356 705 386 nimium
739 360 961 386 extenuarunt
999 361 1174 396 peccatum

186 400 337 438 Vcniale‚
361 407 393 431 et
418 400 580 430 tinxerunt
605 409 681 430 esse
705 400 871 429 actionem
895 404 1028 440 praeter
1051 397 1173 439 Legem

185 444 268 481 Dei,
292 455 357 474 non
383 450 498 474 contra
525 443 650 484 Legem
674 441 748 473 Dei.
795 442 866 472 Nos
902 442 1046 472 sciamus
1078 442 1174 472 etiam

185 487 269 518 haec
304 497 389 528 quae
424 487 455 517 in
490 488 612 517 renatis
647 487 859 516 nominantur
895 484 1061 523 Venialia,
1096 495 1173 515 esst·

184 529 269 562 mala
292 530 473 572 pugnantia
497 540 570 560 cuin
595 529 687 571 Lege
705 528 780 566 Dei,
805 534 840 559 ut
863 529 1099 566 dubitationes,
1125 538 1175 558 er-

184 580 298 605 rantes
320 574 472 604 flammae
486 574 681 605 vitiosorum
707 572 894 610 affectuum,
920 573 1041 613 quibus
1065 578 1174 602 tumen

184 617 290 648 renati
316 623 514 658 repugnant.
547 616 688 651 Quando
709 622 818 647 autem
842 615 874 646 hi
899 615 952 657 qui
977 614 1105 646 fuerant
1125 624 1174 644 re-

184 661 263 697 nati,
298 659 455 691 labuntur
491 666 608 690 contra
643 660 904 697 conscientiam,
934 664 991 689 aut
1025 659 1176 688 amittunt

183 702 444 741 fundamentum,
469 704 500 734 id
526 709 588 740 est,
614 704 842 734 assentiuntur
861 703 979 741 impiae
1003 702 1175 732 doctrinae

185 754 299 779 contra
313 745 473 777 articulos
488 746 575 784 fidei,
599 757 658 777 seu
677 746 864 788 ignorantia
883 744 1058 776 defendant
1075 743 1173 782 salsa,

184 801 245 821 seu
269 791 428 825 scientes,
454 796 591 831 propter
614 789 692 820 talia
711 789 798 820 iacta
825 788 938 830 tapsus
964 788 1079 819 amittit
1100 799 1175 829 gra-

184 835 261 865 tiain
287 839 317 865 et
342 834 500 874 Spiritum
524 839 688 870 sanctuni,
712 839 744 863 et
768 844 885 863 rursus
911 832 943 862 fit
969 842 1047 862 rcus
1071 839 1175 861 aeter-

183 888 245 909 nae
269 887 412 918 poenae,
438 883 471 908 et
494 877 559 907 ruit
582 877 613 907 in
638 883 795 907 aeternos
817 876 996 912 cruciatus,
1024 875 1084 905 nisi
1106 885 1175 905 rur-

184 931 244 952 sus
269 920 322 951 fiat
349 921 527 952 conversio
560 920 600 950 ad
628 919 749 950 Deum:
786 918 877 950 Talis=
912 917 1027 959 lapsus
1058 918 1175 949 iteruin

184 972 234 995 est
249 974 395 1006 regnans
409 969 594 1005 peccatum,
607 969 639 994 et
652 964 840 993 nominatur
852 961 1005 999 Mortale,
1020 960 1174 999 Actuale,

185 1008 274 1050 quod
309 1013 359 1038 est
395 1006 545 1038 videlicet
588 1006 676 1037 actio
719 1006 871 1042 interior,
916 1016 976 1036 seu
1018 1005 1175 1042 exterior,

184 1061 339 1093 pugnans
365 1061 439 1081 cuni
462 1050 554 1091 Lege
567 1049 643 1088 Dei,
668 1048 757 1080 facta
782 1055 897 1080 contra
922 1050 1174 1086 conscientiam,

184 1105 245 1125 seu
280 1105 374 1125 error
411 1094 441 1124 in
477 1092 619 1124 articulo
656 1093 766 1131 Fidei,
801 1100 938 1134 propter
972 1102 1058 1134 quae
1088 1090 1176 1122 mala

183 1136 299 1178 lapsus
324 1147 439 1168 rursus
465 1136 498 1167 fit
523 1147 598 1167 reus
623 1143 778 1167 aeternae
802 1137 882 1173 irae,
918 1136 979 1166 nisi
1016 1135 1073 1166 fiat
1097 1145 1175 1165 con-

184 1182 309 1212 versio.
368 1180 466 1215 Quod
502 1181 587 1210 enim
622 1179 723 1221 aliqui
761 1179 981 1217 contendunt,
1016 1184 1051 1209 ut
1087 1178 1176 1208 Ana-

184 1225 361 1266 baptistae,
387 1230 418 1255 et
437 1222 503 1259 alii,
527 1222 633 1254 semel
656 1228 792 1254 renatos
812 1233 878 1253 non
905 1232 1006 1264 posse
1026 1222 1176 1253 amittere

185 1268 337 1310 gratiani,
361 1273 393 1298 et
413 1267 567 1308 Spiritum
587 1272 751 1303 sanctum,
774 1264 970 1297 manifestus
994 1276 1089 1296 error
1112 1271 1175 1302 est,

185 1318 216 1342 et
238 1311 429 1342 necessario
449 1310 757 1351 reprehendemlus,
781 1311 856 1341 ideo
874 1308 1050 1340 manifesta
1069 1318 1176 1339 exeni-

184 1353 241 1397 pla
264 1355 402 1390 addam,
440 1353 545 1395 Adam
575 1359 607 1384 et
630 1353 702 1384 Eva
732 1359 827 1384 erant
849 1351 1005 1394 tempium
1029 1352 1111 1390 Dei,
1145 1358 1178 1382 et

186 1403 283 1430 erant
307 1396 421 1435 electi,
453 1402 486 1427 et
508 1402 618 1427 tamen
643 1407 760 1427 revera
789 1397 820 1427 in
843 1395 941 1437 lapsu
965 1396 1076 1427 aversi
1101 1401 1179 1427 sunt

185 1452 206 1473 a
228 1440 316 1479 Deo,
340 1446 373 1471 et
395 1441 567 1471 desierunt
590 1450 667 1470 esse
687 1438 842 1480 templum
855 1439 930 1478 Dei,
950 1446 982 1470 et
1005 1438 1083 1470 facti
1102 1444 1179 1469 sunt

187 1485 235 1516 rei
265 1490 422 1515 aeternae
446 1484 537 1521 irae,
572 1484 663 1515 Sicut.
688 1484 790 1524 iuquit
813 1482 956 1514 Paulus:
993 1483 1058 1513 Per
1081 1483 1177 1513 unius

185 1528 331 1559 hominis
354 1533 527 1568 peccatum
551 1527 686 1558 intravit
710 1536 799 1557 mors
824 1532 887 1557 etc.
923 1525 1023 1557 Dent.
1043 1525 1074 1556 9.
1110 1525 1178 1556 Atl-

187 1582 308 1603 versus
332 1570 502 1602 Aaronem
526 1569 625 1602 valde
657 1571 760 1601 iratus
785 1575 838 1600 est
860 1569 1041 1607 Dominus,
1065 1574 1100 1599 ut
1123 1569 1178 1599 de-

185 1613 270 1646 leret
293 1626 378 1652 eum,
402 1614 464 1645 sed
487 1625 548 1655 pro
572 1624 611 1644 eo
635 1619 791 1654 precatur
814 1612 952 1644 Moises.
984 1611 1101 1643 Matth.
1128 1612 1177 1642 12.

187 1658 329 1694 Quando
353 1658 539 1689 immundus
559 1657 703 1699 Spiritus
724 1667 885 1699 egressus
905 1662 956 1688 est
975 1657 1016 1687 ab
1035 1656 1178 1693 homine,

186 1703 278 1734 vadit
301 1712 361 1744 per
384 1701 461 1732 loca
489 1701 581 1732 arida
605 1708 668 1731 etc.
692 1701 723 1731 2.
770 1700 842 1731 Pet.
867 1700 898 1731 2.
934 1699 1016 1731 Cum
1042 1699 1092 1737 hi,
1123 1699 1178 1740 qui

187 1744 376 1787 effugerant
409 1745 658 1785 inquinamenta
691 1744 802 1775 mundi
835 1744 1003 1786 agnitione
1044 1742 1177 1773 Domini

189 1795 252 1821 etc.
277 1788 372 1819 Rom.
386 1788 417 1819 8.
442 1787 478 1818 Si
503 1788 687 1818 secundum
711 1797 846 1818 caraem
872 1787 1036 1824 fixeritis,
1060 1787 1177 1817 morie-

187 1833 283 1870 mini,
307 1832 359 1862 sin
382 1837 490 1863 autem
515 1832 666 1862 actiones
691 1831 801 1862 carnis
829 1831 944 1871 spiritu
967 1829 1178 1861 mortificabi-

187 1877 242 1913 tis,
263 1875 394 1907 vivetis.
441 1873 475 1905 ln
501 1874 565 1905 hoc
591 1875 679 1905 dicto
703 1874 881 1915 perspicue
900 1874 1039 1905 traditur
1062 1873 1178 1904 discri-

189 1930 263 1950 men
287 1919 373 1949 inter
396 1924 547 1959 peccata,
571 1929 657 1960 quae
682 1923 759 1949 sunt
782 1918 813 1948 in
834 1918 971 1955 renatis,
996 1917 1049 1959 qui
1070 1922 1176 1947 tamen

187 1963 331 1993 retinent
354 1962 505 2004 gratiam,
529 1967 562 1992 et
585 1962 742 2002 Spiritum
766 1967 935 1999 sanetum,
959 1966 991 1992 et
1014 1959 1077 1991 alia
1102 1970 1178 2000 pec-

191 2011 267 2037 cata
302 2011 439 2046 propter
475 2015 561 2046 quae
595 2005 753 2035 amittitur
782 2005 900 2047 gratia.
946 2002 1044 2035 Tales
1069 2010 1179 2035 autem

189 2049 295 2090 inquit
319 2049 461 2079 retinere
484 2048 644 2089 Spiritum
674 2054 844 2085 sanctum,
869 2048 923 2089 qui
946 2047 1077 2079 vitiosis
1101 2046 1179 2077 afl'c-

190 2093 300 2124 ctibus
325 2098 528 2133 repugnant,
563 2092 595 2122 id
620 2097 688 2127 est,
713 2091 769 2132 qui
792 2092 932 2122 retinent
958 2092 1077 2122 bonam
1102 2100 1180 2121 con-

188 2135 374 2173 scientiam,
398 2135 485 2166 sicut
508 2133 586 2166 alibi
611 2135 728 2176 inquit:
774 2133 879 2165 Milita
903 2135 1026 2165 bonam
1045 2133 1181 2165 militam

190 2179 340 2209 retinens
365 2178 462 2209 tidem
487 2184 519 2209 et
543 2179 664 2209 bonam
689 2178 939 2210 conscientiam.
977 2176 1102 2209 Contra
1126 2187 1181 2207 ve-

190 2232 229 2253 ro
254 2232 321 2253 non
340 2222 521 2252 retinentes
546 2221 644 2252 fidem
668 2228 699 2252 et
723 2223 843 2252 bonam
858 2221 1110 2257 conscientiam,
1135 2221 1180 2251 in—

192 2265 332 2308 dulgent
356 2265 485 2296 vitiosis
506 2264 691 2303 affectibus,
714 2276 781 2296 non
796 2271 993 2306 repugnant„
1006 2263 1090 2295 tales
1104 2274 1182 2294 con-

191 2309 409 2346 demnantur,
445 2308 530 2339 haec
564 2309 727 2339 sententia
752 2308 940 2339 firmissime
964 2308 1108 2339 tenenda
1131 2313 1182 2338 cst

194 2352 223 2382 l.
248 2351 398 2383 Corinth.
418 2351 449 2383 6.
474 2350 584 2383 Nolite
604 2362 726 2386 errare,
750 2362 858 2393 neque
882 2357 1104 2388 scortatores,
1129 2360 1183 2381 ne-

193 2405 258 2436 que
288 2394 428 2426 adulteri
459 2400 523 2426 etc.
559 2401 591 2426 et
626 2394 772 2437 loquitur
806 2396 847 2426 de
871 2394 940 2433 his,
977 2395 1085 2426 donec
1109 2399 1185 2425 sunt

195 2437 300 2476 tates,
333 2448 397 2470 nec
432 2439 559 2470 reversi
593 2445 671 2470 sunt
707 2439 749 2470 ad
772 2437 881 2470 Deum
908 2448 969 2480 per
992 2437 1184 2470 conversio-

196 2491 283 2512 neni.

286 2523 338 2554 Ad
363 2523 452 2556 hunc
472 2526 610 2567 gradum
630 2525 799 2567 pertinere
818 2525 895 2563 dixi,
914 2524 968 2567 qui
981 2523 1185 2566 amplectun-

199 2574 254 2598 tur
276 2577 423 2598 errorem
448 2569 479 2599 in
504 2567 616 2610 aliquo
641 2567 781 2600 articulo
805 2569 900 2606 fidei,
934 2568 1004 2599 sive
1027 2568 1185 2606 scientes,

199 2611 272 2642 sive
296 2611 509 2652 ignorantes,
543 2613 621 2654 quia
644 2612 834 2654 ignorantia
863 2611 1018 2644 affectata
1039 2622 1106 2642 non
1130 2622 1185 2643 ex-

823 129 932 161 PHIL.
956 128 1062 160 MEL.
1087 129 1274 161 SCRIPTA
1298 127 1579 160 DOGMATICA.

2152 128 2218 161 408

1229 230 1323 256 cusat
1348 222 1513 255 delictum.
1559 223 1632 255 Huc
1655 224 1821 265 pertinent
1841 224 1946 255 dicta:
1971 223 2035 259 Qui
2054 234 2121 256 non
2146 235 2216 257 cre-

1229 269 1286 305 (tit,
1310 269 1372 298 iarn
1398 268 1560 298 iudicatus
1586 273 1647 298 est.
1694 266 1954 298 Fundamentum
1979 266 2067 298 aliud
2092 278 2218 308 ponere

1228 322 1325 342 nemo
1350 317 1472 352 potest,
1497 317 1630 351 praeter
1653 311 1684 342 id
1699 312 1785 352 quod
1810 311 1951 352 positum
1971 318 2032 348 est,
2057 312 2144 353 quod
2165 316 2220 343 est

1229 354 1384 385 Christus
1410 354 1512 385 lesus.
1560 353 1647 384 idem
1679 355 1720 384 de
1749 353 1902 385 affectata
1933 355 2113 385 omissione
2139 356 2218 386 dici-

1228 404 1291 435 tur,
1315 397 1398 427 Nam
1424 404 1456 428 et
1476 398 1516 427 de
1541 397 1662 428 officiis
1687 396 1802 439 regula
1832 398 1951 428 tradita
1976 405 2041 429 est:
2072 398 2145 429 Hoc
2169 409 2219 430 re-

1229 442 1378 482 quiritur,
1403 446 1436 471 111
1462 440 1579 471 fideles
1604 441 1719 478 simus,
1745 441 1777 471 id
1801 446 1864 478 est,
1888 441 2072 472 habeamus
2097 442 2218 474 Proae-

1230 485 1318 515 resin
1339 490 1369 514 et
1397 490 1550 515 conatum
1577 490 1665 515 recte
1690 482 1831 514 faciendi
1856 482 2002 515 officium
2026 491 2058 515 et
2082 484 2219 527 diligen-

1230 529 1315 558 tiam.
1352 526 1442 563 ltem,
1464 527 1535 558 Vae
1549 527 1636 565 mihi,
1660 530 1687 559 si
1702 538 1766 558 non
1782 526 2029 568 Evangelizein,
2055 534 2084 558 et
2099 528 2218 560 Matth.

1227 571 1279 601 ⁶25.
1311 571 1401 601 iubet
1426 570 1590 601 Dominus
1622 571 1652 601 in
1678 572 1834 601 tenebras
1866 572 1987 602 eiicere
2014 581 2148 603 servum
2171 573 2218 603 in-

1228 613 1351 651 utilem,
1376 614 1591 654 quamobrein
1617 615 1783 654 principes
1796 614 1953 655 Episcopi
1979 621 2009 645 et
2033 615 2218 646 innumera-

1229 657 1312 688 biles
1336 656 1391 688 alii
1414 657 1633 688 adversantes
1659 658 1806 694 veritati,
1833 668 2040 699 nequaquam
2064 665 2141 689 sunt
2165 669 2219 689 ex-

1229 701 1335 731 cusati
1361 701 1557 742 ignorantia,
1581 701 1640 731 sed
1661 700 1744 731 hacc
1759 702 1831 742 ipsa
1853 701 2039 742 ignorantia
2059 701 2220 733 horribile

1229 750 1278 774 est
1306 750 1490 785 peccatum,
1516 745 1591 785 quia
1616 745 1803 775 mandatum
1819 744 1880 775 Dei
1905 743 2096 776 universale
2111 751 2141 776 ct
2160 746 2218 776 ini-

1229 793 1351 818 inotuni
1377 794 1438 824 est,
1463 793 1497 818 ut
1521 798 1634 817 omnes
1660 788 1810 818 homines
1829 794 2015 829 agnoscant
2034 794 2067 819 et
2083 789 2220 820 audiant

1229 830 1344 861 filium
1370 830 1450 868 Dei,
1485 831 1573 861 iuxta
1598 831 1700 862 dicta:
1733 831 1794 861 llic
1819 838 1870 861 est
1893 830 1996 862 Filius
2021 842 2113 862 meus
2137 831 2219 862 dile-

1201 888 1204 894 v
1228 881 1314 912 ctus,
1339 874 1427 905 huuc
1452 874 1573 904 audite.
1612 874 1775 905 l’salme
1800 874 1839 905 Et
1866 885 1952 905 nunc
1977 885 2076 916 reges
2100 874 2218 906 intelli-

1229 918 1304 959 gite.
1331 917 1442 947 lohan.
1461 916 1509 947 16.
1535 917 1677 957 Spiritus
1697 924 1815 959 arguet
1834 919 1989 949 mundum
2005 919 2046 949 de
2064 925 2220 960 peccato,

1229 961 1319 1002 quod
1343 971 1408 991 non
1433 961 1571 992 creduut
1595 962 1626 992 in
1651 972 1712 992 me.

1593 1128 1668 1168 DE
1700 1127 1854 1169 LEGE.

1317 1237 1413 1272 Quod
1438 1235 1522 1268 haec
1541 1236 1615 1268 sola
1637 1248 1717 1278 pars
1741 1238 1873 1279 generis
1886 1236 2031 1276 humani,
2056 1248 2142 1280 quae
2154 1249 2221 1270 am-

1228 1280 1384 1323 plectitur
1419 1281 1603 1311 doctrinam
1640 1280 1874 1322 Prophetit·a1n
1910 1287 1943 1312 et
1976 1281 2220 1323 Ap0s00licam‚

1231 1326 1271 1355 sit
1296 1323 1449 1355 Ecclesia
1476 1323 1556 1362 Dei,
1587 1330 1619 1355 et
1642 1325 1731 1365 quod
1761 1325 1793 1355 in
1820 1325 1880 1354 hac
1911 1323 2117 1356 multitudine-
2145 1324 2222 1357 sola

1230 1369 1295 1399 sint
1310 1367 1407 1399 electi
1421 1368 1461 1398 ad
1483 1366 1623 1398 salutem
1643 1374 1825 1404 aeternam,
1849 1367 1980 1398 illustre
1998 1369 2221 1400 testiinonium

1231 1418 1301 1450 est,
1327 1412 1416 1453 quod
1440 1421 1573 1451 semper
1595 1409 1669 1441 sola
1693 1409 1776 1441 haec
1799 1421 1877 1451 pars
1903 1411 2034 1442 retinuit
2058 1413 2221 1454 integram

1231 1455 1415 1486 doctrinam
1440 1452 1525 1496 legis
1540 1452 1689 1491 Mor-alis,
1715 1454 1840 1485 Omnes
1864 1453 1949 1485 aliae
1965 1461 2081 1495 gentes
2102 1466 2221 1496 appro-

1230 1499 1393 1530 baverunt
1419 1498 1580 1539 quaedam
1611 1497 1742 1528 scelera
1766 1499 1935 1528 contraria
1958 1497 2150 1540 Decalogo,
2186 1504 2223 1530 ut

1230 1541 1338 1573 cultus
1364 1541 1542 1578 ldolormu,
1567 1547 1596 1571 et
1624 1551 1729 1581 vagas
1753 1551 1794 1572 ac
1818 1547 1924 1572 tetras
1947 1540 2110 1573 libidines.
2156 1541 2222 1573 Ro-

1230 1586 1316 1616 mani
1353 1585 1449 1615 ctiam
1480 1585 1752 1625 approbaverunt
1786 1584 1963 1616 homicidia
1988 1583 2222 1627 gladiatorum.

1231 1628 1303 1659 Hoc
1327 1628 1551 1659 testimonium
1575 1628 1616 1658 de
1628 1627 1785 1659 Ecclesia
1803 1629 2067 1667 consideremuS,
2091 1634 2122 1659 et
2135 1629 2221 1660 scia-

1230 1684 1303 1703 mus
1328 1682 1460 1712 semper
1484 1672 1515 1702 in
1536 1667 1623 1702 vera'
1640 1670 1793 1702 Ecclesia
1817 1672 1891 1702 inde
1915 1682 2022 1714 usque
2044 1673 2086 1702 ab
2112 1671 2222 1704 Adam

1229 1714 1333 1746 fuisse
1357 1716 1518 1757 integrant
1543 1725 1659 1746 vocem
1684 1713 1768 1757 legis
1793 1714 1942 1752 Moralis,
1967 1722 1997 1746 et
2021 1715 2053 1746 in
2067 1714 2223 1747 Ecclesia

1230 1769 1362 1799 semper
1387 1759 1589 1789 retinendam
1609 1768 1698 1794 esse,
1724 1760 1751 1789 ei
1778 1765 1867 1789 recte
1888 1759 1929 1790 de
1953 1759 2044 1800 Lege
2069 1765 2100 1789 et
2112 1758 2222 1790 Evan-

1231 1801 1331 1844 gelio,
1355 1809 1387 1833 et
1413 1803 1453 1833 de
1477 1802 1668 1833 discrimine
1691 1802 1792 1844 Legis
1817 1808 1849 1833 et
1871 1801 2047 1845 Evangelii
2069 1801 2222 1834 homines

1231 1847 1402 1878 docendos
1427 1856 1513 1876 esse.

1318 1924 1475 1955 Secundo
1521 1933 1662 1954 necesse
1704 1929 1764 1965 est¹
1796 1923 1883 1954 scire
1924 1924 2065 1955 usitatas
2108 1924 2222 1956 (listin-

1233 1969 1372 1998 ctiones.
1425 1966 1522 1998 Aliae
1552 1973 1629 1998 sunt
1662 1966 1774 2008 Leges
1804 1967 1954 2004 divinae,
1989 1965 2074 1998 aliae
2107 1966 2222 1999 huma·

1232 2022 1305 2042 nae.
1352 2011 1452 2052 Legis
1485 2011 1614 2041 divinae
1643 2017 1757 2051 partes
1789 2015 1858 2040 tres
1889 2011 2116 2042 nominantur:
2152 2010 2223 2042 Lex

1232 2053 1382 2092 Mon-alis,
1407 2052 1645 2084 Ceremonialis
1669 2060 1701 2083 et
1720 2051 1893 2084 iudicialis.
1929 2052 2014 2088 Quid
2031 2054 2096 2084 sint
2113 2062 2223 2086 autem

1233 2098 1343 2139 Leges
1367 2095 1615 2128 Ceremoniales
1639 2102 1669 2127 et
1694 2095 1869 2127 ludiciales
1893 2106 1954 2128 seu
1984 2096 2165 2135 forenses,
2189 2103 2223 2129 et

1233 2151 1337 2183 quare
1357 2141 1498 2172 traditae
1522 2146 1554 2171 et
1578 2150 1694 2172 rursus
1718 2138 1864 2171 abolitae
1886 2141 1970 2178 sint,
2006 2147 2125 2182 postea.
2150 2142 2221 2172 bre-

1234 2185 1370 2216 vissime
1393 2185 1520 2222 dicam,
1544 2194 1632 2215 nuuc
1663 2184 1756 2225 prius
1780 2184 1966 2215 definienda
1994 2190 2045 2215 est
2069 2182 2221 2216 Noralis.

1321 2262 1393 2294 Lex
1416 2261 1500 2299 Dei,
1525 2272 1609 2303 quae
1632 2262 1820 2292 nominatur
1850 2261 1967 2303 puerili
1990 2258 2125 2294 nomine
2152 2261 2224 2293 Lex

1235 2304 1394 2344 Mon-alis,
1429 2305 1489 2336 Est
1514 2306 1676 2346 sapientia
1698 2312 1835 2336 aeterna
1860 2311 1892 2336 et
1921 2306 2056 2337 immota
2080 2307 2111 2336 in
2138 2304 2224 2344 Deo,

1236 2355 1267 2380 et
1303 2359 1418 2380 norma
1451 2349 1595 2380 iustitiae
1631 2349 1661 2379 in
1685 2347 1867 2380 *voluntate
1903 2348 1985 2387 Dei,
2026 2349 2224 2380 discernens

1236 2393 1325 2423 bona
1347 2399 1380 2424 et
1402 2390 1500 2429 mala,
1525 2402 1609 2433 quae
1628 2398 1680 2423 est
1697 2390 1864 2433 patefacta
1881 2390 2032 2423 rationali
2051 2398 2224 2424 creaturae

1236 2437 1268 2467 in
1294 2437 1474 2473 creatione,
1498 2441 1617 2476 postea
1641 2446 1743 2477 saepe
1767 2436 1907 2477 repetita
1931 2442 2001 2474 est,
2033 2442 2064 2466 et
2095 2435 2224 2467 sancita

1237 2490 1323 2510 voce
1346 2480 1457 2510 divina
1480 2479 1511 2509 in
1537 2477 1703 2517 Ecclesia,
1729 2479 1912 2510 ostendens
1937 2479 2024 2521 quod
2049 2479 2092 2510 sit
2116 2478 2223 2517 Deus,
2252 2479 2259 2483 '

1237 2528 1270 2554 et
1304 2521 1410 2564 qualis
1434 2523 1492 2560 sit,
1523 2529 1554 2553 et
1584 2523 1673 2564 quod
1698 2523 1739 2553 sit
1770 2522 1887 2560 ludex,
1923 2521 2077 2564 obligans
2108 2531 2224 2553 omnes

1238 2565 1418 2597 rationales
1443 2571 1631 2602 creaturas,
1656 2572 1691 2596 ut
1714 2566 1779 2596 sint
1802 2564 1993 2597 conformes
2018 2564 2063 2596 illi
2088 2575 2224 2597 normae

1236 2608 1312 2648 Dei,
1338 2616 1369 2640 et
1392 2609 1554 2640 damnans
1577 2620 1714 2648 omnes,
1738 2620 1779 2641 ac
1803 2609 2002 2640 denuntians
2032 2607 2225 2641 horribilem
