2383 2990
202 135 265 168 451

201 229 290 267 lieet,
312 228 593 270 Acceptatio-seu
612 226 851 259 Reconciliatio
875 225 1052 258 includitur
1074 227 1107 259 in
1130 238 1187 259 vo-

201 271 322 305 cabulo
346 273 464 312 iustus,
485 278 517 303 et
542 272 582 302 de
606 270 669 302 hac
682 270 952 302 reconciliatione
965 271 1096 302 dimicat
1111 281 1186 302 con·

201 316 353 353 scientia,
377 326 442 346 non
467 316 605 356 quaerit,
624 325 668 345 an
691 315 777 345 iusta
801 313 912 351 saciat,
936 314 997 345 sed
1015 313 1186 346 fatetur-se

201 370 266 391 non
291 358 413 390 habere
437 357 523 399 legis
547 357 786 399 impletionem,
810 364 842 388 et
865 355 986 388 clamat
1010 368 1186 398 expresse:

199 402 274 434 Non
299 409 348 432 est
374 403 481 432 iustus
510 402 541 432 in
567 408 751 442 conspeetu
774 407 830 431 tuo
855 401 961 431 omnis
985 401 1118 439 vivens,
1153 402 1185 432 id

201 452 263 482 est,
298 445 426 475 habens
450 445 610 485 integram
636 444 864 475 obedientiam.
912 443 995 475 Cum
1019 445 1120 486 igitur
1138 445 1185 475 in-

224 489 267 519 uit
293 488 476 519 Osiander:
519 487 704 518 lustificare
723 494 773 518 est
797 498 838 518 ex
862 497 929 518 non
952 487 1040 518 iusto
1064 488 1185 518 iustum

200 499 324 567 parcere,
348 531 379 561 id
404 537 467 569 est,
490 530 666 561 habentem
691 537 782 561 rec-te
805 529 906 567 facta,
930 531 1076 561 sciamus
1089 529 1186 561 aliter

199 573 288 616 loqui
304 572 452 612 Paulum,
476 572 629 605 videlicet
652 573 843 613 iustificare,
868 580 916 604 est
943 584 983 604 ex
1007 584 1072 604 non
1086 574 1186 612 iusto,

198 618 230 649 id
254 618 317 655 est3
353 627 392 648 ex
418 627 487 655 reo,
511 623 542 647 et
567 627 632 648 non
657 617 801 648 habente
822 615 1044 656 impletionem
1069 616 1184 657 Legis,

198 659 311 692 facere
335 661 467 697 iustum,
504 661 535 691 id
560 666 629 697 est,
663 671 729 691 non
752 671 841 691 ream
866 666 1001 701 propter
1025 659 1186 690 Mediato-

198 714 278 735 rem.
304 703 396 734 Haec
420 702 536 734 relatio
561 704 700 745 primum
724 705 755 734 in
779 704 883 734 verbo
907 703 1108 733 lustiticandi
1139 703 1185 732 in-
1209 717 1211 739 ;

199 745 380 789 telligenda
404 754 467 777 est.
502 746 558 777 Sic
572 746 695 778 Paulus
720 747 837 777 eadem
861 746 1102 787 significatione
1126 746 1185 776 uti·
1209 748 1211 775 <¹

198 796 251 821 tur
275 791 386 821 verbis
399 789 622 821 Reconciliari
647 797 678 820 et
703 789 888 822 lustificari.
913 799 986 819 cum
1007 789 1063 825 ait,
1089 788 1184 819 Rom.
1209 790 1211 828 j

198 833 229 864 5.
253 832 422 865 Iustificati
444 834 619 875 sanguine,
638 834 670 864 id
693 840 756 871 est,
791 830 995 864 reconciliati
1017 842 1076 872 per
1099 842 1185 862 mor-
1207 850 1211 897 I

199 882 265 908 tem
287 877 367 908 eius
1207 901 1209 918 Λ

1207 922 1209 932 Ι

1207 937 1209 950 i

286 962 382 998 Quod
416 962 449 993 in
483 963 587 993 verbo
611 960 812 992 lustificaiidi
835 970 978 991 necesse
1001 960 1043 990 sit
1066 958 1185 990 intelli·
1207 954 1208 993 ἶ

198 1016 279 1048 gere
314 1004 525 1043 relationem,
560 1004 685 1035 scilicet
716 1004 945 1034 remissionem
969 1010 1209 1044 peccatorumg

197 1047 373 1080 manifeste
418 1049 596 1079 ostendunt
633 1049 716 1079 haec
758 1048 846 1078 dicta
880 1047 955 1077 Act.
988 1046 1038 1076 lo.
1102 1046 1185 1077 Huic
1208 1046 1210 1085 ζ

198 1103 314 1124 omnes
339 1091 527 1133 Prophetae
550 1091 769 1121 testimonium
793 1090 983 1131 perhibent,
1017 1090 1185 1120 remissio-

198 1147 274 1167 nem
297 1142 510 1177 pcccatorum
535 1135 689 1175 accipere
712 1145 772 1174 per
795 1143 914 1164 nomen
946 1134 1035 1170 eiuS,
1069 1143 1184 1163 omnes

199 1180 253 1221 qui
278 1179 415 1209 credunt
436 1179 467 1208 in
491 1188 575 1208 eum.
611 1178 710 1214 Item,
741 1177 835 1207 Beati
860 1187 1000 1217 quorum
1025 1176 1185 1206 remissae

198 1228 273 1253 sunt
297 1223 493 1263 iniquitates-
539 1220 653 1252 Lucae
677 1220 722 1251 08.
748 1221 851 1261 inquit
875 1218 1095 1250 Public-anus:
1121 1218 1185 1249 De-

197 1275 236 1296 us
256 1266 417 1306 propitius
441 1271 515 1295 esto
539 1264 615 1295 mihi
640 1265 818 1304 peccatori.
841 1264 872 1293 ⁶2.
889 1261 1017 1304 Regum
1043 1263 1091 1293 12.
1119 1262 1185 1293 Do-

197 1309 307 1340 minus
331 1307 467 1339 abstulit
491 1315 665 1349 peccatum
689 1314 786 1338 tuum,
834 1306 873 1337 Et
889 1305 1009 1337 Esaiae
1033 1305 1085 1336 38.
1108 1305 1186 1336 Pro-

198 1352 304 1383 iecisti
329 1358 406 1392 post
430 1358 560 1392 tergum
584 1357 672 1382 tuum
697 1351 804 1380 onmia
825 1356 962 1390 peccata
986 1360 1069 1380 mea.
1094 1349 1186 1379 Sem-
1211 1353 1213 1367 ¹

198 1406 259 1436 per
283 1405 357 1430 cuin
381 1395 572 1425 accedimus
597 1395 637 1424 ad
662 1404 771 1430 reum,
795 1393 884 1424 initio
910 1394 1052 1434 petenda
1077 1398 1108 1422 et
1132 1402 1186 1422 ac-

200 1438 352 1479 cipienda
376 1444 425 1468 est
451 1438 601 1468 remissio
626 1443 839 1477 peccatorum
859 1436 936 1473 fide,
962 1442 1083 1467 etcum
1100 1436 1186 1465 acci-
1210 1405 1214 1485 Ι

200 1482 287 1522 pitur
310 1482 461 1512 remissio
486 1480 568 1518 fide,
592 1479 689 1510 simul
714 1479 778 1510 1100
802 1479 855 1517 fit,
879 1479 969 1520 quod
992 1477 1116 1510 Paulus
1140 1479 1187 1508 111-

199 1525 284 1566 quit:
308 1523 478 1555 lustificati
501 1524 565 1554 fide
589 1533 706 1564 pacem
730 1522 902 1553 habemus.

284 1610 335 1642 Ac
359 1620 500 1651 prorsus
523 1609 712 1651 imaginatio
731 1609 907 1639 reiicienrla
932 1614 995 1646 est,
1018 1617 1103 1649 quae
1127 1606 1186 1637 fin-

199 1653 245 1696 git
258 1653 384 1685 Neroni
409 1659 547 1694 peccata
571 1653 711 1683 remissa
732 1662 820 1688 esse,
845 1652 904 1682 sed
928 1652 1075 1682 damnari
1101 1661 1186 1688 eum,

200 1698 277 1739 quia
310 1708 376 1728 non
407 1696 507 1727 habet
531 1697 686 1726 iustitiam
712 1693 934 1726 essentialem.
980 1695 1055 1725 Non
1079 1695 1114 1725 tit
1138 1705 1186 1724 re-

198 1741 313 1771 missio
337 1746 563 1781 peccatorum,
582 1741 653 1770 sine
678 1738 753 1776 fide,
778 1739 854 1779 quia
878 1739 999 1769 dictum
1020 1745 1086 1769 est:
1123 1736 1187 1772 Qui

199 1794 265 1815 non
290 1785 393 1815 credit
414 1784 445 1813 in
469 1794 553 1821 eum,
577 1788 687 1814 manet
709 1783 756 1813 ira
781 1781 844 1812 Dei
868 1792 969 1823 super
992 1791 1076 1813 eum.

286 1869 378 1901 Haec
398 1870 486 1901 dicta
509 1870 685 1910 perspicue
708 1869 883 1899 ostendunt
910 1866 1116 1903 relationem,
1140 1866 1186 1897 vi-

200 1913 318 1945 delieet
343 1914 570 1944 remissionem
596 1920 819 1953 peccatorum,
839 1917 869 1941 et
885 1909 1185 1941 reconciliationem

200 1955 322 1988 includi
347 1957 378 1987 in
403 1957 507 1986 verbo
528 1955 740 1986 lustifieandi.
790 1955 880 1985 Haec
903 1955 972 1995 ipsa
998 1961 1107 1984 autem
1133 1964 1186 1983 ac—

200 2001 306 2041 ceptio
330 1999 547 2035 remissionis,
572 2010 636 2029 non
662 2006 711 2029 est
735 1997 854 2038 frigida
877 1998 1084 2039 imaginatio,
1120 1996 1186 2026 Sed

200 2045 247 2080 fit,
271 2053 344 2073 cum
369 2043 400 2073 111
426 2052 505 2073 vero
530 2041 645 2073 dolore
659 2039 1012 2077 sentiturconsolatio,
1038 2046 1185 2080 quaeest

200 2086 394 2123 vixiticatio,
432 2096 516 2127 quae
539 2085 591 2117 fit,
616 2097 690 2116 cuni
712 2083 812 2115 Filius
836 2084 897 2115 Dei
923 2082 1019 2113 simul
1044 2090 1092 2113 est
1117 2083 1185 2113 elti-

201 2140 261 2160 cax
294 2139 367 2159 cum
396 2130 500 2159 verbo
525 2135 680 2164 externo,
711 2136 740 2159 et
767 2129 842 2158 dicit
868 2126 1128 2158 consolationem
1154 2127 1184 2156 111
1211 2101 1213 2166 Ι

200 2173 313 2210 corde,
337 2178 368 2202 et
393 2172 536 2202 ostendit
561 2172 819 2211 miserit-ordiam
846 2171 964 2206 Patris,
988 2176 1019 2200 et
1043 2170 1097 2200 dat
1119 2170 1184 2210 Spi-
1210 2167 1213 2217 1

200 2218 296 2247 ritum
320 2222 483 2252 sanctum,
504 2216 587 2245 sicut
613 2213 701 2245 clare
725 2216 853 2252 dicitur,
882 2218 907 2245 l.
934 2213 1047 2244 lohan.
1072 2213 1103 2243 5.
1150 2212 1184 2242 ln
1210 2218 1213 2269 ἒ

201 2259 264 2290 1100
289 2259 537 2300 cognoscimus,
561 2259 648 2299 quod
675 2259 706 2288 in
731 2269 771 2288 eo
796 2258 979 2294 manemus,
1003 2263 1035 2287 et
1058 2257 1129 2297 ipse
1153 2256 1185 2286 in
1210 2278 1212 2292 ι

199 2303 308 2340 nobis,
333 2303 408 2344 quia
432 2303 472 2332 de
495 2302 620 2343 Spiritu
643 2312 706 2332 suo
729 2302 783 2332 dat
808 2302 916 2332 nobis.
1210 2293 1213 2326 1

287 2388 372 2418 Utor
394 2394 502 2418 autem
526 2394 557 2418 et
581 2387 645 2418 hac
668 2387 774 2418 forma
799 2388 829 2417 in
845 2385 1067 2417 declaratione
1087 2396 1185 2416 voca-

203 2430 308 2462 cahuli
335 2432 590 2468 lustificatiotiis,
616 2441 688 2461 cunt
713 2430 877 2460 lohannes
901 2431 1003 2460 dien:
1041 2430 1102 2464 Qui
1129 2429 1184 2458 lta-

201 2475 254 2505 bet
282 2474 408 2511 Filium,
433 2475 533 2505 habet
556 2475 671 2511 vitani,
709 2473 899 2504 Det-laratio
924 2473 998 2503 inde
1021 2473 1103 2503 sumi
1129 2483 1185 2512 po-

203 2523 286 2554 test,
322 2518 492 2548 iustificari
518 2524 584 2555 est,
622 2528 661 2548 ex
691 2528 755 2547 non
782 2516 924 2547 habente
949 2515 1078 2549 Filium,
1116 2516 1182 2546 iieti

202 2560 378 2591 habentem
404 2560 526 2592 Filium.
574 2561 705 2591 Habere
740 2568 848 2591 autem
875 2558 1006 2594 filium,
1043 2565 1093 2589 est
1118 2558 1182 2589 fide

204 2610 360 2642 statuere,
383 2604 471 2646 quod
494 2610 627 2646 propter
651 2604 871 2635 obedientiam
885 2602 1007 2634 Christi
1020 2602 1183 2633 donentur

837 132 951 165 PlllL.
973 131 1078 164 MEL.
1092 132 1281 166 SCRIPTA
1303 132 1585 165 DOGMATICA.

1210 779 1322 803 *mum
1358 774 1502 804 nominat
1537 774 1756 804 obedientiam
1792 773 1863 805 Filii
1887 774 1962 805 Dei.

2157 135 2221 166 452

1238 230 1335 260 nobis
1355 229 1508 260 remissio
1533 234 1565 260 et
1587 229 1824 260 reconciliatio.
1869 228 2001 261 Deinde
2023 236 2074 261 est
2096 228 2222 262 habere

1239 284 1312 304 eum
1337 272 1557 303 vivificantem
1582 282 1644 303 nos
1669 283 1730 304 sua
1749 271 1910 304 efficacia.
1956 272 2013 304 Sic
2029 272 2223 316 intelligitur

1237 315 1365 347 habens
1389 314 1518 352 Filium,
1542 316 1575 346 id
1598 322 1661 354 est,
1684 326 1750 347 non
1774 326 1851 347 reus
1875 322 2012 357 propter
2036 316 2166 355 Filium,
2190 322 2223 349 et

1238 359 1357 389 deinde
1387 357 1574 390 vixtficatus
1605 369 1663 399 per
1685 370 1766 390 eum.
1814 359 1892 390 ldco
1914 360 2017 400 inquit
2041 359 2224 392 lohannes:

1238 402 1300 437 Qui
1321 401 1419 433 habet
1443 402 1575 440 Filium,
1609 402 1710 433 habet
1733 403 1833 433 vitam
1857 408 1889 433 et
1912 403 2065 444 congruit
2087 403 2152 435 hoc
2176 403 2223 434 di-

1239 451 1327 476 ctum
1351 456 1426 476 cum
1451 444 1526 476 illo:
1551 445 1662 476 Iustus
1686 445 1751 476 fide
1774 456 1836 477 sua
1860 446 1960 477 vivet.

1323 512 1374 544 Ex
1396 513 1449 544 his
1472 513 1609 556 intelligi
1634 520 1744 555 potest
1758 513 1987 546 Osiandricam
2001 513 2224 547 definitionem

1237 557 1379 588 iustitiae
1403 567 1468 588 non
1492 567 1570 588 esse
1594 556 1826 595 sufficientem,
1847 569 1920 589 cum
1939 565 1998 589 att:
2023 557 2147 589 lustitia
2161 564 2224 597 est,

1237 601 1325 642 quod
1361 599 1461 631 eflicit,
1494 611 1557 631 nos
1591 601 1675 631 iusta
1712 599 1834 631 facere.
1881 601 1916 632 ln
1945 600 2010 632 hac
2034 601 2224 633 definitione

1238 654 1303 674 non
1339 643 1373 674 fit
1406 644 1529 675 mentio
1554 644 1760 675 obedientiae
1783 643 1856 674 Filii
1880 644 1942 675 Dei
1967 651 2103 685 propter
2126 655 2225 686 quam

1237 687 1424 733 reciphgpr,
1448 694 1480 718 et
1503 698 1569 728 qua
1588 687 1671 717 fides
1695 688 1828 728 propria
1853 688 1981 726 nititur,
2007 687 2073 718 Sed
2097 694 2225 719 tantum

1237 730 1270 760 fit
1295 730 1415 760 mentio
1440 731 1595 761 novitatis
1618 732 1802 772 sequentis.
1847 730 1973 761 Nostra
1995 730 2140 761 definitio
2159 731 2225 772 pri-

2014 775 2140 805 lustitia
2172 778 2226 805 est

1237 816 1426 847 obedientia
1450 815 1523 847 Filii
1541 815 1605 847 Dei
1630 817 1726 847 nobis
1750 817 1922 857 imputata,
1947 817 1978 847 id
2002 823 2065 856 est,
2088 823 2226 858 propter

1237 869 1336 900 quam
1361 860 1537 899 recipimur
1562 859 1638 898 fide,
1662 871 1726 900 qua
1751 859 1815 890 fide
1839 866 1869 890 et
1892 860 2069 891 vivificatio
2093 859 2141 898 fit,
2164 869 2225 901 per

1236 902 1344 942 ipsum
1378 901 1495 933 Filium
1518 901 1593 933 Dei.
1645 902 1698 933 De
1731 902 1796 934 hac
1830 904 2046 943 imputatione
2079 901 2225 944 loquitur

1238 944 1362 976 Paulus
1388 945 1482 976 Rom.
1507 946 1536 977 4.
1556 953 1588 976 et
1614 946 1663 976 10.
1721 946 1811 977 Finis
1844 946 1947 989 Legis
1983 945 2138 978 Christus
2172 950 2224 977 est

1238 989 1280 1019 ad
1302 989 1458 1019 iustitiam
1483 989 1570 1019 omni
1594 990 1751 1020 credenti.

1325 1074 1417 1105 Haec
1451 1074 1492 1105 de
1526 1073 1699 1106 vocabulis
1723 1075 1863 1110 Iustitia,
1898 1074 2027 1112 Iustus,
2050 1073 2225 1106 Iustificari

1239 1127 1352 1149 coram
1377 1116 1451 1147 Deo
1472 1118 1559 1148 dicta
1585 1118 1660 1148 sint.
1697 1118 1819 1148 Postea
1843 1119 2011 1159 quomodo
2035 1129 2122 1149 nova
2146 1119 2224 1149 obe-

1239 1161 1360 1192 dientia
1383 1161 1511 1191 dicatur
1534 1160 1672 1200 lustitia,
1696 1161 1782 1192 inira
1806 1162 1976 1202 copiosius
1999 1161 2157 1193 dicemus.

1325 1247 1522 1278 Nominatur
1540 1247 1625 1278 enim
1639 1247 1772 1285 iustitia,
1797 1247 1881 1282 Quia
1900 1253 1951 1278 est
1970 1246 2124 1278 inchoata
2144 1257 2224 1278 con-

1238 1288 1386 1321 formitas
1411 1300 1484 1321 cum
1509 1290 1619 1332 Lege,
1649 1301 1734 1332 quae
1757 1298 1867 1321 tamen
1891 1291 1965 1321 ideo
1991 1290 2119 1331 placet,
2148 1291 2225 1332 quia

1211 1350 1213 1352 ·
1238 1344 1384 1375 persona
1408 1334 1470 1363 iam
1495 1333 1574 1364 Fide
1598 1333 1812 1364 reconciliata
1837 1340 1907 1372 est,
1932 1340 1964 1364 et
1992 1333 2122 1374 placet,
2156 1343 2225 1364 non

1209 1382 1213 1400 ¹
1240 1377 1316 1418 quia
1339 1382 1391 1407 est
1414 1377 1544 1418 integra
1567 1378 1769 1414 obedientia,
1792 1377 1853 1407 sed
1876 1383 2013 1418 propter
2025 1375 2142 1407 Filium
2156 1375 2225 1407 Me·

1239 1421 1416 1458 diatorem,
1452 1426 1483 1450 et
1517 1430 1680 1450 summum
1714 1420 1923 1450 sacerdotem
1962 1419 2225 1450 intercedentem

1238 1464 1373 1494 assidue
1396 1473 1456 1503 pro
1482 1463 1597 1500 achis,
1630 1470 1660 1494 ct
1686 1463 1794 1493 tribuit
1823 1462 1916 1493 Deus
1940 1463 2030 1494 hunc
2054 1463 2225 1504 ingentem

1238 1506 1398 1538 honoiem
1424 1517 1531 1537 novae
1556 1512 1585 1536 et
1611 1505 1782 1547 squalidae
1807 1507 2028 1543 obedientiae,
2058 1512 2093 1536 ut
2122 1507 2225 1536 nomi-

1237 1556 1293 1580 net
1317 1560 1387 1581 eam
1402 1550 1554 1581 iustitiam
1569 1556 1599 1580 et
1621 1549 1830 1580 sacrificium.
1866 1550 1931 1580 Sed
1950 1556 2058 1580 tamen
2079 1548 2225 1579 discerni

1239 1603 1311 1623 eam
1346 1600 1477 1634 oportet
1512 1594 1554 1623 ab
1578 1591 1633 1623 illa
1669 1593 1791 1624 institia
1815 1599 1846 1623 et
1871 1592 2128 1630 iustificatione,
2159 1601 2226 1633 qua

1237 1635 1336 1667 homo
1361 1647 1474 1667 coram
1489 1636 1562 1667 Deo
1586 1637 1705 1677 accipit
1729 1637 1956 1666 remissionem
1980 1641 2013 1666 et
2031 1635 2224 1666 reconcilia-

1237 1680 1371 1717 tionem,
1396 1690 1482 1721 quae
1506 1680 1691 1710 nominatur
1714 1679 1883 1720 imputatio
1908 1679 2053 1710 iustitiae
2080 1688 2141 1719 per
2163 1677 2224 1709 Mi-

1237 1723 1455 1755 sericordiam
1479 1729 1614 1764 propter
1637 1721 1754 1753 Filium
1777 1723 2004 1754 Mediatorem.

1371 1890 1445 1930 DE
1478 1889 1794 1931 VOCABULO
1829 1888 1900 1930 GR
1907 1887 2093 1928 ATIAE.

1326 1999 1439 2030 Gratia
1463 1999 1629 2040 significat
1653 2000 1684 2029 in
1699 1998 1763 2030 bac
1782 1998 1977 2039 quaestione
1996 1995 2134 2028 relative
2148 2007 2224 2038 gra-

1239 2043 1352 2074 tuitam
1376 2044 1602 2073 remissionem
1623 2048 1834 2083 peccatorum
1864 2048 1895 2072 et
1920 2039 2224 2071 reconciliationem

1238 2097 1299 2117 seu
1325 2087 1592 2123 misericordiam,
1617 2092 1647 2116 et
1672 2085 1933 2126 acreptationem
1953 2084 2128 2125 gratuitam
2149 2094 2224 2124 pro-

1240 2137 1310 2170 pter
1333 2130 1564 2166 Mediatorem,
1600 2140 1673 2160 eum
1702 2140 1765 2169 qua
1797 2129 1992 2159 remissione
2021 2134 2051 2157 et
2077 2127 2224 2157 reconci—

1237 2172 1371 2205 liatione
1396 2172 1492 2204 simul
1519 2174 1595 2203 liunt
1624 2172 1799 2202 xiriticatio
1825 2182 1883 2212 per
1907 2170 2034 2208 Filium,
2058 2181 2129 2200 cum
2144 2169 2223 2200 Fide

1236 2219 1417 2259 act-ipimus
1438 2228 1553 2248 vocem
1575 2215 1759 2257 Evangelii,
1784 2222 1813 2245 et
1838 2215 1970 2245 donatio
1984 2214 2124 2254 Spiritus
2147 2223 2223 2243 san-

1238 2262 1292 2292 cti.
1340 2260 1463 2291 Paulus
1489 2261 1586 2301 igitur
1609 2260 1650 2290 ad
1675 2260 1841 2290 Romanos
1865 2258 1895 2288 5.
1921 2258 2051 2288 duobus
2078 2257 2222 2287 vocabu·

1238 2305 1278 2335 lis
1303 2315 1382 2335 usus
1408 2310 1458 2334 est
1483 2303 1711 2343 corripiet-tens
1738 2301 1897 2333 benedt-ia
1922 2300 2125 2331 Mediatoris.
2155 2299 2222 2330 No-

1237 2350 1335 2379 minat
1356 2348 1502 2378 Gratiatn
1527 2354 1555 2377 et
1582 2347 1702 2377 donun
1728 2357 1784 2386 per
1808 2346 1955 2386 gratiam.
2004 2343 2151 2373 Gratiam
2175 2343 2222 2372 in·

1238 2391 1353 2431 telligit
1380 2390 1532 2427 relatiie,
1563 2391 1739 2431 gratuitum
1769 2387 1915 2419 ftivorem
1946 2397 2005 2418 seu
2035 2386 2222 2416 misericor-

1238 2436 1342 2472 diam,
1377 2445 1437 2464 seu
1469 2434 1697 2463 remissionem
1722 2438 1948 2473 peecatorum,
1973 2437 2003 2461 et
2029 2427 2222 2460 reconcilia·

1237 2480 1358 2509 tionem
1383 2488 1444 2508 scu
1462 2478 1725 2517 acceptationem
1746 2476 1925 2517 gratuitam
1942 2479 2077 2515 propter
2095 2471 2221 2503 Media-

1236 2530 1352 2553 torem.

1321 2600 1454 2632 Donum
1467 2608 1547 2630 vero
1570 2608 1629 2640 per
1643 2597 1789 2628 Gratiam
1808 2593 1961 2637 intelligit
1972 2593 2151 2625 novitatem
2174 2592 2220 2623 in-
