2383 2990
153 157 218 190 573
795 155 838 186 V.
863 153 1135 186 EXPLICATIO
1160 153 1360 185 SYMBOLI
1389 153 1551 186 NICENL
2130 159 2194 190 574

153 253 253 284 datur
286 250 394 289 Deus,
428 256 461 282 et
492 250 609 292 plures
632 250 784 282 homines
813 250 966 292 perdant.
1034 249 1147 285 Quare
1173 249 1176 278 i
1201 249 1323 288 λη’πτην.
1370 249 1454 289 Lex,
1478 250 1555 281 Non
1579 251 1729 289 occides,
1752 251 1861 282 sancit
1883 252 2130 294 aequalitatem,
2153 265 2196 286 ne

152 293 429 337 magnifaciamus
449 295 656 332 castitatem,
692 300 724 326 et
747 295 780 325 in
803 293 1020 325 Invocatione
1038 293 1148 325 Deum
1174 323 1176 331 ,
1202 298 1236 324 tu
1260 293 1399 325 alterius
1424 304 1547 335 corpus
1571 293 1692 333 violes,
1717 304 1781 326 nec
1805 293 1891 326 alius
1917 302 2021 334 tuum,
2056 298 2117 329 sed
2141 309 2196 330 ae-

154 340 384 371 discernamus
419 338 461 369 ab
490 338 645 369 omnibus
668 338 844 369 immundis
868 338 996 368 naturis
1021 337 1147 378 cogita·
1174 337 1177 380 ξ
1203 335 1348 377 qualiter
1370 342 1549 377 serventur
1583 338 1692 368 onmia
1714 339 1864 370 membra
1888 340 2024 381 generis
2048 340 2195 373 humani.

153 384 243 414 tione
267 382 443 413 castitatis.
510 381 585 423 Ego
610 391 773 423 expresse
797 382 888 412 dico:
914 381 1148 421 OmnipotenS,
1175 383 1178 420 ί
1202 380 1251 411 lta
1286 380 1368 418 Lex,
1404 380 1479 411 Non
1514 380 1638 412 furtum
1665 380 1782 420 facies,
1819 385 1927 414 sancit
1948 382 2195 426 aequalitatem,

153 432 299 464 aeterne,
318 426 395 456 vive
418 424 525 463 Deus,
560 422 707 466 sapiens,
743 430 848 462 caste,
878 434 995 461 verax,
1019 423 1148 454 liberri-
1174 421 1178 448 =⁵
1201 433 1244 454 ne
1267 423 1363 454 alteri
1388 425 1565 465 quicquam
1590 425 1712 465 eripias
1736 426 1768 456 vi
1793 431 1851 457 aut
1873 425 2005 466 fraude,
2031 437 2094 458 nec
2108 427 2194 460 alius

152 480 206 501 me
229 475 293 500 etc.
1175 452 1178 497 i
1202 467 1261 497 tibi
1285 468 1462 508 quicquam
1482 468 1610 508 eripiat,
1634 469 1694 499 sed
1718 468 1903 510 acqualiter
1933 481 2028 503 suum
2053 472 2196 514 quisque

1176 500 1178 553 ξ
1202 516 1326 541 teneat.
1372 510 1505 542 Rursus
1530 512 1628 552 igitur
1659 513 1939 545 considerandum
1959 520 2012 545 est
2036 516 2068 545 in
2092 526 2194 557 nega-

242 555 396 587 Sciamus
420 560 530 586 autem
554 555 586 585 in
610 559 814 596 praecepto,
848 553 925 585 Nou
949 552 1149 584 moechabe-
1176 558 1177 570 ³
1201 555 1277 584 tivis
1301 555 1492 595 praeceptis
1516 554 1752 595 comprehendi
1776 555 1987 588 affirmativa.
2013 557 2096 589 Cum
2118 569 2196 600 pro-

152 600 220 637 ris,
246 597 582 639 comprehendendas
607 607 685 628 esse
710 607 827 628 omnes
841 597 1084 638 prohibitiones
1108 597 1149 627 de
1175 610 1177 663 Ι
1200 597 1335 628 hibetur
1359 595 1500 635 furtum,
1536 599 1715 639 perspicue
1740 599 1956 632 confirmatur
1976 602 2195 634 dominiorum

153 642 293 674 incestis
318 642 609 673 commixtionibus
634 641 788 671 recitatas
819 640 924 671 Levit.
950 640 1001 672 18.
1026 641 1147 681 capite,
1176 668 1177 678 ,
1202 640 1380 671 distinctio.
1406 641 1483 671 Ideo
1508 641 1574 673 hoc
1598 648 1812 682 praeceptum
1837 642 1989 675 fanaticis
2004 644 2194 678 hominibus

152 686 209 718 uhi
234 691 265 717 et
288 683 490 716 universalis
505 681 714 715 comminatio
735 693 865 724 poenae
879 682 1067 724 corporalis
1091 694 1147 714 ex·
1174 683 1177 710 ἱ
1202 685 1437 725 opponendum
1462 691 1526 722 est,
1550 686 1605 726 qui
1632 684 1773 717 clamant
1798 687 1831 717 in
1855 686 2042 729 Evangelio
2066 690 2195 730 praeci-

152 738 272 770 pressa
295 734 364 765 est3
399 729 515 758 Omnis
545 728 653 758 anima
685 738 773 768 quae
798 725 913 757 fecerit
939 727 1000 757 has
1023 727 1148 758 abomi-
1174 726 1176 768 ⁴}
1200 729 1233 769 pi
1269 726 1474 759 Platonicam
1500 729 1834 760 communicationem
1858 729 2074 771 facultatum,
2109 734 2196 765 sicut

152 774 320 810 nationeS,
345 772 578 803 eradicabitur.
1174 775 1177 801 t
1201 781 1289 802 nunc
1315 772 1556 811 Anabaptistae
1581 772 1719 810 docent,
1754 779 1786 804 et
1811 783 1913 815 saepe
1937 776 2050 818 magni
2073 775 2193 807 tumul-

1174 812 1177 830 ¹
1201 820 1254 846 tus
1279 825 1321 845 ex
1345 814 1411 845 hoc
1436 814 1552 846 delirio
1577 816 1638 846 orti
1658 822 1743 848 sunt.

241 858 294 890 De
328 859 448 900 poenis
484 858 629 889 aeternis
667 867 829 897 expresse
853 857 985 895 dicitur,
1014 858 1042 888 1.
1068 856 1147 888 Cor.
1174 873 1176 877 ν

152 902 184 933 6.
229 902 302 934 Nec
327 907 550 939 scortatores,
574 911 639 932 nec
662 900 794 932 moechi
818 911 959 943 regnum
983 901 1047 932 Dei
1070 911 1147 941 pos-

154 946 322 977 sidebunt.

153 1074 257 1106 finitio
283 1075 446 1106 castitatis
473 1076 704 1106 constituatur.
774 1074 921 1105 Castitas
949 1082 998 1106 est
1028 1075 1146 1113 virtus,

150 1119 262 1150 vitans
285 1128 402 1149 omues
428 1118 679 1150 commixtiones
703 1124 737 1149 et
759 1118 940 1150 effusiones
966 1117 1101 1149 seminis
1126 1129 1145 1149 a
1173 1148 1175 1155 ,

151 1162 226 1194 Deo
245 1161 443 1203 prohibitas.

239 1247 372 1280 Deinde
398 1249 641 1287 consideretur,
668 1249 837 1290 quomodo
857 1247 935 1279 velit
950 1247 1044 1280 Deus
1069 1258 1146 1279 eon·

150 1292 244 1334 iungi
267 1302 392 1323 marem
417 1298 449 1323 et
474 1292 662 1323 foeminam.

237 1379 350 1409 Prima
384 1377 503 1420 regula
538 1379 570 1409 in
606 1378 769 1409 Paradiso
794 1378 914 1409 tradita
934 1384 1006 1408 est:
1042 1378 1145 1410 Erunt
1172 1393 1174 1402 ·

1172 1435 1173 1439 ¹
1198 1424 1384 1464 proprium,
1414 1422 1491 1455 laeti
1526 1424 1633 1455 sciant
1657 1424 1731 1456 Deo
1756 1424 1891 1468 placere
1913 1426 2002 1458 hune
2027 1429 2189 1468 ordinem,

1172 1466 1173 1495 3
1198 1471 1229 1496 et
1254 1477 1273 1497 a
1297 1467 1371 1497 Deo
1393 1466 1526 1499 defendi
1550 1474 1581 1498 et
1604 1469 1633 1499 ei
1657 1470 1783 1511 gratias
1807 1477 1920 1513 agant,
1952 1477 1983 1502 et
2008 1482 2123 1503 omnes
2146 1474 2188 1504 ab

150 1423 216 1454 duo
239 1422 431 1453 in'carnem
456 1432 565 1459 unam,
589 1422 621 1451 id
645 1426 707 1455 est..
733 1420 1000 1462 inseparabiliter
1030 1423 1144 1454 iuncti.

148 1465 243 1497 Haec
277 1465 442 1496 sententia
479 1471 511 1496 et
534 1466 773 1496 institutionem
799 1466 942 1507 coniugii
968 1472 999 1497 et
1033 1465 1145 1507 prohi-

150 1510 310 1541 bitionem
345 1519 507 1551 vagarum
540 1507 712 1540 libidinum
749 1509 907 1547 continet,
942 1516 973 1540 et
1003 1519 1144 1549 prorsus

149 1553 237 1584 idem
267 1553 365 1591 dicit,
400 1553 491 1594 quod
524 1559 755 1593 praeceptum:
791 1552 865 1583 Nou
902 1553 1144 1584 moechaberis.

151 1595 347 1638 Cogitemus
378 1602 489 1627 autem
524 1606 670 1636 causam,
695 1606 799 1637 quare
824 1606 985 1637 expressa
1005 1608 1091 1629 voce
1111 1598 1142 1628 in

148 1639 314 1672 Paradiso
333 1639 522 1682 prohibitae
545 1640 611 1670 sint
635 1649 742 1681 vagae
766 1638 938 1678 libidines,
976 1652 1051 1672 cum
1074 1652 1143 1672 non

148 1684 192 1715 sit
215 1689 378 1725 expresse
402 1684 542 1715 dictum:
576 1683 652 1714 Non
677 1683 823 1722 occides,
858 1684 935 1725 quia
954 1683 1029 1715 luce
1050 1691 1142 1716 natu-

147 1738 205 1759 rae
228 1728 338 1770 magis
366 1726 618 1769 intelligebatur
640 1726 706 1758 hoc
730 1734 963 1768 praeceptum,
987 1728 1064 1759 Non
1087 1738 1144 1759 oc-

148 1770 253 1809 cides,
278 1782 377 1813 quam
400 1770 552 1809 alterum,
576 1770 651 1801 Non
674 1770 920 1802 moechaberis.
966 1771 1010 1802 Ut
1033 1778 1143 1803 autem

148 1813 227 1845 alibi
263 1815 394 1853 dicitur,
423 1814 458 1845 ln
491 1814 657 1856 negativis
680 1815 869 1855 praeceptis
904 1815 1143 1856 comprehendi

147 1855 402 1897 affirmationes,
426 1858 476 1888 lta
498 1857 552 1889 hic
577 1858 733 1889 dicimus:
757 1868 830 1889 cum
843 1858 1043 1890 adulterium
1066 1870 1142 1901 pro-

146 1900 291 1940 hibetur,
310 1901 408 1934 simul
427 1901 609 1943 legitimum
633 1901 823 1942 coniugium
847 1903 1028 1943 approbari
1057 1902 1142 1934 scia-

146 1955 231 1984 mus,
256 1951 288 1977 et
311 1945 574 1988 complectamur
587 1946 777 1977 universam
798 1945 982 1977 doctrinam
997 1947 1038 1977 de
1062 1953 1142 1978 con·

145 1989 249 2031 iugio,
287 1990 452 2027 castitate,
488 1995 520 2020 et
554 1991 672 2030 poenis
707 1999 868 2031 vagarum
891 1988 1078 2028 libidinum,
1108 1996 1141 2022 et

147 2034 293 2065 sciamus
315 2034 426 2072 etiam,
451 2043 525 2064 cum
538 2033 570 2064 in
584 2033 806 2064 conversione
828 2034 1040 2065 remittuntur
1061 2044 1139 2075 poe-

145 2087 210 2108 nae
234 2083 401 2116 aeternae,
425 2083 535 2108 tamen
558 2086 686 2118 poenas
711 2076 907 2117 corporales
932 2078 964 2108 iu
988 2077 1053 2108 hac
1070 2078 1140 2109 vita

147 2121 242 2163 sequi
278 2122 536 2159 contaminatos,
562 2126 597 2152 ut
619 2121 653 2152 iu
675 2119 819 2159 Davide,
842 2120 1006 2163 Mitigatio
1030 2127 1139 2153 tamen

145 2164 184 2196 fit
218 2165 282 2203 hiS,
318 2164 374 2206 qui
398 2169 638 2196 convertuntur
661 2165 704 2196 ad
726 2163 866 2202 Deunn’
884 2165 975 2196 iuxta
999 2165 1137 2197 dictum:

145 2208 223 2240 Non
246 2205 402 2240 accendit
424 2208 519 2239 Deus
543 2213 647 2239 totam
670 2208 754 2239 iram
778 2219 884 2240 suam.
919 2208 1011 2247 Item,
1031 2208 1066 2240 In
1090 2209 1139 2241 ira

147 2257 205 2284 tua
226 2251 371 2283 Domine
393 2251 645 2283 misericordiae
668 2252 915 2284 recordaberis.

355 2416 417 2449 DE
440 2416 633 2450 SEPTIMO
652 2416 930 2450 PRAECEPTO.

417 2491 513 2533 Non
543 2490 697 2532 furtum
728 2490 862 2533 facies.

230 2599 328 2632 ‘Deus
351 2599 424 2633 vult
447 2599 588 2644 intelligi
610 2601 773 2634 Iustitiam
786 2600 1023 2644 aequalitatem
1048 2609 1138 2639 esse,

146 2649 183 2677 ut
205 2645 352 2678 sciamus
375 2646 483 2688 ipsum
506 2645 682 2688 aequalem
702 2654 801 2685 esse,
828 2650 861 2677 et
883 2655 951 2677 non
975 2656 1138 2687 προςωπο-

1170 1602 1171 1606 ’
1196 1597 1298 1628 Prov.
1323 1597 1353 1628 5.

1190 2252 1221 2283 N

1289 900 1470 932 Confirmat
1495 908 1605 932 autem
1626 902 1719 933 Deus
1749 903 1992 935 distinctionem
2023 905 2193 938 Dominio-

1174 951 1176 989 }
1200 955 1272 975 runi
1293 955 1359 975 uon
1385 943 1492 976 solum
1516 944 1620 987 Lege,
1657 946 1717 977 sed
1745 947 1842 978 etiam
1865 958 2048 988 poenarum
2072 960 2192 982 execu-

1174 1003 1175 1007 =
1200 988 1301 1026 tione,
1328 989 1402 1029 quia
1428 990 1536 1027 etiam,
1573 1000 1648 1020 cum
1671 996 1783 1021 cessat
1807 990 2046 1031 Magistratus,
2082 999 2191 1025 tamen

242 1030 385 1073 Cognita
409 1030 503 1073 Lege
528 1037 560 1062 et
590 1042 773 1072 poenarum
799 1031 1066 1071 ronimiuatione,
1091 1032 1147 1062 de-
1173 1030 1175 1062 ζ

1173 1072 1175 1082 ”
1199 1073 1289 1105 Male
1313 1082 1425 1116 parta,
1462 1075 1548 1107 male
1573 1074 1772 1109 dilabuntur.

1199 1031 1293 1062 Deus
1318 1030 1467 1073 regulam
1489 1040 1622 1063 servat:
1656 1033 1730 1064 Vae
1755 1035 1809 1075 qui
1834 1033 1961 1072 spolias
1987 1043 2052 1068 etc.
2099 1037 2192 1075 Item,

1840 1078 1881 1109 Et
1906 1085 2020 1111 notum
2044 1081 2087 1111 sit
2110 1080 2192 1112 illud

1199 1118 1429 1150 Pindaricum:

1356 1208 1414 1235 ἐντὶ
1436 1208 1490 1245 μὲν
1512 1207 1635 1237 θνατῶν
1658 1211 1762 1248 φρένες
1786 1207 1932 1251 ὠκύτεραι

1356 1248 1460 1289 κέρδος
1484 1251 1606 1288 αἰνῆσαι
1628 1250 1687 1292 πρὸ
1712 1251 1797 1288 δίκας
1822 1252 1937 1293 δόλιον,

1355 1297 1496 1334 τραχεῖαν
1518 1294 1672 1335 ἑρπόντων
1695 1295 1771 1337 πρός
1793 1296 1920 1338 ἐπίβδιιν
1944 1295 2040 1337 ὅμως.

1286 1379 1378 1411 Haec
1403 1380 1554 1411 doctrina
1578 1387 1673 1422 grata
1697 1382 1739 1413 sit
1764 1384 1937 1423 omnibus,
1966 1390 2001 1415 ut
2026 1383 2190 1417 habentes

1198 1508 1307 1541 alieno
1342 1509 1498 1542 libentius
1533 1512 1737 1551 abstineant,
1774 1514 1906 1556 sintque
1936 1515 1968 1546 in
2004 1523 2190 1557 conspectu

1196 1552 1292 1594 plura
1316 1555 1505 1586 testimonia
1529 1566 1569 1586 ex
1604 1556 1669 1587 hoc
1693 1564 1874 1598 praecepto
1907 1557 2073 1601 Dee-alogi
2099 1566 2188 1592 nata.

1400 1598 1525 1630 Fontes
1550 1600 1594 1630 tui
1620 1600 1810 1632 deriventur
1833 1600 1937 1640 foras,
1968 1609 2000 1634 et
2025 1608 2059 1634 tu
2084 1603 2188 1635 domi-

1196 1651 1259 1672 nus
1284 1651 1399 1673 eorum
1413 1649 1554 1674 maneto.
1580 1642 1903 1686 CitaturAugustini
1928 1646 2070 1678 dictum:
2094 1646 2188 1679 Tolle

1195 1685 1267 1715 iura
1291 1683 1540 1725 Imperatorum,
1566 1693 1599 1717 et
1622 1697 1720 1719 nemo
1748 1689 1847 1719 audet
1872 1689 2004 1728 dicere,
2021 1689 2104 1721 haec
2127 1691 2188 1722 vil-

1194 1727 1227 1759 la
1252 1738 1327 1759 mea
1351 1735 1414 1767 est,
1441 1729 1690 1773 Unusquisque,
1713 1733 1803 1773 quod
1826 1734 1998 1773 possidet,
2033 1734 2105 1766 iure
2128 1734 2187 1767 hu-

1195 1782 1294 1803 mano
1317 1773 1478 1814 possidet.

1282 1858 1374 1891 Haec
1398 1861 1485 1891 dicta
1505 1861 1567 1892 etsi
1590 1862 1623 1892 in
1647 1863 1794 1903 speciem
1818 1870 2043 1903 excusantur,
2077 1870 2187 1896 tamen

1195 1903 1224 1933 si
1258 1901 1369 1935 fontes
1406 1904 1680 1943 considerentur,
1716 1907 1896 1948 impropria
1926 1914 1958 1939 et
1994 1907 2188 1949 periculosa

1194 1952 1290 1985 sunt,
1325 1954 1356 1978 et
1391 1948 1522 1989 quidem
1546 1959 1566 1979 a
1590 1948 1701 1980 multis
1726 1960 1791 1980 non
1816 1956 1909 1982 recte
1943 1950 2185 1994 intelliguntur.

1195 1989 1442 2033 Unusquisque,
1469 1993 1558 2033 quod
1583 1993 1667 2023 iuste
1691 1994 1852 2033 possidet,
1878 2000 1969 2026 tenet
1991 1996 2062 2027 iure
2074 1996 2185 2028 divino

1193 2034 1284 2065 iuxta
1307 2035 1395 2066 hane
1417 2035 1560 2077 Legem:
1579 2035 1654 2067 Non
1679 2035 1802 2068 furtum
1826 2037 1943 2070 facies.
1974 2038 2016 2070 Et
2040 2050 2114 2071 cum
2139 2040 2185 2071 di-

1193 2084 1287 2109 cunt:
1313 2078 1414 2109 Aliud
1438 2086 1491 2110 est
1513 2080 1627 2111 induci
1649 2081 1681 2111 in
1705 2081 1975 2122 poscessionem,
2010 2093 2071 2114 seu
2094 2083 2184 2114 initio

1193 2122 1351 2164 distingui
1376 2123 1531 2160 dominia,
1554 2129 1589 2154 ut
1614 2134 1688 2154 cum
1713 2125 1923 2157 deducuntur
1952 2125 2115 2165 coloniae,
2139 2127 2185 2157 vi-

1193 2171 1267 2196 etor
1291 2166 1437 2197 attribuit
1460 2176 1583 2208 agros,
1618 2166 1719 2199 Aliud
1743 2175 1795 2199 est
1819 2168 1910 2211 loqui
1936 2169 1976 2201 de
2000 2170 2183 2201 retinendis

1191 2209 1251 2249 iis,
1263 2220 1348 2251 quae
1373 2211 1529 2241 attributa
1553 2217 1640 2242 sunt.
1688 2211 1741 2242 Ad
1766 2212 1798 2242 id
1822 2222 1955 2254 quoque
1978 2214 2182 2255 respondeo.

1225 2263 1264 2284 ec
1298 2253 1403 2293 prima
1437 2254 1532 2295 origo
1563 2254 1786 2286 distinctionis
1822 2257 2042 2288 dominiorum
2066 2263 2117 2288 est
2140 2259 2182 2289 ab

1190 2297 1368 2328 autoritate
1388 2296 1546 2337 humana,
1571 2298 1631 2329 sed
1654 2309 1674 2330 a
1697 2298 1785 2337 Deo,
1808 2299 2001 2332 haereditas
2025 2301 2083 2332 tibi
2107 2299 2183 2332 reli-

1192 2345 1247 2371 cta
1269 2350 1290 2371 a
1313 2342 1508 2382 parentibus
1543 2347 1596 2373 est
1629 2348 1686 2374 tua
1718 2342 1789 2374 iure
1825 2343 1937 2374 divino
1968 2349 2001 2375 et
2023 2344 2182 2383 humano,

1191 2384 1347 2422 emtione,
1370 2385 1564 2424 mutatione,
1587 2385 1779 2425 donatione,
1802 2385 2051 2419 transferuntur
2080 2389 2182 2419 domi-

1190 2428 1246 2459 nia
1263 2428 1336 2459 iure
1360 2426 1529 2460 divino'et
1546 2428 1701 2461 naturali.

1276 2513 1379 2546 Tales
1413 2514 1651 2547 translationes
1672 2523 1752 2548 ‘non
1767 2517 1931 2549 oriuntur
1953 2518 1996 2550 ab
2011 2518 2181 2560 *imperiis

1189 2557 1411 2601 Magistratus
1435 2560 1477 2590 sit
1499 2565 1617 2591 eustos
1640 2558 1730 2591 illius
1753 2561 1897 2593 ordinis:
1915 2561 1978 2593 Sic
1992 2571 2068 2594 ‘nec
2091 2562 2182 2594 attri-

1189 2602 1261 2676 {uit
1283 2602 1624 2643 tibisshaereditatem,
1658 2604 1719 2635 sed
1742 2606 1792 2636 =sit
1816 2610 1932 2637 custos
1962 2611 2181 2638 etexecutor

1221 2655 1332 2688 egum.
