2383 2990
178 120 243 153 213

179 222 248 252 est,
278 215 324 246 ita
341 215 374 245 in
399 212 581 256 Symb010‚
616 224 690 245 eum
715 214 852 251 dicitur,
876 213 986 245 Credo
1009 214 1041 244 in
1066 224 1166 244 unum

177 259 286 291 Deum
323 257 406 288 fides
440 258 608 288 intueatur
642 256 719 288 illas
742 256 999 298 patel'actiones,
1023 263 1056 287 ut
1082 257 1167 287 sciat

177 312 274 344 quem
320 300 428 332 Deum
474 299 694 342 alloquamur,
740 307 772 331 et
817 301 942 342 cogitet
980 300 1167 331 testimonia

178 345 320 376 omnium
344 351 526 385 temporum
550 355 590 375 ac
614 344 868 385 promissiones,
892 349 928 374 ut
951 349 1074 374 statuat
1087 353 1167 374 vere

176 398 240 420 nos
264 388 367 430 recipi
391 395 424 419 et
447 387 605 418 exaudiri.

263 474 408 506 Primum
432 480 542 505 autem
566 473 735 504 sciendum
759 479 826 510 est,
861 482 981 502 nomen
1005 471 1069 502 Dei
1100 472 1166 502 usi-

177 523 245 549 tate
277 518 457 548 essentiam
483 518 625 548 divinam
649 516 852 558 significare.
899 515 1044 546 Primum
1068 516 1167 557 igitur

177 561 322 592 definitio
346 560 410 591 Dei
435 560 666 591 constituenda
691 565 754 597 est,
779 565 811 590 et
836 559 877 590 (16
900 560 1026 590 unitate
1050 569 1166 590 essen-

177 605 242 636 tiae
266 605 451 636 dicendum.

264 689 344 722 Cum
368 695 478 721 autem
501 688 665 720 humanae
696 688 812 719 rationi
836 689 867 719 in
893 687 1062 719 creatione
1085 688 1166 719 indi-

177 740 210 765 ta
233 735 276 765 sit
298 734 414 764 notitia
432 732 494 763 Dei
518 732 623 770 firma,
648 742 733 774 quae
757 742 831 762 cum
855 738 933 773 post
957 732 1165 772 depravatio-

174 787 250 808 nem
274 784 411 808 naturae
434 786 500 807 non
524 785 664 817 prorsus
689 775 836 806 extincta
864 776 924 813 sit,
961 782 1071 806 manet
1092 774 1165 805 reli-

174 830 240 862 qua
275 819 419 851 scintilla
454 820 525 850 eius
548 819 684 850 notitiae
708 819 741 849 in
765 824 834 849 toto
860 829 983 860 genere
1008 818 1165 856 humano,

174 865 251 905 quia
274 862 343 895 vult
363 862 458 893 Deus
482 863 513 893 in
539 862 634 892 1101115
659 872 793 893 manere
818 861 939 903 legem,
964 872 1048 903 quae
1073 872 1166 892 mon-

172 912 256 937 stret
278 907 405 948 ipsum,
441 911 473 937 et
497 905 616 936 deinde
641 912 789 936 nostram
814 905 1069 936 inobedientiam
1093 904 1165 935 hor-

171 948 299 981 ribilem
322 954 455 991 arguat,
488 955 638 987 accuset,
672 954 703 980 et
734 949 877 979 1161111161.
935 949 1014 979 11160
1041 949 1165 989 passim

170 992 328 1035 leguntur
358 993 601 1033 descriptiones
625 992 688 1022 Dei
723 993 820 1022 etiam
854 998 952 1022 extra
977 991 1164 1023 Ecclesiam

171 1036 328 1077 scriptae,
362 1037 450 1076 apud
474 1034 559 1066 alios
582 1034 686 1073 aliae,
721 1045 807 1077 quae
840 1036 1021 1076 prudenter
1051 1035 1165 1066 diiudi-

173 1080 299 1111 candae
324 1086 411 1111 sunt.
446 1079 529 1110 Nam
554 1078 667 1110 Stoica
692 1078 827 1120 longius
852 1079 974 1109 recedit
1000 1089 1019 1109 a
1042 1079 1164 1109 verita-

170 1128 216 1161 te,
241 1134 327 1164 quae
347 1123 475 1154 etiamsi
499 1122 711 1160 dicit,Deum
734 1132 811 1153 6556
834 1128 976 1152 mentem
995 1128 1164 1152 aeternam

170 1172 279 1197 tamen
305 1165 429 1198 infundi
454 1176 526 1196 eam
552 1166 583 1195 in
608 1166 720 1196 mundi
745 1176 899 1206 corpora,
924 1176 1063 1206 eamque
1087 1175 1164 1196 cau-

170 1210 219 1240 sis
243 1210 399 1240 secundis
423 1209 473 1240 516
491 1207 662 1251 alligatam
687 1218 777 1245 esse,
800 1214 836 1238 ut
859 1219 921 1239 nec
940 1209 1047 1250 possit
1068 1206 1165 1239 aliter

170 1262 320 1291 movere,
343 1263 442 1294 quam
466 1253 553 1283 cient
576 1262 700 1283 causae
724 1252 904 1283 secundae.

259 1337 446 1376 Platonica,
466 1339 527 1369 etsi
552 1344 601 1369 est
625 1336 846 1375 insufficiens,
871 1343 980 1368 tamen
1005 1347 1063 1368 eas
1087 1347 1163 1378 pro—

168 1382 328 1422 prietates
353 1382 519 1419 continet,
540 1391 625 1422 quae
648 1388 815 1422 utcunque
850 1379 926 1412 luce
958 1379 1098 1412 naturali
1122 1381 1163 1411 de

168 1424 245 1457 Deo
280 1425 354 1456 sine
387 1423 613 1466 patefactione
648 1425 758 1455 divina
788 1425 878 1455 cerni
903 1430 1055 1465 possunt.
1101 1423 1163 1455 Est

169 1475 277 1500 autem
301 1467 385 1499 haec
409 1469 606 1509 descriptio:
630 1467 724 1499 Deus
750 1473 800 1498 est
814 1478 907 1498 mens
922 1474 1163 1505 aeterna,cau-

170 1522 209 1543 sa
244 1512 322 1543 boni
355 1513 387 1543 in
412 1518 540 1542 natura.
587 1510 728 1542 Tantum
752 1511 836 1542 ratio
861 1510 1021 1542 naturalis
1046 1517 1163 1542 utcun-

169 1565 235 1598 que
258 1556 360 1593 videt,
394 1553 503 1586 Deum
528 1565 606 1586 esse
629 1555 862 1592 substantiam,
886 1555 958 1585 sine
978 1553 1066 1585 mole
1090 1564 1164 1585 eor-

168 1609 283 1640 porea,
306 1597 557 1640 intelligentem,
582 1600 788 1640 sapientem,
812 1599 961 1629 veritatis
985 1603 1162 1635 amantem,

167 1643 300 1681 iustam,
325 1641 520 1680 beneficam,
545 1648 684 1680 castam,
709 1642 873 1673 vindicem
901 1642 1064 1672 atrocium
1089 1651 1163 1671 sce-

167 1684 290 1723 lerum,
327 1696 460 1717 causam
486 1685 611 1716 ordinis
636 1691 669 1716 et
692 1687 852 1716 bonarum
882 1695 993 1716 rerum
1019 1685 1162 1716 omnium

167 1729 200 1760 in
226 1729 289 1759 hac
312 1729 531 1760 universitate
555 1729 676 1759 mundi.
724 1728 816 1759 Haec
836 1727 930 1759 multi
954 1727 1105 1771 legentes
1129 1729 1162 1758 in

167 1770 402 1813 Philosophis,
439 1773 587 1814 cogitant
616 1770 743 1803 nullum
774 1772 951 1803 discrimen
977 1782 1055 1802 esse
1078 1772 1163 1802 inter

167 1814 418 1856 Philosophiam
444 1822 476 1846 et
500 1816 684 1846 doctrinam
710 1813 896 1846 Ecclesiae.
951 1815 1161 1846 Admonendi

168 1865 246 1890 sunt
269 1859 371 1901 igitur
394 1859 631 1900 imperitiores,
666 1858 873 1889 Platonicam
905 1859 1162 1900 descriptionem

167 1901 313 1934 mutilam
349 1913 437 1933 esse.
485 1902 651 1944 lntegram
686 1912 767 1933 vero
804 1902 844 1932 de
868 1901 942 1932 Deo
967 1903 1163 1940 dot-trinam,

168 1956 235 1977 non
260 1946 292 1976 in
317 1945 555 1987 Philosophia,
587 1946 646 1977 sed
676 1946 707 1976 in
733 1943 888 1976 Ecclesia
914 1944 977 1976 Dei
1002 1956 1162 1987 quaeren-

168 1989 244 2020 dam
280 2000 376 2028 esse,
407 1990 463 2021 ubi
497 2000 535 2020 se
571 1990 672 2020 certis
697 1995 729 2020 et
752 1987 938 2020 illustribus
964 1990 1161 2020 testimoniis

167 2031 339 2074 patefecit,
363 2043 404 2064 ac
428 2043 522 2064 suam
547 2033 731 2063 doctrinam
752 2043 812 2074 per
836 2033 961 2074 scripta
981 2032 1161 2073 Propheta-

168 2086 242 2107 rum
265 2082 297 2107 et
321 2075 565 2117 Apostolorum
589 2077 717 2108 servari
740 2082 773 2107 et
796 2077 978 2118 propagari
1001 2074 1116 2108 voluit.

259 2161 305 2193 Sit
343 2162 442 2204 igitur
470 2163 556 2194 haec
592 2162 738 2194 definitio
762 2162 825 2194 Dei
849 2163 998 2205 integra,
1033 2162 1119 2193 sicut
1141 2173 1161 2193 a

171 2203 246 2236 Deo
271 2212 455 2236 monstrata
479 2212 511 2237 et
535 2216 594 2248 per
608 2206 807 2247 Prophetas,
833 2205 1002 2237 Christum
1028 2212 1059 2236 et
1074 2206 1162 2247 Apo-

170 2247 277 2278 stolos
301 2255 486 2290 propagata
509 2256 570 2280 est.
605 2250 700 2281 Deus
719 2257 771 2281 651,
796 2250 942 2281 essentia
966 2249 1160 2290 spiritualis,

170 2291 374 2333 intelligenS,
397 2299 545 2331 aeterna,
569 2304 683 2331 verax,
710 2295 809 2331 bona,
833 2294 932 2331 iusta,
955 2294 1159 2332 misericors,

170 2341 278 2373 casta,
302 2334 488 2374 liberrima,
511 2337 691 2367 immensae
714 2338 882 2378 potentiae
907 2343 939 2367 et
963 2337 1159 2377 sapientiae,

169 2378 272 2410 Pater
295 2385 469 2417 aeternus,
504 2380 557 2421 qui
583 2379 699 2411 Filium
723 2381 898 2422 imaginem
923 2390 1016 2411 suam
1040 2381 1082 2411 ab
1106 2391 1161 2411 ae-

170 2427 266 2453 terno
290 2423 422 2464 genuit,
447 2428 480 2453 et
502 2421 624 2461 Filius,
647 2424 757 2466 imago
782 2424 891 2455 Panis
917 2430 1107 2461 coaeterna,
1128 2430 1161 2455 et

169 2465 315 2506 Spiritus
340 2472 477 2497 sanctus
502 2467 690 2507 procedens
714 2478 734 2499 a
759 2467 858 2499 Patre
882 2473 912 2498 et
938 2466 1039 2505 Filio,
1073 2468 1160 2499 sicut

168 2507 339 2551 patefacta
365 2516 414 2540 est
438 2510 592 2541 divinitas
608 2518 710 2541 ‘certo
734 2513 851 2549 verbo,
876 2511 964 2552 quod
990 2510 1088 2541 l'ater
1106 2521 1159 2542 ae-

169 2558 304 2591 ternus,
340 2564 414 2584 cum
438 2551 522 2584 Filio
557 2559 590 2584 et
621 2553 746 2595 Spiritu
774 2561 894 2585 sancto
919 2554 1101 2585 condiderit
1126 2561 1159 2586 et
1184 2570 1189 2597 2

170 2602 285 2628 servet
308 2596 439 2628 coelum
464 2602 498 2628 et.
520 2602 656 2636 terram,
680 2604 713 2630 et
737 2608 853 2629 omncs
867 2604 1052 2636 creaturaS,
1071 2603 1105 2629 et
1127 2597 1160 2629 in
1184 2601 1190 2626 t

816 117 873 150 lv.
897 116 1158 150 ENARRATIO
1183 117 1382 150 SYMBOLI
1410 117 1572 151 NICENt.

2147 119 2212 151 214

1221 223 1344 255 genere
1378 213 1522 246 humano
1559 215 1693 246 condito
1723 215 1766 245 ad
1795 214 1972 255 imaginem
1995 224 2090 246 suam
2115 221 2147 246 et
2169 215 2212 246 ad

1220 263 1344 288 certam
1368 258 1600 296 obedientiam,
1626 257 1764 299 elegerit
1789 258 1852 288 sibi
1872 255 2076 295 Ecclesiam,
2110 264 2146 289 ut
2169 258 2211 289 ab

1220 311 1259 331 ea
1283 301 1365 331 haec
1389 311 1454 331 una
1480 307 1512 332 et
1535 312 1616 333 vera
1641 302 1795 333 divinitas
1817 300 1986 342 patefacta
2010 302 2109 332 certis
2122 302 2212 332 testi·

1220 344 1350 381 moniis,
1364 350 1394 374 et
1407 354 1467 385 per
1480 346 1620 376 verbum
1649 345 1803 376 traditum
1827 344 2006 386 Prophetis
2020 350 2052 376 et
2066 345 2212 385 Aposto-

1219 385 1281 425 115,
1317 393 1540 425 atrnoscatur,
1580 388 1766 426 invocetur,
1790 393 1823 419 et
1846 387 1989 426 colatur,
2023 388 2115 418 iuxta
2139 398 2211 419 ver-

1222 431 1298 461 bum
1321 412 1400 461 illud
1431 431 1586 462 divinitus
1611 432 1778 470 traditum,
1802 437 1834 462 et
1869 432 2066 463 damnentur
2096 441 2213 462 omnes

1222 472 1350 512 cultus,
1392 474 1445 515 qui
1490 474 1617 516 fingunt
1661 473 1746 505 alios
1788 474 1898 513 Deos,
1941 481 1972 506 et
2012 474 2097 506 haec
2131 484 2214 506 vera

1221 518 1375 548 divinitas
1400 518 1430 547 in
1456 524 1525 549 tota
1549 518 1742 549 aeternitate
1767 516 1967 549 celebretur.
2013 517 2110 549 Hanc
2134 517 2213 549 defi·

1221 561 1379 591 uitionem
1403 560 1549 592 sciamus
1569 572 1636 592 non
1661 571 1737 591 esse
1760 568 1872 592 natam
1896 562 1928 592 in
1948 562 2077 592 ratione
2100 560 2213 592 huma-

1220 614 1282 641 na,
1317 610 1351 635 ut
1376 603 1549 635 Platonica
1583 603 1748 641 definitio,
1783 604 1844 635 sed
1868 605 2055 636 doctrinam
2078 614 2157 637 esse
2180 606 2213 636 in

1219 645 1378 678 Ecclesia
1402 646 1584 678 revelatam
1607 648 1683 679 inde
1706 658 1813 689 usque
1836 648 1878 679 ab
1903 648 2003 679 initio.

1308 707 1406 742 Quod
1430 708 1515 738 enim
1538 707 1632 739 Deus
1657 709 1698 739 sit
1724 709 1872 739 essentia
1894 708 2094 749 spiritualis,
2115 708 2213 739 adfir—

1220 757 1285 781 mat
1311 750 1478 789 Christus,
1503 752 1674 792 111111116115,
1710 750 1824 783 lohan.
1849 751 1880 782 4.
1925 750 2020 783 Deus
2044 758 2096 783 est
2119 752 2214 793 spiri·

1220 800 1286 832 tus,
1309 794 1342 825 id
1366 801 1430 831 651,
1451 805 1516 826 non
1541 801 1591 825 est
1613 793 1797 832 elementis,
1823 801 1878 826 eut
1903 794 1989 826 coeli
2003 802 2121 827 natura
2135 805 2213 827 eon-

1219 838 1330 868 ssatus.
1378 838 1445 869 Sed
1481 837 1545 869 alia
1576 839 1739 880 quaedam
1769 840 1932 876 essentia,
1969 849 2068 880 quain
2093 840 2125 870 in
2149 837 2215 870 hac

1219 882 1342 912 misera
1378 880 1523 923 caligine
1558 881 1707 913 mortalis
1743 882 1830 913 vitae
1855 882 2000 913 nondum
2025 881 2215 924 intelligere

1218 935 1408 964 possumus.
1446 926 1514 956 Sed
1539 935 1715 956 cernemus
1740 926 1772 957 111
1798 924 1855 956 illa
1878 931 2015 957 aeterna
2036 932 2214 957 consuetu-

1219 969 1293 998 dine
1314 978 1438 1007 eoram,
1462 969 1505 999 ad
1529 979 1630 1010 quam
1652 979 1742 1000 nunc
1766 968 1922 1000 Ecclesia
1946 975 2087 1001 vocatur
2100 967 2213 1000 61601-

1216 1010 1339 1054 ligitur.

1306 1071 1437 1103 Deinde
1457 1073 1545 1114 quod
1570 1073 1612 1103 sit
1634 1071 1792 1103 Essentia
1814 1071 2025 1115 intelligens,
2048 1078 2215 1104 testantur

1216 1115 1303 1146 haec
1323 1117 1426 1147 verba
1451 1117 1483 1146 111
1505 1116 1685 1153 creatione,
1711 1115 1803 1147 Dixit
1816 1116 1922 1148 Deus.
1957 1115 2081 1148 Dicere
2104 1122 2214 1148 autem

1218 1166 1268 1190 est
1293 1160 1502 1190 substantiae
1526 1159 1757 1202 intelligentis,
1782 1170 1849 1191 non
1874 1160 2003 1191 brutae.

1305 1218 1404 1255 Quod
1439 1221 1481 1250 sit
1513 1221 1741 1261 omnipotens,
1772 1219 1987 1251 confirmatur
2020 1230 2061 1251 ex
2096 1221 2213 1251 eadem

1217 1265 1406 1295 narratione
1439 1263 1471 1294 in
1508 1263 1646 1301 Genesi,
1692 1263 1728 1294 ln
1761 1264 1923 1304 principio
1959 1264 2085 1295 creavit
2119 1262 2214 1295 Deus

1218 1305 1349 1338 coelum
1363 1313 1395 1338 et
1409 1314 1541 1337 terram.
1585 1306 1667 1338 Cum
1687 1309 1773 1338 enim
1797 1308 1907 1338 omnia
1943 1307 2146 1345 condid-erit,
2181 1313 2214 1338 et

1217 1350 1348 1391 quidem
1373 1351 1446 1381 sine
1469 1351 1580 1391 priore
1603 1351 1753 1388 materia,
1776 1351 1837 1381 sed
1852 1351 2005 1389 dicendo,
2029 1349 2214 1382 declaravit

1217 1394 1291 1433 ipsa
1327 1395 1497 1424 creatione
1531 1404 1627 1424 suam
1652 1394 1934 1434 omnipotentiam.
1980 1393 2022 1425 Et
2044 1393 2133 1425 Esai,
2159 1394 2212 1424 44.

1217 1436 1290 1478 Ego
1325 1447 1398 1468 sum
1434 1436 1599 1467 Dominus
1636 1438 1790 1468 eonditor
1824 1438 1983 1476 omnium,
2027 1437 2214 1468 extendens

1217 1478 1334 1511 coelos
1358 1479 1466 1518 501115,
1491 1479 1666 1511 stabiliens
1692 1487 1828 1520 terram,
1860 1487 1892 1512 et
1915 1491 2013 1513 nemo
2037 1479 2123 1512 alius
2148 1485 2211 1519 est,

1217 1524 1272 1566 qui
1292 1534 1420 1555 mecum
1445 1524 1477 1554 id
1501 1523 1612 1555 saciat.

1304 1583 1345 1616 Et
1375 1583 1581 1616 voluntatem
1606 1585 1668 1616 Dei
1695 1583 1898 1619 liberrimam
1923 1594 2018 1624 esse,
2053 1590 2085 1616 et
2109 1583 2214 1616 libere

1217 1629 1410 1660 condidisse
1430 1639 1546 1659 01111165
1571 1635 1757 1668 creaturas,
1782 1639 1845 1660 nee
1858 1627 2027 1671 alligatam
2044 1638 2214 1669 655661111-

1217 1673 1263 1703 sis
1288 1673 1459 1709 secundis,
1484 1679 1625 1704 testatur
1648 1673 1771 1705 dictum
1794 1671 1938 1711 Psalmi,
1971 1672 2090 1704 Omnia
2113 1681 2213 1714 quae·

1218 1727 1350 1758 cunque
1373 1714 1488 1754 voluit,
1511 1715 1602 1748 feeit.

1305 1784 1435 1816 Deinde
1459 1795 1536 1816 esse
1560 1786 1682 1817 bonum
1702 1791 1735 1817 et
1752 1784 1952 1823 beneficum,
1977 1794 2143 1821 veracem,
2166 1784 2212 1816 iu·

1217 1835 1315 1868 stum,
1335 1829 1597 1867 misericordem,
1623 1835 1764 1867 castum,
1788 1829 1952 1870 probatur
1975 1839 2015 1859 ex
2034 1829 2109 1869 ipsa
2120 1826 2210 1870 lege,

1217 1884 1316 1915 quam
1352 1883 1418 1903 non
1454 1872 1563 1904 solum
1598 1871 1785 1904 illustribus
1816 1872 2014 1904 testimoniis
2042 1873 2075 1903 in
2100 1877 2212 1903 monte

1216 1918 1294 1948 Sina
1329 1916 1468 1947 terribili
1504 1927 1590 1948 voce
1620 1917 1815 1957 proposuit,
1851 1917 1912 1947 sed
1936 1916 2012 1947 inde
2036 1926 2143 1957 usque
2168 1915 2210 1946 ab

1215 1960 1307 1991 initio
1343 1961 1477 2001 generis
1511 1959 1645 1991 humani
1681 1970 1784 2001 saepe
1808 1960 1974 2000 repetivit,
1998 1965 2030 1990 et
2054 1959 2209 1990 omnibus

1215 2004 1423 2043 temporibus
1447 2010 1591 2035 testatus
1615 2010 1668 2035 est
1692 2010 1724 2034 et
1748 2004 1925 2034 testabitur
1948 2001 2109 2044 exemplis
2132 2001 2209 2033 hor-

1214 2046 1380 2086 ribilibus,
1406 2047 1585 2088 displicere
1609 2047 1673 2078 sibi
1692 2046 1781 2078 facta
1805 2047 1972 2078 contraria
1991 2046 2069 2088 legi.
2114 2045 2156 2076 Et
2176 2045 2209 2076 in

1214 2089 1352 2122 Psalmo
1376 2091 1508 2130 dicitur,
1522 2090 1598 2122 Non
1612 2090 1707 2122 Deus
1730 2089 1849 2122 volens
1872 2090 2077 2132 iniquitatem
2099 2094 2135 2120 tu
2159 2098 2208 2120 65.

1303 2160 1361 2192 Sic
1397 2166 1429 2191 et
1460 2160 1606 2191 narratio
1642 2160 1684 2191 de
1718 2160 1888 2191 creatione
1922 2158 2066 2190 hominis
2098 2159 2208 2195 docet.

1214 2202 1324 2245 qualis
1359 2204 1399 2235 sit
1426 2203 1530 2235 Deus.
1577 2203 1753 2235 Faciamus
1777 2204 1942 2234 hominem
1965 2204 2007 2234 ad
2031 2203 2208 2244 imaginem

1214 2257 1246 2278 et
1270 2246 1513 2278 similitudinem
1540 2254 1699 2279 nostram.
1731 2246 1813 2279 Cum
1837 2247 1937 2288 igitur
1959 2246 2125 2277 mentibus
2148 2244 2207 2276 hu-

1214 2292 1320 2322 manis
1339 2292 1458 2322 insitae
1482 2291 1547 2322 sint
1570 2289 1664 2333 leges
1689 2291 1934 2332 praecipientes
1954 2290 2137 2326 veritatem,
2160 2289 2206 2320 iu·
2244 2303 2245 2306 ¹

1214 2335 1350 2373 sutiam,
1384 2333 1654 2372 beneficentiam,
1689 2335 1897 2371 castitatem,
1931 2343 2074 2364 11666556
2098 2332 2206 2363 estin

1215 2377 1288 2409 Deo
1313 2377 1379 2410 tale
1402 2378 1557 2409 iudicium
1582 2384 1613 2409 et
1637 2376 1724 2408 tales
1748 2378 1888 2409 virtutes
1919 2386 2009 2407 esse.
2054 2375 2126 2407 Etsi
2149 2385 2205 2407 au-

1214 2429 1280 2453 tem
1311 2421 1376 2453 hae
1406 2422 1539 2453 notitiae
1563 2423 1594 2453 in
1619 2422 1857 2462 depravatione
1879 2419 2044 2451 humanae
2067 2424 2207 2450 naturae

1215 2466 1430 2497 obscuriores
1455 2471 1545 2503 sunt,
1569 2471 1601 2496 et
1624 2465 1784 2496 adsensio
1808 2463 1995 2506 languidior
2008 2469 2070 2501 est,
2094 2469 2205 2494 tamen

1213 2507 1299 2540 haec
1329 2508 1384 2540 lux
1409 2520 1475 2540 non
1500 2515 1552 2540 est
1574 2519 1715 2550 prorsus
1740 2508 1904 2545 extincta,
1926 2512 1962 2538 ut
1985 2506 2105 2538 doceat
2128 2516 2204 2544 1105,

1214 2558 1247 2584 et
1270 2563 1349 2584 esse
1374 2552 1495 2592 Deum,
1517 2558 1550 2584 et
1575 2551 1684 2594 qualis
1706 2553 1768 2591 sit,
1793 2558 1828 2583 et
1850 2551 1894 2582 sit
1915 2549 2140 2582 testimonium
2162 2549 2204 2582 de

1212 2596 1334 2629 iudicio
1358 2595 1433 2628 Dei.

1997 2653 2048 2679 14·
