2383 2990
123 178 188 210 445
624 174 636 178 ”
772 176 815 207 V.
838 174 1105 207 EXPLICATIO
1130 175 1332 208 SYMBOLI
1354 174 1515 207 NICENI.
2089 176 2153 208 446

210 272 284 304 Huc
330 272 553 314 adiungantur
588 272 831 314 promissiones
866 269 1043 314 generales
1080 271 1110 301 in
1163 271 1219 312 qui
1252 269 1413 301 laboratis
1448 276 1480 302 et.
1504 270 1630 302 onerati
1665 271 1758 308 estis,
1794 275 1826 301 et
1856 280 1921 313 ego
1953 268 2149 302 refocillabo

125 315 302 356 Prophetis
325 316 479 349 traditae.
503 326 588 357 quae
613 326 678 346 non
703 314 814 347 solum
837 316 877 346 de
898 315 1031 345 Iudaica
1054 324 1111 355 po·
1164 325 1238 345 vos.
1285 314 1406 345 Esaiae
1429 314 1481 344 57.
1539 314 1703 345 Dominus
1731 314 1886 345 habitans
1911 324 1983 345 cum
2009 315 2151 346 contrito

121 358 191 390 litia
214 357 456 401 intelligantur:
481 358 651 389 Pertinent
670 360 755 389 enim
775 360 817 389 ad
842 359 1029 389 universam
1048 357 1112 387 Ee·
1165 364 1197 388 et
1220 356 1332 388 humili
1357 357 1493 397 Spiritu,
1517 363 1551 388 ut
1596 368 1634 388 or
1659 357 1813 395 vivificet,
1849 357 1931 388 Cum
1955 357 2055 399 igitur
2077 369 2152 399 pro-

122 401 270 440 clesiam,
295 403 371 444 quia
393 401 488 433 Deus
512 401 582 433 vult
607 403 758 432 omnibus
788 401 992 442 temporibus
1017 400 1111 431 Invo·
1166 401 1278 431 missio
1304 401 1429 441 gratiae
1453 407 1484 431 et
1507 401 1594 431 vitae
1618 407 1772 432 aeternae
1797 400 1862 432 illis
1886 401 1968 442 ipsis
1982 400 2151 440 offeratur,

123 446 301 483 mationem,
322 445 446 484 Fidem,
471 444 584 486 Spem,
605 444 792 476 Gratiarum
817 445 981 475 actionem
1004 444 1036 474 in
1060 443 1112 474 bis
1166 444 1222 485 qui
1246 444 1425 474 amiserunt
1452 444 1537 474 bona
1561 443 1759 485 corporalia,
1784 451 1816 475 et
1841 445 1894 486 qui
1916 450 1993 475 sunt
2016 444 2048 474 in
2069 455 2153 475 mor-

121 487 409 520 consolationibus
434 489 594 520 exerceri.
622 487 701 519 Vult
721 494 752 518 et
774 488 996 529 praesentiam
1017 497 1109 518 suam
1165 495 1209 524 te,
1233 486 1443 518 manifestum
1469 493 1519 517 est
1543 486 1629 517 hanc
1642 494 1810 518 aeternam
1825 489 2078 528 promissionem
2104 498 2155 519 re-

119 532 152 563 in
176 531 343 570 Ecclesia,
366 533 399 563 in
422 530 532 563 multis
556 530 980 563 mirandisliberationibus
1001 538 1111 561 osten·
1164 531 1329 561 tinendam
1354 541 1442 568 esse,
1467 531 1562 560 etiam
1587 531 1717 561 amissis
1742 532 1893 562 omnibus
1915 531 2010 562 bonis
2035 541 2154 573 corpo-

121 576 212 607 dere.
280 575 368 606 Nota
391 577 456 606 sint
479 576 579 617 igitur
603 573 682 605 talia
706 575 812 612 dicta,
848 581 883 605 ut
907 572 1031 605 Psalin.
1057 573 1110 604 49.
1165 573 1302 609 ralibus,
1326 575 1415 604 iuxta
1440 573 1676 604 iuramentum:
1714 574 1799 605 Vivo
1824 585 1905 616 ego,
1937 575 2013 606 dicit
2040 574 2153 606 Domi-

120 618 245 649 lnvoca
279 629 331 650 me
366 620 397 650 in
434 618 486 650 die
510 617 744 656 tribulationis,
768 625 800 648 et
824 628 887 659 ego
908 618 1042 658 eripiam
1069 623 1111 655 te,
1165 628 1244 655 nus,
1278 616 1365 648 Nolo
1387 623 1523 647 mortem
1549 618 1756 658 peccatoris,
1791 618 1849 648 sed
1878 624 1913 648 ut
1937 624 2154 649 convertatur

121 668 154 693 et
173 660 379 703 glorificabis
404 672 457 693 me
481 668 544 693 etc.
608 660 729 692 Psalm.
754 660 806 692 33.
831 661 963 691 Leones
988 661 1111 692 esurie·
1165 668 1197 692 et
1221 661 1321 692 vivat.
1367 660 1407 691 Et
1434 659 1555 691 Psalm.
1575 660 1627 691 67.
1700 660 1791 692 Deus
1815 667 1942 699 noster,
1966 660 2063 692 Deus
2088 659 2152 692 sal-

121 711 217 743 runt,
251 705 376 736 timenti
411 712 520 736 autem
554 704 732 735 Dominum
768 716 834 735 non
870 704 974 735 deerit
1007 703 1111 735 ullum
1166 715 1227 735 vos
1250 703 1361 742 faciet,
1386 709 1417 734 et
1442 704 1474 734 in
1495 703 1638 734 Domino
1663 703 1737 734 Deo
1762 711 1813 735 est
1837 705 1943 735 exitus
1969 715 2009 735 ex
2034 710 2152 736 morte.

121 749 256 779 bonum.
302 747 429 779 Multae
441 748 674 779 tribulationes
698 748 872 785 iustorum,
896 753 927 778 et
953 757 992 778 ex
1008 747 1111 778 omni·
1166 747 1206 778 Et
1241 748 1282 778 ob
1319 747 1405 778 hane
1429 757 1576 784 causam,
1611 748 1788 788 promissio
1813 748 1941 789 gratiae
1965 749 2152 779 nominatur

120 792 185 822 bus
208 790 364 822 liberabit
387 801 447 822 eos
470 791 645 823 DominuS.
691 789 815 822 Psalm.
839 791 891 821 36.
937 790 971 821 ln
994 791 1110 821 diebus
1165 798 1335 822 aeternum
1358 797 1603 829 testamentum,
1628 791 1703 832 quia
1727 801 1781 821 res
1805 797 1960 822 aeternas
1987 791 2099 829 offert,
2121 798 2153 823 et

120 832 218 866 famis
238 836 488 866 saturabuntur.
540 834 632 865 Psal.
657 834 710 865 90.
780 834 944 869 Quoniam
969 832 1111 876 Angelis
1137 820 1142 892 Ι

122 878 193 909 suis
228 879 396 909 mandavit
430 878 471 909 de
494 884 538 916 te,
572 885 608 909 ut
633 878 821 909 custodiant
846 884 878 908 te
901 878 932 907 in
959 879 1111 908 omnibus

121 921 184 952 viis
209 922 284 952 tuis.
331 920 414 952 Cum
437 921 511 962 ipso
535 931 608 952 snm
632 922 664 952 in
688 920 903 952 tribulatione
928 927 991 952 etc.
1022 919 1112 951 Psal.
1137 896 1142 984 Ι

122 965 196 995 111.
220 962 427 995 Sufficientia
452 970 483 996 et
507 965 639 995 divitiae
661 965 693 995 in
718 965 815 996 domo
840 965 921 995 eius.
946 963 1023 994 Esai
1058 964 1111 995 58.

120 1006 253 1049 Frange
276 1008 433 1039 esurienti
455 1019 575 1050 panem
594 1014 702 1046 tuum,
734 1015 765 1039 et
790 1009 856 1040 eris
882 1006 972 1039 velut
995 1006 1112 1038 hortus

120 1051 276 1094 irriguus.

1166 836 1335 865 retinenda
1360 840 1412 865 est
1436 832 1532 865 etiain
1558 835 1689 865 amissis
1713 833 1786 865 aliis
1811 835 1923 865 rebus.
1971 834 2152 876 Utrumque

1165 878 1264 919 igitur
1288 878 1458 909 sciendum
1483 884 1545 915 est,
1570 876 1723 908 videlicet
1747 878 1926 908 discrimen
1956 879 2151 918 promissio-

1166 933 1256 959 num,
1292 928 1324 951 et
1359 922 1447 962 quod
1480 927 1632 962 oporteat
1662 931 1793 961 semper
1822 920 2017 962 praelucere
2041 922 2152 960 tidem,

1167 975 1252 1006 quae
1275 965 1395 1005 accipit
1420 965 1673 1005 promissionem
1699 965 1843 1006 gratiae,
1868 972 1897 995 et
1923 975 2054 1006 semper
2078 965 2153 996 reti-

1166 1009 1248 1045 neri,
1272 1009 1368 1039 etiam
1395 1019 1468 1039 cum
1495 1009 1581 1038 bona
1605 1007 1793 1049 corporalia
1815 1008 1939 1039 amissa
1950 1015 2040 1046 sunt,
2066 1009 2153 1039 sicut

1166 1053 1299 1083 tandem
1322 1052 1354 1082 in
1378 1057 1485 1082 morte
1498 1052 1708 1091 amittuntur.

207 1136 362 1179 Denique
385 1138 583 1179 saepissime
607 1138 767 1179 repetitae
781 1144 858 1168 sunt
882 1137 949 1168 hae
972 1137 1113 1178 promis-
1254 1129 1346 1160 Haec
1383 1134 1453 1160 10¹3
1483 1129 1645 1179 “l—OCU‘lssa
1682 1130 1820 1171 Pepeflta
1854 1128 2065 1180 est-PSsslmj
2101 1128 2153 1160 48·

120 1180 247 1219 siones,
283 1182 359 1222 quia
396 1192 469 1212 cum
505 1183 536 1212 ῑῃ
572 1183 672 1212 tamis
708 1182 796 1212 vitae
825 1180 986 1222 pel-{culis
1015 1181 1112 1211 animi
1166 1172 1259 1204 Mors
1283 1174 1433 1204 absumet
1459 1173 1590 1210 divites,
1615 1183 1727 1203 verum
1742 1172 1833 1204 Deus
1858 1173 1996 1204 redimet
2013 1182 2153 1204 annnam

119 1223 288 1255 hominum
312 1223 408 1255 valde
432 1225 519 1255 anxii
543 1226 606 1255 sint
633 1225 674 1256 de
687 1224 894 1262 defensione,
920 1225 961 1255 de
982 1221 1112 1262 sobole,
1165 1227 1272 1247 meam
1296 1227 1337 1247 ex
1361 1214 1488 1254 inferis,
1512 1216 1587 1257 quia
1611 1217 1771 1247 assum-55¹·
1794 1227 1856 1247 ¹¹¹2·

121 1267 162 1298 tle
186 1268 343 1299 'mediocri
368 1266 475 1298 forma
500 1267 653 1309 publicae
674 1268 946 1309 gubernationiS,
982 1273 1013 1298 et
1037 1278 1112 1298 cnm

119 1311 268 1351 trepidae
291 1317 418 1342 mentes
443 1321 544 1352 saepe
568 1318 748 1352 quaerant,
773 1322 814 1342 an
840 1311 944 1342 nostri
970 1312 1110 1352 gemitus

123 1359 155 1384 et
178 1354 357 1393 petitiones
383 1361 519 1385 nostrae
543 1354 716 1394 proficiant
731 1353 868 1395 aliquid,
892 1353 986 1385 Deus
1012 1356 1110 1385 toties

120 1396 268 1427 inculcat
302 1397 363 1427 lias
398 1398 651 1438 promissiones,
686 1403 721 1428 ut
756 1398 902 1428 sciamus
938 1398 1044 1438 ipsum
1079 1403 1111 1427 ut

119 1446 247 1480 patrem
283 1440 380 1470 etiam
402 1442 464 1471 ista
489 1441 577 1471 bona
596 1441 749 1472 daturum
772 1451 867 1480 esse,
898 1446 931 1471 et
955 1441 1111 1471 exaudire

120 1482 263 1525 gemitus
282 1489 431 1517 nostros.

1251 1293 1310 1325 His
1335 1294 1536 1324 necessariis
1561 1294 1842 1325 admonitionibus
1861 1294 2003 1331 traditis,
2023 1294 2085 1324 iam
2099 1303 2150 1324 or-

1164 1338 1239 1367 dine
1263 1338 1444 1368 recitentur
1467 1347 1600 1374 causae,
1637 1348 1739 1378 quare
1765 1337 1856 1369 Deus
1880 1337 2052 1369 tradiderit
2074 1347 2151 1378 pro-

1135 1381 1139 1427 Ι
1164 1381 1342 1411 missiones
1368 1382 1531 1411 bonorum
1552 1379 1787 1420 corporalium.

1250 1457 1360 1488 Prima
1384 1464 1448 1495 est,
1472 1456 1516 1488 Ut
1539 1457 1603 1488 hae
1626 1458 1870 1498 promissiones
1883 1457 1948 1488 sint
1961 1458 2150 1489 testimonia

1163 1501 1205 1531 de
1227 1502 1433 1542 providentia
1456 1500 1517 1531 Dei
1542 1508 1660 1532 contra
1683 1501 1866 1542 Epicureas
1887 1501 2151 1543 imaginationes,

1163 1554 1249 1585 quae
1273 1544 1401 1585 fingunt
1425 1555 1506 1575 casu
1530 1545 1643 1587 spargi
1671 1545 1802 1576 divitias
1833 1551 1865 1576 et
1888 1543 1952 1575 alia
1977 1546 2152 1576 commoda

1163 1587 1364 1629 corporalia,
1387 1588 1471 1618 sicut
1495 1589 1526 1619 in
1553 1588 1709 1619 Poe‘mate
1732 1589 1866 1619 dicitur:
1892 1588 2036 1619 Fortuna
2060 1599 2153 1629 spar-

1163 1632 1208 1672 git
1244 1642 1380 1663 muneia
1416 1641 1519 1662 coeca
1550 1643 1658 1662 mann.
1721 1631 1803 1662 Vult
1837 1638 1946 1663 autem
1970 1631 2065 1663 Deus
2091 1641 2151 1663 nos

1162 1675 1260 1712 scire,
1295 1682 1327 1705 et
1363 1675 1448 1706 haec
1474 1676 1559 1705 bona
1579 1677 1620 1706 ab
1645 1675 1719 1716 ipso
1743 1676 1875 1706 condita
1901 1686 1996 1713 esse,
2028 1681 2058 1705 et
2083 1676 2152 1717 qui-

1161 1718 1234 1748 dem
1259 1724 1395 1759 propter
1418 1717 1615 1756 Ecclesiam,
1641 1725 1672 1750 et
1696 1729 1759 1750 suo
1784 1718 1926 1750 consilio
1951 1718 2151 1750 dariEccle-

1161 1763 1231 1791 siae
1266 1772 1360 1800 suae,
1397 1769 1554 1804 qnantum
1586 1763 1645 1803 ipsi
1671 1763 1811 1793 videtur.
1875 1761 1955 1793 Vult
1978 1763 2039 1793 sibi
2065 1761 2151 1793 lianc

1161 1803 1301 1846 gloriam
1338 1806 1451 1843 tribui,
1486 1806 1577 1847 quod
1618 1807 1661 1836 sit
1691 1806 1842 1837 conditor
1876 1806 1994 1837 harum
2029 1817 2149 1844 rernm,

1161 1849 1249 1890 quod
1275 1849 1372 1880 etiam
1397 1850 1462 1880 vita
1475 1849 1663 1890 corporalis
1688 1860 1768 1880 suae
1792 1848 1981 1887 Ecclesiae,
2005 1850 2068 1889 ipsi
2093 1860 2148 1880 cu-

1161 1903 1219 1923 rae
1242 1893 1295 1923 sit.
1341 1891 1407 1923 Dat
1435 1892 1590 1924 Abrahae
1613 1892 1769 1934 hospitia,
1802 1899 1834 1924 et
1858 1904 1898 1924 ea
1922 1892 2068 1924 defendit
2091 1892 2148 1923 mi-

1160 1934 1321 1973 rabiliter,
1346 1937 1475 1967 etiamsi
1499 1936 1582 1967 alios
1607 1943 1720 1967 tenere
1754 1937 1797 1967 ibi
1822 1947 1923 1978 regna
1948 1943 1980 1967 et
2004 1938 2148 1967 maiores

1160 1990 1241 2020 opes
1267 1980 1354 2010 sinit.
1399 1979 1453 2011 De
1477 1979 1540 2011 hac
1565 1981 1667 2021 prima
1688 1991 1788 2011 causa
1814 1987 1929 2011 contra
1950 1979 2148 2021 Epicureos,

1160 2024 1379 2055 concionatur
1402 2023 1586 2055 Hieremias
1610 2025 1640 2054 in
1666 2024 1808 2055 Threnis
1833 2035 1904 2065 cap.
1929 2023 1958 2054 3.
1990 2023 2072 2058 Quis
2097 2028 2150 2054 est

1159 2067 1212 2108 qni
1237 2067 1330 2098 dicit:
1358 2067 1404 2097 Ex
1429 2078 1487 2098 ore
1513 2067 1642 2098 Domini
1669 2068 1882 2109 egredientur
1897 2078 1957 2098 nec
1975 2068 2061 2097 bona
2085 2077 2148 2098 nec

1157 2108 1269 2142 mala?
1336 2111 1376 2141 Et
1396 2110 1549 2141 Psalmus
1573 2111 1689 2153 inquit:
1716 2110 1847 2142 Leones
1873 2111 2070 2148 esurierunt,
2094 2109 2146 2141 Ti-

1157 2155 1258 2185 menti
1293 2161 1400 2185 autem
1436 2154 1613 2185 Dominum
1649 2165 1713 2185 non
1751 2155 1853 2185 deerit
1883 2152 1987 2186 ullum
2013 2155 2145 2185 bonum.

1157 2196 1248 2235 Item,
1272 2197 1383 2229 [ustus
1406 2208 1471 2228 non
1496 2199 1616 2238 peribit
1639 2199 1670 2229 in
1691 2196 1789 2229 same.

207 1568 309 1601 Simul
343 1575 452 1600 autem
476 1570 647 1600 sciendum
672 1576 735 1607 est,
768 1569 831 1601 has
853 1570 1108 1611 promissiones,

120 1622 195 1643 cum
218 1612 283 1643 hac
306 1613 475 1643 additione
493 1612 731 1655 intelligendas
755 1624 848 1652 esse,
883 1614 970 1654 quod
992 1613 1109 1645 Eccle-

119 1656 168 1686 sia
193 1656 345 1687 subiecta
369 1656 410 1687 sit
434 1657 545 1694 cruci,
570 1658 660 1688 iuxta
696 1657 834 1687 dictum:
871 1656 933 1692 Qui
963 1656 1032 1688 vult
1057 1668 1108 1688 me

119 1700 225 1740 sequi,
250 1698 347 1730 tollat
371 1711 504 1731 crucem
530 1711 636 1738 suam,
662 1706 694 1731 et
717 1707 878 1741 sequatur
903 1711 963 1734 me.
1011 1701 1108 1732 Item:

117 1741 244 1773 Multae
269 1742 500 1774 tribulationes
524 1745 697 1774 iustorum.
743 1743 814 1774 Etsi
835 1751 944 1775 antem
957 1755 1108 1786 pugnare

119 1785 282 1823 videntur,
306 1787 483 1826 promissio
504 1788 665 1818 bonorum
691 1786 933 1828 corporalium,
958 1795 988 1819 et
1014 1798 1108 1829 prae-

119 1829 218 1860 dictio
255 1829 295 1860 de
331 1840 453 1862 cruce:
482 1836 592 1861 tamen
617 1830 710 1861 Deus
734 1830 928 1862 mirabiliter
952 1831 1107 1862 conciliat

117 1878 278 1914 utrasque
301 1874 555 1913 praedictiones.
625 1876 764 1915 §cml-er
787 1875 872 1904 enim
897 1881 1009 1906 seivat
1034 1886 1108 1907 cor·
1132 1900 1135 1916 Ι

116 1926 179 1956 pus
205 1915 381 1947 Ecclesiae
405 1918 435 1948 in
460 1916 524 1949 hac
548 1918 634 1955 vita,
670 1924 701 1948 et
725 1918 809 1948 inter
836 1916 1051 1949 Diabolorum
1076 1924 1107 1949 et

117 1960 328 2000 imperiorum
348 1959 499 1998 furores,
533 1962 691 1992 mirandis
715 1961 822 1992 modis
847 1960 928 1992 illud
952 1963 1106 2004 protegit.
1131 1919 1135 2031 Ι

116 2001 159 2033 Et
182 2013 369 2044 quanquam
404 2003 508 2035 multa
542 2006 690 2035 membra
719 2006 885 2035 sustinent
908 2016 1106 2036 aerumnasz

117 2051 225 2077 tamen
245 2045 296 2077 liis
321 2057 454 2089 quoque
479 2048 534 2078 dat
559 2049 640 2079 certi
666 2050 824 2088 temporis
849 2060 995 2086 cursum,
1020 2056 1050 2079 et
1073 2050 1104 2080 in
1128 2034 1134 2261 Ι

116 2088 182 2120 hoc
204 2090 278 2130 ipso
303 2100 404 2121 cursu
429 2101 467 2122 ea
491 2090 648 2130 defendit,
672 2092 757 2123 sicut
789 2091 965 2123 Danielem
994 2099 1106 2123 servat

115 2133 202 2164 inter
235 2133 382 2172 Leones,
418 2134 550 2166 Petrum
576 2136 606 2166 in
633 2145 780 2172 carcere,
813 2134 950 2166 Paulum
974 2136 1004 2166 in
1026 2146 1105 2167 nau-

71 2191 73 2193 *
115 2175 229 2219 fragiis
253 2183 316 2208 ete.
343 2177 435 2209 Hanc
461 2178 725 2210 conciliationem
751 2179 913 2210 dictorum
938 2180 978 2210 de
992 2190 1104 2217 crure,

115 2227 147 2251 et
181 2221 414 2261 promission's
445 2223 608 2253 bonorum
652 2221 876 2264 corporalium
917 2222 1104 2264 intelligunt

113 2264 170 2305 pii,
205 2274 247 2295 ac
281 2263 377 2295 simul
398 2266 519 2303 sciunt,
553 2263 648 2296 aliam
673 2265 887 2308 principalem
913 2267 1104 2307 promissio-

114 2317 187 2338 nem
214 2317 302 2346 esse,
338 2308 465 2340 scilicet
488 2310 614 2350 gratiae
638 2317 667 2340 et
693 2316 904 2341 aeternornm
930 2311 1102 2348 bonorum,

114 2356 148 2382 et
171 2357 291 2382 norunt
325 2351 392 2383 hoc
425 2353 556 2394 insigne
580 2353 756 2384 discrimen
782 2354 988 2385 retinendum
1013 2364 1100 2384 esse.

114 2393 259 2425 Amissis
294 2395 447 2426 omnibus
484 2396 579 2426 bonis
611 2396 855 2437 corporalibus,
893 2404 1001 2428 tamen
1027 2398 1102 2428 reti-

113 2438 256 2469 nendam
280 2448 358 2469 esse
379 2439 631 2479 promissionem
658 2441 795 2481 gratiae,
817 2448 847 2472 et
863 2442 1022 2472 bonorum
1047 2451 1102 2471 ae-

113 2486 283 2512 ternorum
308 2488 338 2512 et
363 2480 446 2513 haec
469 2483 686 2514 anteferenda
710 2494 787 2515 esse
818 2485 914 2515 bonis
945 2495 1102 2525 corpora-

113 2523 212 2556 libus.
261 2524 339 2556 ldeo
364 2526 418 2557 lob
442 2526 545 2568 inquit
572 2527 680 2568 capive
703 2527 752 2559 13.
810 2527 946 2559 Etiamsi
972 2528 1102 2558 occidet

113 2579 176 2607 1118,
200 2570 345 2609 sperabo
369 2569 400 2600 in
421 2580 506 2601 eum.
532 2569 571 2601 Et
591 2570 755 2602 Dominus
778 2571 900 2613 inquit:
924 2571 974 2603 Ne
993 2572 1103 2602 timete

114 2621 175 2643 805
209 2612 264 2653 qui
299 2619 441 2653 possunt
475 2614 632 2645 occidere
654 2625 794 2655 corpus,
828 2617 970 2647 animam
993 2622 1103 2646 autem

113 2665 180 2687 11011
203 2662 348 2698 possunt
370 2656 536 2689 occidere.
581 2657 674 2697 Item,
696 2658 814 2690 Venite
835 2659 878 2691 ad
901 2669 954 2691 1118
976 2668 1104 2698 01111185,

1243 2266 1400 2297 Secunda
1435 2277 1556 2305 causa,
1599 2266 1641 2298 Ut
1674 2268 1914 2309 promissiones
1951 2264 2146 2307 corporales

1155 2310 1220 2341 sint
1243 2310 1430 2341 testimonia
1450 2311 1489 2342 de
1515 2312 1745 2342 conservanda
1770 2311 1925 2342 Ecclesia
1955 2311 1986 2340 in
2012 2310 2075 2341 liac
2101 2310 2146 2340 vi-

1155 2359 1198 2385 ta.
1246 2354 1338 2385 Sicut
1362 2354 1466 2395 inquit
1489 2353 1676 2386 Dom'nus:
1712 2354 1781 2385 Scit
1808 2355 1905 2385 Pater
1931 2359 2044 2385 vester
2069 2363 2145 2383 coe-

1154 2396 1260 2435 lestis,
1286 2398 1375 2439 quod
1401 2397 1451 2427 lii-s
1476 2398 1628 2428 omnibus
1649 2398 1835 2439 indigeatis.
1883 2397 1973 2435 item,
1992 2396 2146 2437 Evange-

1152 2439 1231 2472 lium
1257 2440 1356 2472 habet
1381 2441 1634 2482 promissionem
1658 2442 1847 2482 praesentis
1879 2447 1911 2472 et
1944 2439 2075 2471 futurae
2098 2439 2146 2471 vi·

1127 2498 1130 2505 ·
1154 2491 1219 2516 tae.
1265 2485 1355 2523 ltem,
1378 2485 1455 2516 Non
1479 2486 1597 2516 mortui
1620 2483 1802 2516 laudabunt
1825 2491 1858 2516 te
1881 2484 2023 2515 Domine
2047 2489 2112 2515 etc.

1237 2567 1354 2603 ‘Tertia
1380 2581 1496 2610 eausa,
1514 2570 1559 2602 Ut
1572 2570 1654 2602 fides
1668 2577 1864 2603 exerceatur
1887 2571 2045 2613 petitione
2070 2579 2143 2601 cor-

1155 2614 1319 2656 poralium
1355 2617 1527 2646 bonorum.
1596 2615 1681 2650 Quia
1716 2615 1814 2646 etiam
1839 2613 1956 2646 horum
1983 2616 2144 2645 bonorum

1156 2659 1315 2700 petitione
1346 2659 1418 2691 vult
1450 2657 1545 2690 Deus
1569 2659 1716 2690 exerceri
1739 2658 1856 2691 Fidem
1891 2665 1924 2690 et
1959 2657 2144 2690 Invocatio-
