2383 2990
175 139 240 172 229

261 233 297 265 In
327 230 450 265 talibus
484 233 733 264 narrationibus
769 231 883 263 officia
917 232 1164 269 deseribuntur,

175 279 217 310 de
250 277 373 319 quibus
406 286 509 317 saepe
539 275 786 308 commonefieri
809 273 998 307 Ecclesiam
1022 284 1163 306 necesse

175 326 236 354 est.

259 398 351 431 Alibi
379 398 570 430 testimonia
603 403 733 436 extant,
769 407 855 438 quae
878 396 1014 438 proprie
1038 400 1164 427 tantum

173 444 214 476 de
248 443 397 474 essentia
430 441 623 484 loquuntur,
654 447 690 472 ut
721 441 835 472 lolian-
861 440 890 471 l.
958 439 1000 470 Et
1024 440 1164 471 verbum

171 492 243 519 erat
261 485 367 518 Deus.
413 485 487 517 Etsi
505 490 615 517 autem
638 484 827 516 testimonia
840 484 880 514 de
894 483 1042 514 essentia
1066 483 1165 514 etiam

169 530 297 573 passim
320 539 442 572 sparsa
469 535 558 568 sunt,
581 535 693 560 tamen
716 527 852 568 saepius
872 527 913 558 de
932 526 1103 557 beneficiis·
1118 527 1164 557 di-

172 575 269 612 eitur,
293 574 383 616 quod
407 583 522 605 eorum
552 571 823 604 consideratione
847 570 987 602 accendi
1011 569 1109 601 fidem
1130 571 1164 601 in

170 618 334 649 mentibus
358 618 499 659 piorum,
525 621 556 647 et
579 615 680 647 vitam
698 620 870 647 aeternam
889 619 1054 656 oporteat.

256 694 388 727 Norunt
421 699 453 726 et
487 692 611 725 diaboli
641 703 681 724 ae
706 690 853 724 fatentur
876 691 995 723 Filium
1019 691 1084 724 Dei
1106 703 1164 724 na-

170 744 244 771 tura
272 738 381 771 Deum
415 748 514 776 esse,
550 746 691 779 eumque
714 735 918 768 horribiliter
937 737 1066 774 timent,
1102 736 1163 767 sed

170 782 354 815 doctrinam
384 782 425 813 de
459 781 633 813 beneficiis
669 790 798 812 summo
830 791 905 812 cum
930 778 1050 811 dolore
1074 780 1164 822 cogi-

169 831 252 865 tant,
287 826 364 868 quia
399 825 509 857 sciunt
533 835 572 856 ea
595 834 663 856 non
688 825 855 866 pertinere
879 824 921 854 ad
946 834 1003 863 se,
1038 824 1098 854 sed
1122 824 1164 854 ad

168 878 275 912 genus
305 868 500 907 humanum,
535 869 622 900 sieut
650 868 683 899 in
713 868 786 909 ipso
813 866 977 910 Symbolo
1001 867 1163 909 scriptum

167 918 236 945 est:
283 913 347 949 Qui
364 917 502 955 propter
523 922 588 943 nos
611 912 773 950 homines,
797 917 829 943 et
852 917 990 952 propter
1013 917 1163 942 nostram

166 955 308 988 salutem
331 962 395 988 etc.
440 955 483 987 Et
506 955 602 987 Rom.
632 955 663 986 5.
689 956 824 987 dieitur:
856 955 951 986 Sicut
981 965 1041 996 per
1064 954 1163 986 unius

166 998 322 1032 delictum
359 999 592 1031 condemnatio
626 1000 659 1030 in
684 1009 800 1030 omnes
824 997 995 1037 homines,
1030 999 1080 1029 sic
1103 1008 1163 1039 per

164 1045 262 1076 unius
292 1044 449 1076 iustitiam
473 1043 517 1074 ad
540 1053 655 1074 omnes
686 1043 838 1074 homines
862 1042 1051 1074 iustificatio
1074 1043 1162 1073 vitae

165 1088 329 1130 pervenit.

254 1165 298 1197 Ut
322 1166 421 1208 igitur
444 1166 477 1197 in
501 1171 687 1205 conspeetu
710 1164 774 1205 piis
798 1164 841 1194 sit
865 1164 1017 1194 «lontrina
1046 1163 1087 1194 de
1110 1164 1160 1194 ira

165 1208 242 1247 Dei,
278 1219 320 1241 ae
344 1209 464 1240 deinde
487 1206 674 1240 consolatio
710 1218 796 1249 quae
827 1207 980 1238 accendit
1003 1207 1160 1238 iustitiam

167 1258 199 1284 et
231 1253 332 1284 vitam
367 1258 538 1283 aeternam
571 1252 604 1282 in
628 1251 737 1289 nobis,
771 1251 845 1281 ideo
869 1251 902 1282 in
927 1250 1103 1292 Prophetis
1128 1256 1161 1282 et

167 1297 388 1328 cont-ionibus
411 1295 486 1327 Filii
509 1294 572 1326 Dei
596 1300 629 1326 et
652 1293 1044 1335 Apostt=101-11=usaeptus
1066 1304 1160 1336 repe-

166 1340 225 1371 tita
248 1345 301 1371 est
320 1339 473 1371 doctrina
508 1339 550 1370 de
573 1339 723 1369 miranda
749 1337 934 1369 humilitate
958 1338 1104 1369 Messiae
1128 1344 1161 1369 et

165 1384 336 1424 passione,
349 1388 382 1415 et
395 1382 436 1413 de
449 1382 702 1418 intercessione,
716 1386 748 1412 et
771 1381 890 1411 deinde
902 1381 1161 1420 resurrectione,

165 1436 271 1469 regno
295 1432 328 1458 et
349 1426 543 1467 praesentia
565 1424 713 1457 Messiae
737 1425 769 1456 in
792 1423 959 1456 Ecclesia.

253 1512 414 1545 Tenenda
438 1518 491 1544 est
515 1519 548 1544 et
570 1511 655 1543 haee
679 1511 859 1543 distinctio.
905 1510 984 1542 Alia
1001 1512 1090 1543 dicta
1113 1509 1162 1543 lo-

169 1562 313 1599 quuntur
336 1557 378 1588 de
401 1566 529 1588 arcana
552 1556 796 1598 gubernatione
820 1565 894 1587 cum
907 1560 1014 1597 patre,
1038 1560 1096 1586 aut
1121 1556 1162 1586 de

167 1605 330 1642 regnante
353 1600 494 1638 Messia,
518 1606 565 1639 ut,
586 1598 680 1634 Quae
703 1605 799 1641 pater
822 1598 914 1637 facit,
939 1598 1023 1630 haec
1050 1604 1081 1630 et
1109 1599 1163 1630 Fi-

166 1641 231 1675 lius
255 1642 408 1675 similiter
430 1642 522 1675 facit.
569 1642 648 1674 Alia
671 1642 713 1674 de
735 1641 908 1674 humiliato
933 1652 994 1674 seu
1017 1642 1163 1684 patiente

166 1685 316 1726 Christo,
338 1692 374 1718 ut
398 1697 472 1719 cum
495 1692 638 1719 vocatur
661 1684 883 1718 maledictum.
929 1688 976 1718 Ita
996 1686 1083 1718 enim
1108 1687 1163 1718 de-

167 1735 297 1762 cretum
329 1729 390 1762 fuit
412 1731 446 1762 in
469 1724 528 1762 illo
551 1739 676 1761 arcano
702 1728 844 1762 consilio
875 1729 959 1769 Dei,
992 1736 1028 1762 ut
1058 1729 1162 1762 Filius

166 1779 260 1806 certo
286 1779 436 1815 tempore
460 1773 556 1805 fieret
577 1773 726 1812 victima,
762 1783 828 1815 quo
847 1779 998 1815 tempore
1021 1774 1163 1815 praesti—

165 1817 204 1849 tit
236 1817 326 1848 hanc
355 1817 539 1849 mirandam
569 1816 793 1848 obedientiam
825 1823 962 1849 aeterno
987 1817 1095 1856 Patri,
1128 1822 1164 1849 ut

166 1860 358 1903 quiesceret
382 1866 415 1892 et
437 1861 564 1892 sineret
586 1861 620 1892 in
643 1870 683 1892 se
705 1859 829 1892 effundi
847 1860 1048 1892 horrendam
1067 1860 1162 1900 iram,

163 1910 284 1936 nostra
306 1909 445 1946 peecata
469 1905 670 1946 punientem.
716 1903 771 1936 Dc
798 1904 894 1936 huius
927 1905 1009 1936 certi
1036 1909 1163 1946 tempo-

163 1948 212 1980 ris
235 1948 426 1980 obedientia
442 1946 625 1990 loquuntur
636 1946 742 1979 multa
765 1948 865 1987 dicta,
889 1958 976 1990 quae
998 1948 1042 1979 ad
1065 1958 1162 1980 suum

163 1997 295 2035 tempus
319 1992 584 2031 accommodata,
602 2001 671 2023 non
694 1997 847 2034 pugnant
871 2002 944 2024 eum
959 1990 1033 2025 aliis
1054 1992 1164 2032 dictis,

164 2045 251 2078 quae
272 2035 459 2078 loquuntur
483 2036 525 2067 de
546 2036 696 2078 potentia
718 2035 892 2078 regnantis
915 2034 989 2068 Filii
1012 2035 1089 2068 Dei.

252 2113 356 2146 Plura
378 2119 489 2146 autem
513 2114 555 2145 de
577 2113 723 2146 humana
747 2119 866 2146 natura
897 2115 931 2146 in
960 2113 1095 2146 Christo
1116 2113 1162 2146 di-

166 2158 275 2190 cenda
298 2163 412 2196 erunt,
447 2168 524 2190 eum
546 2158 719 2190 veniemus
742 2158 786 2190 ad
808 2163 989 2200 sequentes
1009 2157 1163 2201 Symboli

166 2200 337 2234 articulos.
360 2201 459 2233 Nune
481 2211 591 2243 pauca
612 2202 745 2241 addam,
769 2212 856 2244 quae
878 2202 1012 2244 proprie
1035 2202 1080 2234 ad
1103 2202 1162 2234 do-

166 2245 307 2288 ctrinam
330 2245 372 2278 de
395 2245 507 2277 divina
529 2251 650 2278 natura
674 2244 799 2277 Christi
822 2246 998 2288 pertinent.

251 2324 419 2356 Interdum
453 2322 555 2356 Filius
590 2323 654 2356 Dei
681 2330 825 2357 vocatur
848 2325 1013 2367 sapientia
1036 2324 1161 2365 Patris,

165 2366 307 2406 seilicet,
332 2368 409 2409 quia
433 2378 509 2399 cum
531 2378 572 2399 eo
597 2367 760 2400 deliberat
782 2367 895 2407 Pater,
918 2374 954 2400 ut
978 2368 1104 2400 Genes.
1130 2368 1160 2401 1.

166 2411 390 2454 significatur:
410 2410 503 2442 Dixit
514 2416 621 2453 pater,
644 2412 821 2445 Faciamus
834 2411 1002 2444 hominem
1015 2413 1059 2444 ad
1082 2412 1160 2444 ima—

165 2456 278 2498 ginem
300 2460 460 2486 nostram.
506 2456 600 2494 Item,
624 2456 700 2497 quia
718 2454 821 2488 Filius
846 2457 992 2488 ostendit
1015 2455 1160 2495 Patrem,

164 2504 199 2531 et
231 2509 392 2531 arcanum
427 2497 603 2530 consilium
621 2500 693 2530 eius
723 2500 766 2531 de
787 2500 994 2532 redemtione
1012 2498 1160 2541 protulit,

166 2542 253 2574 sicut
285 2543 359 2584 ipse
394 2542 518 2584 inquit:
552 2542 660 2574 Nemo
679 2543 773 2576 novit
794 2544 928 2576 Patrem
958 2544 1022 2575 nisi
1040 2541 1158 2583 filius,

166 2591 199 2618 et
221 2586 275 2618 cui
297 2584 402 2618 Filius
425 2584 518 2618 volet
538 2585 702 2618 revelare.
759 2586 940 2620 Caeterum
962 2587 1029 2620 hoe
1051 2587 1159 2619 scien-

165 2629 243 2662 dum
264 2635 335 2669 est,
365 2629 467 2663 Pater
489 2640 552 2663 suo
574 2628 746 2663 intellectu
767 2629 933 2675 intelligit,
956 2641 1019 2664 sua
1042 2630 1159 2664 volun-

815 136 872 168 1V.
895 134 1156 168 ENARRATIO
1180 135 1385 168 SYMBOLI
1411 135 1570 168 NICENI.

2147 136 2211 168 230

1218 236 1287 263 tate
1306 230 1388 269 vult,
1412 242 1475 263 sua
1488 231 1653 272 sapientia
1677 237 1727 263 est
1751 230 1912 272 sapiens?
1923 230 1971 262 lta
1985 236 2017 262 et
2030 229 2134 262 Filius
2148 242 2210 263 suo

1216 273 1390 307 intellectu
1414 274 1577 317 intelligit,
1602 286 1665 307 sua
1689 273 1861 306 voluntate
1885 273 1966 313 vult,
1990 285 2053 306 sua
2078 276 2210 316 sapien-

1216 319 1263 349 tia
1287 324 1339 349 est
1363 319 1511 360 sapiens.
1559 319 1615 350 Sic
1639 325 1671 350 et
1695 319 1839 359 Spiritus
1863 325 2000 350 sanctus
2024 328 2086 350 suo
2110 317 2211 349 intel-

1215 360 1307 393 lectu
1329 361 1501 403 intelligit,
1537 372 1600 394 sua
1623 361 1796 394 voluntate
1820 360 1908 400 vult,
1937 368 1970 394 et
1994 372 2056 393 sua
2079 363 2210 403 sapien·

1216 405 1262 436 tia
1285 412 1337 436 est
1361 406 1509 447 sapiens.

1304 491 1377 523 Etsi
1401 498 1511 523 autem
1534 491 1668 533 phrasis
1693 492 1768 530 illa,
1804 503 1870 534 qua
1898 491 2001 524 Filius
2023 492 2213 524 nominatur

1217 536 1379 577 sapientia
1403 536 1523 574 Patris,
1547 536 1768 577 scriptoribus
1792 537 1914 567 usitata
1938 542 2001 574 est,
2023 542 2213 567 tamennon

1217 581 1266 611 sie
1301 579 1405 611 locuti
1429 586 1507 610 sunt
1532 579 1719 621 Prophetae
1743 586 1775 611 et
1806 578 1974 620 Apostoli,
2011 581 2071 611 sed
2096 578 2214 612 lohan-

1216 633 1276 654 nes
1296 624 1443 654 nominat
1466 622 1585 654 Filium
1609 623 1707 662 λόγονἼ
1732 622 1860 655 Paulus
1885 623 1994 654 εἰκόνα.
2063 623 2137 655 Hae
2159 634 2213 664 ap-

1216 666 1415 708 pellationes
1440 674 1517 698 sunt
1540 665 1755 699 illustriores.

1303 736 1522 768 Removenda
1546 742 1598 768 est
1622 737 1719 768 etiam
1743 736 1904 776 temporis
1929 742 1960 767 et
1984 746 2099 767 morae
2123 737 2214 778 cogi·

1217 782 1297 812 tatio
1322 792 1341 811 a
1365 781 1583 822 generatione
1603 781 1724 812 diiina.
1794 779 1981 821 Gregorius
2011 778 2075 810 hac
2099 778 2215 821 phrasi

1216 823 1334 856 utitur:
1359 824 1463 855 Filius
1488 834 1621 864 semper
1646 830 1744 855 natus
1770 830 1832 855 est.
1893 821 1975 854 Alit:
2000 822 2102 853 Filius
2127 833 2213 855 sem-

1215 879 1276 909 per
1310 869 1471 899 nascitur.
1540 867 1610 898 Sed
1645 872 1880 899 removeantur
1904 867 1968 897 hae
1997 867 2157 907 temporis
2182 872 2215 898 et

1216 917 1409 943 nostrorum
1434 917 1583 942 motmmi
1607 912 1889 953 progressiones,
1926 911 1967 941 ab
1992 910 2090 941 liuius
2115 921 2214 952 gene-

1215 956 1352 986 rationis
1378 955 1657 989 consideratione,
1682 962 1713 986 et
1738 955 1836 986 simul
1856 960 1966 985 tamen
1990 955 2138 985 sciamus
2161 954 2214 984 Fi-

1214 997 1293 1030 lium
1316 998 1381 1030 Dei
1406 1009 1483 1030 esse
1508 999 1692 1041 integrum,
1728 1009 1790 1029 nec
1814 999 2022 1038 disputemus
2046 996 2133 1029 'haee
2158 1007 2214 1028 cu-

1214 1053 1265 1074 rio
1277 1054 1357 1074 sius.

1412 1175 1486 1216 DE
1520 1175 1745 1216 sPIRI'rU
1780 1172 2021 1216 sANCTO.

1307 1275 1419 1307 Tertia
1447 1286 1595 1317 persona
1624 1282 1766 1308 vocatur
1789 1277 1934 1318 Spiritus
1958 1281 2107 1307 sanctus.
2153 1274 2216 1308 Est

1216 1326 1326 1351 autem
1358 1331 1504 1361 persona
1538 1321 1728 1360 procedens
1763 1331 1783 1351 a
1807 1321 1908 1351 Patre
1938 1324 1971 1351 et
2000 1318 2095 1358 Filio,
2128 1329 2215 1361 quae

1216 1364 1365 1401 mittitur,
1390 1370 1422 1395 ut
1444 1364 1476 1394 in
1502 1365 1657 1395 omnibus
1679 1363 1795 1395 electis
1820 1361 1962 1405 Angelis
1982 1363 2215 1395 ethominibus

1216 1408 1381 1439 accendat
1406 1406 1517 1438 luet-m
1543 1408 1586 1437 ad
1610 1418 1724 1439 veram
1747 1408 1949 1449 agnitionem
1963 1405 2039 1444 Dei,
2063 1412 2096 1438 et
2114 1417 2216 1438 veros

1216 1458 1327 1481 motus
1361 1456 1598 1491 congruentes
1635 1450 1799 1483 voluntati
1829 1450 1893 1482 Dei
1929 1451 2091 1488 timorem,
2117 1450 2217 1482 fidem

1217 1493 1442 1533 dilectionem,
1478 1495 1738 1533 invocationem,
1774 1495 2002 1527 tortitudinem
2026 1494 2059 1525 in
2083 1493 2216 1526 confes-

1216 1539 1324 1576 sione,
1349 1537 1571 1577 tolerantiam,
1597 1540 1803 1577 castitatem,
1839 1545 1871 1570 et
1895 1537 1979 1570 alias
2004 1539 2156 1577 virtutes,
2183 1544 2215 1570 et

1215 1583 1317 1614 vitam
1340 1589 1522 1614 aeternam.

1304 1669 1446 1700 Mittitur
1481 1674 1592 1700 autem
1616 1670 1659 1700 ad
1682 1669 1835 1701 homines
1860 1670 1915 1707 ita,
1954 1680 1991 1700 uz
2013 1669 2101 1699 adsit
2121 1669 2213 1700 mini-

1217 1712 1320 1744 sterio
1340 1711 1526 1755 Evangelii,
1547 1719 1578 1743 et
1602 1713 1645 1744 sit
1669 1712 1790 1744 efficax
1804 1724 1863 1754 per
1876 1713 2091 1743 ministerium
2105 1711 2214 1744 Evan-

1217 1755 1308 1799 gelii,
1334 1757 1421 1788 sicut
1446 1757 1476 1787 2.
1501 1756 1581 1788 Cor.
1606 1756 1638 1788 3.
1697 1756 1920 1799 Evangelium
1944 1757 2134 1788 nominatur
2156 1756 2214 1787 mi-

1216 1800 1390 1832 nisterium
1415 1801 1565 1842 Spiritus.
1613 1801 1762 1833 Eatenus
1787 1799 1972 1842 patefactus
1997 1806 2048 1831 est
2072 1800 2213 1841 Spiritus

1217 1850 1369 1884 sanctus,
1389 1850 1421 1876 et
1444 1844 1530 1876 haee
1554 1844 1596 1876 de
1620 1855 1659 1876 eo
1685 1845 1847 1876 discenda
1871 1848 1958 1875 sunt.

1304 1975 1373 2007 Sed
1396 1985 1470 2006 eum
1489 1974 1576 2007 haee
1599 1976 1753 2007 doctrina
1776 1975 1817 2007 de
1837 1975 1943 2006 tribus
1955 1975 2112 2016 personis
2135 1972 2213 2006 alie-

1215 2028 1260 2050 na
1284 2019 1327 2050 sit
1349 2029 1370 2050 a
1393 2019 1523 2051 iudiciis
1546 2019 1712 2051 humanae
1731 2019 1870 2050 rationis
1895 2018 1967 2050 sine
1987 2019 2099 2050 divina
2118 2028 2211 2051 reve-

1214 2061 1358 2101 latione,
1382 2061 1476 2094 multi
1507 2064 1662 2095 omnibus
1687 2064 1851 2095 aetatibus
1876 2063 2119 2094 contenderunt
2142 2069 2213 2095 tan-

1216 2112 1286 2138 tum
1308 2107 1441 2138 unicam
1465 2117 1544 2139 esse
1567 2117 1747 2149 personam
1771 2108 1938 2145 divinam,
1963 2113 1997 2139 ut
2020 2107 2212 2139 Samosate-

1215 2160 1292 2189 nuS,
1329 2149 1503 2189 Photinus,
1538 2151 1772 2191 Macedonius,
1806 2150 2076 2190 Mahometistae,
2111 2151 2213 2184 Dicta

1215 2204 1297 2226 vero
1322 2194 1363 2225 de
1388 2193 1482 2233 Filio,
1509 2200 1541 2226 et
1564 2195 1605 2226 de
1629 2195 1755 2237 Spiritu
1779 2200 1896 2227 saneto
1922 2201 2157 2236 corruperunt,
2179 2200 2213 2227 et

1214 2244 1380 2281 negarunt
1419 2237 1644 2280 appellatione
1685 2239 1828 2281 Spiritus
1870 2241 1977 2271 sancti
2027 2239 2211 2281 significari

1213 2292 1394 2323 personam
1417 2292 1479 2313 Seu
1497 2281 1675 2323 ὑπόστασιν,
1706 2284 1767 2314 sed
1791 2288 1917 2315 tantum
1941 2289 2052 2315 motus
2076 2289 2210 2314 creatos

1215 2336 1247 2357 in
1270 2325 1439 2357 hominum
1463 2327 1636 2364 cordibus,
1660 2327 1746 2358 sicut
1769 2327 1801 2358 in
1815 2325 1950 2358 Psalmo
1971 2327 2106 2358 dicitur:
2130 2326 2210 2359 Ter-

1213 2368 1300 2401 ribili
1325 2375 1357 2401 et
1379 2370 1518 2411 potenti,
1555 2371 1611 2412 qui
1630 2370 1739 2402 aufert
1762 2371 1913 2412 spiritum
1936 2371 2133 2412 principum.
2164 2370 2210 2403 Et

1213 2412 1430 2445 manifestum
1453 2419 1505 2445 est
1527 2413 1731 2446 vocabulum
1755 2415 1913 2456 spiritus,
1936 2425 2041 2456 saepe
2064 2415 2106 2447 de
2128 2425 2210 2447 ven-

1214 2457 1268 2496 tis,
1293 2467 1399 2500 saepe
1423 2459 1464 2489 de
1486 2456 1560 2490 aliis
1580 2459 1726 2490 motibus
1750 2459 1875 2491 creatis
1898 2459 2064 2501 usurpari.

1302 2545 1371 2577 Sed
1394 2545 1560 2578 adversus
1584 2545 1647 2577 has
1661 2544 1893 2578 cavillationes
1911 2546 2111 2578 muniendae
2129 2552 2207 2578 sunt

1211 2588 1288 2630 piae
1321 2596 1452 2621 mentes
1486 2595 1520 2621 et
1553 2590 1748 2632 quaerenda
1780 2595 1833 2621 est
1856 2590 1993 2629 veritas,
2018 2591 2108 2632 quod
2132 2601 2207 2623 cum

1212 2630 1366 2672 facimus,
1400 2643 1544 2666 neeesse
1578 2640 1632 2666 est
1665 2634 1849 2676 prudenter
1883 2633 2077 2666 discernere
2106 2635 2206 2674 dieta,

1996 2694 2051 2722 15·
