2383 2990
159 117 221 149 123
783 107 894 140 PHIL.
912 106 1016 139 MEL.
1036 105 1223 139 SCRKPTA
1241 103 1520 137 DOGMATIGA.
1721 120 1727 125 ·
2116 71 2197 136 124.

156 215 339 253 peccatum.
397 206 465 239 Sed
497 214 625 247 poenae
648 201 849 245 temporales
884 207 1047 244 vagantur
1080 211 1140 242 per

156 252 281 296 plures.
327 251 383 284 Sic
417 247 573 280 Ezechiel
606 248 704 278 docet
737 246 778 277 de
810 244 1016 286 Evangelio,
1050 244 1140 286 quod

157 296 257 327 tradit
279 294 508 335 exceptionem
529 290 626 322 huius
649 289 835 321 sententiae
856 288 952 330 legis.
982 285 1141 319 Ezechiel

156 339 242 371 enim
265 336 494 369 accommodat
516 334 713 365 sententiam
735 331 825 363 illam
841 332 884 363 ad
902 331 1057 362 iudicium
1075 330 1139 371 spi-

156 379 285 418 rituale,
303 378 406 410 Filius
428 388 495 408 non
518 377 663 419 portabit
685 375 889 417 iniquitatem
911 375 1026 414 patris,
1050 374 1140 404 vide-

155 423 232 456 licet
255 424 284 454 si
306 420 510 463 intelligatur
533 420 575 451 de
597 419 741 451 aeternis
765 418 895 459 poenis.
940 416 1033 448 Haec
1056 416 1141 447 enim

156 473 209 499 est
231 465 364 507 propria
387 461 561 506 Evangelii
585 462 750 499 doctrina,
775 461 865 503 quod
882 459 974 491 Deus
997 460 1141 490 remittat

155 514 296 552 peccata
319 508 493 550 agentibus
517 506 762 548 poenitentiam.
809 504 908 542 Item,
933 503 1022 544 quod.
1044 511 1140 533 nemo

156 559 293 585 aeterna
315 561 424 592 poena
445 551 610 590 puniatur,
631 549 694 579 nisi
717 553 855 589 propter
874 546 1042 587 proprium
1064 555 1141 585 pec-

158 601 278 627 catum.
304 594 396 632 ltem,
421 593 510 635 quod
533 593 630 623 etiam
642 589 843 633 temporales
866 599 993 630 poenas
1016 588 1141 630 mitiget

157 638 251 670 Deus
283 642 421 678 propter
455 635 699 677 poenitentiam.
745 633 859 674 ltaque
891 631 953 663 has
987 633 1070 663 duas
1094 631 1139 661 in-

156 680 414 722 terpretationes
447 678 503 710 hic
526 679 757 714 observemus,
780 674 937 707 videlicet
949 674 1086 706 alteram
1100 673 1141 704 de

156 725 274 766 poenis
298 721 557 763 temporalibus,
586 719 726 752 alteram
749 720 790 751 de
814 718 1009 759 exceptione
1032 716 1140 747 Evan-

158 766 280 810 gelica‚
305 765 461 797 videlicet
485 763 693 796 comminatio
719 769 771 794 est
794 771 886 799 vera,
911 766 942 791 et
964 766 1074 791 manet
1107 759 1139 790 in

156 810 292 848 mundo,
315 809 375 840 sed
400 809 529 850 excepti
552 812 629 838 sunt
652 804 714 844 illi,
749 815 834 846 quos
858 804 967 836 eximit
989 802 1140 844 Evange—

156 852 249 891 lium,
273 852 414 890 scilicet,
437 851 491 893 qui
515 855 618 893 agunt
640 848 885 891 poenitentiam.
931 846 1041 887 lmpiis
1060 855 1141 877 vero

157 896 241 927 haec
266 895 475 927 comminatio
498 904 564 924 non
588 899 640 924 est
663 890 807 929 abolita,
829 889 901 921 Lex
924 888 988 920 Dei
1012 894 1065 920 est
1087 898 1141 919 ae-

157 945 262 970 terna.
308 938 420 974 Quare
454 943 486 968 et
519 936 604 967 haec
637 934 801 965 sententia
834 934 999 964 adversus
1022 931 1141 973 impios

159 988 269 1013 manet
300 988 331 1012 et
366 982 462 1012 durat
495 979 647 1010 omnibus
681 977 895 1018 temporibus,
941 975 1020 1006 ldeo
1048 975 1142 1016 punit

158 1024 253 1056 Deus
276 1024 443 1061 mundum,
462 1022 642 1059 erroribus,
664 1019 773 1057 bellis,
798 1019 1069 1060 dissipationibus
1093 1027 1143 1048 re-

160 1078 232 1099 rum
254 1066 472 1108 publicarum,
506 1071 535 1096 et
570 1063 643 1095 aliis
674 1063 864 1105 ingentibus
888 1060 1143 1098 calamitatibus,

160 1111 337 1152 praecipue
367 1114 502 1150 propter
525 1113 665 1149 peccata
691 1112 806 1138 contra
828 1106 965 1147 primam
989 1102 1143 1135 tabulam.

162 1284 276 1336 Quae
317 1290 379 1324 est
414 1282 624 1338 promissio
665 1280 804 1321 addita
850 1280 979 1334 primo
1019 1278 1144 1318 Prae-

582 1357 731 1414 cepto?

248 1504 433 1536 Promissio
465 1509 517 1534 est
545 1502 578 1532 in
607 1501 659 1532 his
684 1500 812 1532 verbis:
857 1498 998 1529 Faciens
1022 1497 1147 1528 miseri-

163 1549 310 1582 cordiam
332 1548 365 1578 in
388 1545 492 1578 millia
517 1544 729 1587 diligentibus
758 1552 821 1574 me.
866 1541 912 1573 Ut
935 1542 1020 1572 enim
1042 1539 1147 1571 idolo-

161 1592 256 1624 latris
279 1591 421 1622 minatur
443 1598 589 1631 poenas,
622 1588 667 1618 ita
691 1591 828 1617 econtra
849 1595 909 1626 pro
935 1584 1023 1615 veris
1055 1582 1148 1614 culti-

162 1638 225 1668 bus
249 1634 409 1676 promittit
427 1632 573 1675 ingentia
591 1629 763 1668 beneficia,
786 1629 873 1659 sicut
892 1637 1020 1669 pacem,
1044 1627 1148 1658 victo-

164 1680 245 1717 rias,
270 1676 509 1714 defensionem,
533 1673 755 1711 fertilitatem,
778 1670 991 1703 foelicitatem
1014 1671 1048 1701 in
1071 1680 1149 1701 con-

164 1721 246 1753 siliis
281 1726 314 1751 et
347 1721 447 1751 rebus
483 1718 651 1761 gerendis.
710 1716 849 1748 Sed·de
871 1714 1150 1756 promissionibus

164 1763 330 1807 legalibus
365 1763 452 1793 haec
485 1768 629 1803 quatuor
661 1759 788 1791 moneri
818 1763 957 1800 oportet.
1005 1756 1150 1788 Primum

166 1807 330 1850 quomodo
355 1806 525 1847 contingat
545 1804 704 1845 praemia,
729 1813 803 1833 cum
822 1801 1061 1843 promissiones
1085 1800 1149 1830 sint

168 1848 418 1887 conditionales,
443 1855 475 1879 et
498 1848 566 1889 legi
591 1857 657 1877 non
680 1845 832 1876 satisfiat.
859 1845 1050 1876 Secundum
1073 1842 1150 1873 addi

168 1895 265 1925 debet
294 1893 446 1924 doctrina
478 1889 652 1932 Evangelii
680 1889 721 1920 de
745 1898 844 1920 cruce
869 1894 900 1918 et
924 1885 1148 1928 spiritualibus

168 1937 331 1978 praemiis.
379 1935 524 1966 Tertium
559 1943 624 1975 quo
660 1933 775 1963 ordine
803 1931 946 1973 petenda
969 1931 1032 1961 sint
1055 1939 1150 1970 prae—

169 1981 232 2010 mia
251 1978 449 2020 corporalia.
496 1976 657 2012 Quartum
691 1975 780 2016 quod
803 1974 1034 2016 expectatione
1056 1982 1150 2013 prae-

170 2023 308 2054 miorum
332 2023 373 2053 sit
397 2020 583 2053 exercenda
607 2019 702 2050 fides.

542 2182 604 2214 DE
629 2180 778 2213 PRIMO.

259 2313 501 2344 Promissiones
530 2311 614 2353 legis
639 2316 715 2342 sunt
741 2307 1001 2345 conditionales,
1035 2307 1154 2338 dantur

174 2357 258 2388 enim
292 2356 437 2397 praemia
469 2366 530 2396 pro
564 2359 680 2385 nostra
715 2353 909 2384 obedientia.
961 2351 1154 2391 Quanquam

175 2406 283 2430 autem
317 2409 353 2430 re
383 2400 456 2440 ipsa
489 2408 586 2429 nemo
620 2396 686 2438 legi
721 2394 902 2432 satisfacit,
937 2400 1044 2425 tamen
1080 2394 1155 2434 quia

175 2442 268 2473 Deus
291 2443 454 2482 approbat
476 2441 662 2472 inchoatam
683 2439 902 2470 obedientiam
916 2444 1051 2478 propter
1064 2436 1156 2467 Chri-

177 2490 280 2522 stum,
314 2485 386 2515 ideo
422 2485 517 2515 etiam
552 2483 697 2524 praemia
722 2483 777 2513 dat
800 2492 861 2523 pro
885 2480 940 2512 illa
959 2480 1154 2516 obedientia,

177 2528 262 2558 sicut
285 2526 381 2600 clarel
397 2528 501 2569 inquit
523 2526 694 2558 Christus:
728 2525 861 2557 Merces
884 2530 995 2557 vestra
1019 2524 1156 2565 copiosa

178 2577 229 2601 est
252 2571 285 2601 in
309 2580 368 2601 coe
382 2571 420 2601 is·

1529 197 1590 230 DE
1618 197 1839 231 SECUNDO.

1280 293 1499 335 Evangelium
1521 294 1758 333 interpretatur
1780 290 1901 333 legem,
1925 292 2024 323 docet
2037 292 2122 323 enim
2135 291 2179 323 de

1194 347 1306 374 cruce,
1340 335 1494 368 videlicet
1526 337 1559 367 in
1593 335 1657 366 hac
1680 335 1747 365 vita
1769 335 1843 376 pios
1867 333 1990 376 affligi,
2013 340 2046 366 et
2069 340 2179 366 tamen

1192 386 1270 421 post
1292 379 1380 410 hanc
1402 380 1502 411 vitam
1525 378 1700 410 habituros
1724 388 1802 409 esse
1823 378 1981 418 praemia.
2026 378 2179 408 Praeter-

1193 433 1233 454 ea
1255 422 1287 453 in
1310 421 1375 453 hac
1397 423 1465 453 vita
1488 422 1586 453 docet
1609 421 1802 462 contingere
1831 421 1894 462 piis
1917 421 2065 462 praemia
2083 421 2178 461 spiri-

1193 464 1306 504 tualia,
1325 471 1358 496 et
1381 465 1544 507 quaedam
1567 462 1766 505 corporalia,
1790 464 1867 504 quia
1878 463 1973 494 Deus
1991 462 2061 495 vult
2079 464 2179 496 etiam

1191 509 1226 539 in
1248 507 1312 540 hac
1337 508 1405 540 vita
1428 517 1633 540 conservare
1656 505 1855 538 Ecclesiam.

1278 602 1329 634 Ex
1352 602 1428 645 lege
1452 603 1516 633 hoc
1539 606 1769 644 argumentum
1787 601 1942 632 sumitur:
1966 599 2091 632 lustum
2115 607 2180 639 est,

1191 652 1227 678 ut
1249 646 1311 686 piis
1336 646 1453 677 dentur
1475 645 1634 686 praemia,
1655 645 1762 685 impiis
1775 653 1916 684 poenae,
1928 643 1976 674 Pii
2001 649 2079 675 sunt
2099 644 2179 675 sub—

1191 689 1269 720 iecti
1303 689 1413 727 cruci,
1446 687 1537 729 Ergo
1562 688 1681 719 iniuste
1704 686 1908 728 affliguntur.
1956 685 2017 717 Hic
2040 696 2179 727 respou-

1193 733 1336 763 dendum
1359 732 1471 763 estad
1488 730 1665 762 Maiorem:
1689 729 1797 761 Maior
1820 735 1871 761 est
1894 730 2059 760 sententia
2080 728 2180 771 legis,

1193 786 1292 817 quam
1314 780 1434 815 postea
1456 772 1675 815 Evangelium
1697 774 1946 814 interpretatur,
1971 773 2060 814 quod
2083 773 2182 804 docet

1193 819 1433 850 ordinationem
1467 816 1532 847 Dei
1567 826 1662 854 esse,
1704 821 1739 847 ut
1774 815 1968 846 differantur
2001 816 2181 856 praecipua

1193 861 1339 903 praemia
1362 866 1394 891 et
1416 861 1614 901 praecipuae
1633 869 1772 899 poenae.
1804 858 1983 889 Praeterea
1997 859 2094 889 docet
2105 858 2182 890 ideo

1193 905 1268 946 pios
1292 905 1323 934 in
1345 902 1409 934 hac
1432 904 1500 934 vita
1523 903 1692 933 subiectos
1724 911 1802 933 esse
1826 901 1936 939 cruci,
1971 901 2047 942 quia
2072 900 2182 933 adhuc

1193 948 1317 978 habent
1339 945 1495 988 reliquias
1514 945 1663 987 peccati,
1699 955 1782 986 quas
1807 949 1938 985 oportet
1960 953 2020 984 per
2043 949 2184 976 mortem

1193 990 1332 1027 aboleri,
1352 989 1481 1020 tametsi
1503 994 1581 1020 sunt
1609 987 1823 1028 imputatione
1852 987 1940 1018 iusti.
1986 985 2184 1028 Quanquam

1194 1034 1296 1075 igitur
1315 1033 1422 1064 sancti
1446 1032 1479 1062 in
1503 1032 1567 1062 hac
1590 1032 1657 1062 vita
1680 1030 1821 1061 subiecti
1846 1036 1924 1061 sunt
1947 1030 2050 1067 cruci,
2074 1035 2185 1061 tamen

1195 1075 1383 1108 afficientur
1417 1075 1570 1116 praemiis
1605 1079 1682 1115 post
1716 1073 1804 1104 hanc
1845 1073 1961 1110 vitam,
2006 1073 2185 1104 Praeterea

1196 1118 1298 1151 multa
1328 1118 1425 1149 etiam
1455 1118 1637 1148 redduntur
1662 1117 1694 1147 in
1718 1117 1781 1147 hac
1806 1117 1883 1147 vita.
1929 1115 1971 1146 Et
1995 1125 2185 1156 quanquam

1195 1162 1251 1193 lex
1285 1172 1352 1192 non
1388 1160 1470 1192 satis
1505 1159 1596 1191 clare
1630 1159 1850 1190 concionatur
1885 1159 1925 1189 dc
1957 1158 2185 1198 spiritualibus

1196 1205 1371 1246 praemiis,
1403 1210 1512 1234 tamen
1547 1213 1587 1234 ex
1610 1201 1796 1243 Evangelio
1821 1202 1990 1233 discamus
2013 1201 2186 1243 proposita

1170 1253 1174 1283 ξ
1197 1258 1279 1279 esse
1297 1258 1360 1288 pro
1384 1247 1482 1278 bonis
1506 1246 1662 1287 operibus
1686 1246 1831 1286 praemia
1860 1243 2061 1285 spiritualia,
2098 1253 2186 1285 quae

1198 1292 1296 1322 etiam
1314 1291 1347 1320 in
1370 1290 1436 1321 hac
1460 1289 1526 1320 vita
1551 1289 1764 1329 contingunt,
1795 1287 1952 1319 videlicet
1981 1287 2186 1318 incrementa

1197 1332 1411 1375 plurimarum
1435 1332 1591 1363 virtutum
1614 1337 1646 1362 et
1670 1331 1850 1368 donorum,
1868 1331 1955 1361 sicut
1978 1329 2187 1371 Augustinus

1197 1376 1316 1418 inquit:
1339 1374 1486 1406 Dilectio
1510 1378 1655 1405 meretur
1678 1374 1793 1414 augeri
1812 1372 2034 1404 dilectionem.
2068 1371 2110 1403 Et
2128 1373 2186 1403 do-

1200 1425 1253 1451 cet
1282 1419 1369 1450 idem
1403 1416 1563 1458 parabola
1597 1417 1639 1448 de
1662 1416 1908 1457 negotiantibus
1931 1415 1963 1445 in
1987 1413 2185 1457 Evangelio.

1200 1462 1362 1493 Promittit
1386 1460 1540 1492 Christus
1564 1466 1596 1491 et
1621 1458 1809 1500 corporalia
1831 1459 1996 1499 praemia,
2032 1468 2107 1489 cum
2139 1459 2186 1489 in-

1200 1506 1285 1547 quit:
1308 1504 1453 1536 Primum
1476 1504 1624 1545 quaerite
1645 1513 1786 1544 regnum
1804 1501 1880 1540 Dei,
1903 1507 1935 1532 et
1961 1507 2091 1532 caetera
2106 1501 2187 1532 adii-

1201 1549 1329 1580 cientur
1363 1548 1471 1578 vobis,
1527 1546 1623 1583 Item,
1670 1545 1851 1586 Accipietis
1888 1543 2093 1585 centuplum,
2126 1544 2188 1576 sed

1203 1602 1275 1622 cum
1300 1590 1543 1632 persecutione.
1589 1588 1631 1620 Et
1654 1587 1799 1619 Paulus:
1827 1588 1958 1619 Pietas
1988 1587 2091 1618 habet
2111 1597 2188 1628 pro-

1202 1635 1393 1666 missionem
1427 1633 1613 1675 praesentis
1637 1632 1725 1663 vitae
1749 1638 1781 1662 et
1804 1630 1946 1662 suturae.
1993 1629 2077 1665 Quia
2102 1630 2189 1662 enim

1202 1678 1295 1709 Deus
1319 1678 1351 1708 in
1375 1677 1439 1708 hac
1464 1677 1531 1707 vita
1553 1676 1652 1706 etiam
1672 1674 1741 1705 vult
1766 1684 1968 1706 conservare
1989 1671 2189 1711 Ecclesiam,

1203 1722 1292 1752 addit
1327 1721 1424 1751 etiam
1448 1717 1635 1760 corporalia
1666 1719 1821 1759 praemia.
1880 1717 1953 1748 Huc
1976 1717 2116 1757 pertinet
2140 1715 2188 1747 hi-

1202 1765 1305 1795 storia
1327 1763 1486 1801 Davidis,
1508 1760 1691 1799 Ezechiae,
1722 1767 1751 1791 et
1775 1760 1929 1792 similium
1952 1759 2099 1801 Regum,
2134 1757 2189 1801 qui

1204 1806 1360 1850 gloriosis
1385 1807 1533 1837 victoriis
1557 1806 1664 1836 ornati
1688 1811 1763 1835 sunt
1788 1805 1951 1835 adversus
1982 1801 2189 1840 idololatras,

1203 1852 1290 1882 sicut
1313 1850 1471 1891 promittit
1494 1848 1607 1881 Deus:
1641 1846 1880 1879 Glorilicantes
1904 1857 1955 1878 me
1978 1845 2188 1887 glorificabo.

1567 2043 1629 2075 DE
1656 2043 1827 2075 TERTIO.

1293 2176 1388 2207 Deus
1420 2175 1513 2205 iussit
1542 2174 1608 2214 peti
1636 2179 1666 2204 et
1691 2172 1859 2213 expectari
1883 2172 1979 2202 etiam
2003 2169 2190 2212 corporalia

1206 2220 1363 2262 praemia.
1411 2217 1477 2249 Sed
1502 2217 1646 2254 modum,
1670 2226 1736 2257 quo
1761 2216 1899 2246 daturus
1924 2220 1975 2245 est.
1997 2214 2104 2251 Deus,
2127 2223 2191 2245 nos

1207 2262 1437 2305 praescribere
1470 2258 1516 2291 illi
1553 2271 1618 2290 non
1653 2260 1823 2289 debemus.
1870 2258 1949 2289 Item
1973 2258 2097 2299 gradus
2121 2267 2191 2288 ser-

1208 2307 1307 2338 vandi
1342 2310 1435 2341 sunt,
1470 2308 1504 2334 ut
1528 2302 1668 2344 gloriam
1693 2302 1757 2332 Dei
1780 2301 1884 2342 pluris
1908 2301 2070 2332 faciamus
2094 2310 2192 2341 quam

1208 2356 1356 2381 nostram
1380 2345 1560 2378 utilitatem.
1593 2345 1705 2381 Quare
1724 2356 1791 2375 non
1815 2345 1972 2375 debemus
1995 2354 2015 2374 a
2038 2343 2112 2374 Deo
2136 2344 2192 2374 de·

1209 2392 1327 2430 ficere,
1361 2390 1488 2422 etiamsi
1511 2389 1637 2427 differt,
1673 2394 1727 2419 aut
1751 2399 1817 2419 non
1843 2388 1971 2418 videtur
1995 2387 2075 2417 dare
2097 2395 2192 2426 prae-

1208 2437 1283 2466 mia.
1328 2434 1404 2465 Non
1438 2433 1524 2464 enim
1558 2433 1590 2463 in
1626 2438 1728 2463 totum
1763 2431 1965 2461 removenda
1989 2436 2039 2461 est
2068 2429 2191 2460 mentio

1208 2479 1447 2520 praemiorum,
1472 2477 1532 2507 sed
1557 2476 1681 2517 gradus
1705 2474 1862 2505 servandi
1884 2479 1980 2511 sunt,
2014 2473 2091 2513 quia
2114 2482 2191 2503 con-

1208 2528 1274 2553 stat
1297 2521 1484 2552 mandatum
1508 2518 1571 2550 Dei
1594 2528 1688 2556 esse,
1712 2525 1748 2549 ut
1771 2517 1915 2558 praemia
1939 2517 1980 2547 ab
2004 2516 2079 2556 ipso
2102 2520 2192 2557 peta·

1208 2576 1292 2597 mus.
