2383 2990
254 153 311 185 191

352 249 461 299 Quid
494 250 544 289 de
577 248 700 288 Missa
731 247 987 288 sentiendum
1019 246 1104 287 est?

334 373 550 404 Sacramenta
576 378 668 403 extra
699 382 796 403 usum
825 383 845 403 a
868 370 1003 403 Christo
1031 372 1225 409 institutum,

247 427 314 448 non
338 423 413 447 sunt
439 418 670 453 Sacramenta,
703 421 739 446 ut
770 415 798 445 si
827 415 900 456 quis
930 426 1050 456 aquam
1073 415 1225 455 baptismi

247 458 482 496 circumferret,
503 459 628 488 etiamsi
647 459 751 489 verba
773 458 919 496 adderet,
942 458 1102 489 theatrico
1122 467 1225 496 more,

247 512 452 542 nequaquam
478 508 567 531 esset
592 502 792 541 baptisnmS,
818 506 848 531 et
872 502 900 531 is
925 500 1032 532 cultus
1056 506 1144 532 esset
1169 501 1225 530 im-

244 545 336 585 pum,
373 546 416 574 ita
448 554 521 574 cum
550 555 591 574 ex
615 543 729 574 Coena
751 544 881 574 Domini
908 543 944 573 fit
975 542 1115 581 oblatio,
1146 545 1224 574 Item

245 597 317 617 cum
350 586 533 626 applicatur
562 597 621 626 pro
646 587 730 617 vivis
765 592 796 618 et
829 587 983 624 mortuis,
1016 596 1223 628 nequaquam

245 636 294 659 est
314 630 562 660 Saos-<nummum
585 640 604 660 a
623 629 756 660 Christo
781 631 971 661 institutum.
1007 628 1090 660 Cum
1113 634 1222 660 autem

243 671 421 703 sacrificuli
450 673 481 702 iu
504 672 609 703 Missa
633 672 771 703 offerant
801 682 917 712 panem
948 678 980 703 et
1009 673 1120 703 vinum
1150 672 1222 702 sine

243 713 311 745 ullo
341 715 494 746 mandato
525 715 606 752 Dei,
637 721 669 745 et
694 714 860 756 applicent
882 726 942 756 pro
966 715 1051 746 vivis
1075 720 1107 745 et
1136 725 1222 745 mor-

242 758 318 796 tuis,
342 756 519 800 fugiendae
548 763 624 789 sunt
657 757 743 789 tales
766 759 908 796 Missae,
938 764 1094 799 tanquam
1116 755 1221 789 idolo-

866 150 978 182 PHIL.
1001 149 1104 180 MEL.
1129 148 1316 181 SCRIPTA
1337 148 1615 180 DOGMATICA.

2192 149 2253 181 192

1277 242 1424 274 latrinae.
1447 242 1518 273 Nec
1540 252 1625 283 opus
1648 242 1756 284 ipsum
1779 247 1889 283 potest
1911 241 1985 274 aliis
1998 243 2117 274 mereri
2139 243 2253 274 remis-

1277 286 1404 317 sionem
1428 291 1652 326 peccatorum‚
1672 286 1748 326 quia
1773 291 1903 326 oportet
1917 285 2067 327 singulos
2080 287 2254 327 accaipero

1277 329 1508 359 remissionem
1530 334 1754 369 peccatorum,
1774 328 1885 359 Gratis
1908 329 2042 370 propria
2065 328 2148 367 fide,
2171 338 2257 370 quae

1278 372 1390 403 nititur
1419 370 1569 410 Christo,
1603 369 1793 402 nonnullius
1821 370 1955 402 humaui
1988 372 2098 412 operis
2127 373 2255 403 merito.

1277 414 1408 456 Pugnat
1430 415 1530 455 igitur
1554 413 1731 455 adplicatio
1759 424 1820 454 pro
1843 413 1916 444 aliis
1940 425 2014 445 cum
2043 414 2193 446 doctrina
2215 415 2258 445 do

1277 456 1353 488 fide.
1387 456 1540 498 Denique
1563 467 1629 488 non
1653 457 1758 498 magis
1777 462 1828 488 est
1846 462 2087 488 sacramentum
2104 458 2137 488 in
2150 456 2255 488 Missa

1276 500 1457 541 papistica,
1492 510 1589 541 quam
1622 500 1764 531 Turcica
1797 506 1853 530 aut
1882 500 2015 531 Iudaica
2045 500 2254 531 circumcisio

1277 549 1327 573 est
1351 549 1605 574 sacramentum.
1651 543 1742 574 Dixit
1764 548 1873 574 autem
1897 541 2054 574 coelestis
2073 552 2157 574 vox:
2189 543 2253 582 Fu-

1277 586 1344 627 gite
1367 584 1599 618 idololatriam.

1702 713 1824 745 FlNlS.
