2383 2990
202 133 267 165 467
839 132 952 163 PIllL.
975 132 1079 164 MEL.
1103 132 1292 165 SCRIPTA
1315 132 1597 166 DOGMATICA.
2165 133 2231 166 468

203 228 358 269 Spiritum
385 233 534 258 sancflnn
560 228 756 268 petentibus,
802 227 894 266 Item,
929 227 1043 266 Orate,
1076 239 1118 260 ne
1142 229 1188 259 in-

202 272 295 303 tretis
321 273 351 303 in
377 272 601 302 tentationem.

290 358 434 389 Pertinet
460 358 499 388 ad
524 357 764 398 promissi-mes
788 355 898 388 auxilii
935 363 965 387 et
1001 356 1085 388 haec
1113 367 1189 388 sen-

202 403 320 433 tentia:
356 401 450 431 Dens
486 408 535 430 est
573 401 625 441 qni
656 399 755 430 eflicit
780 400 811 431 in
832 401 930 431 volis
954 406 985 431 et
1008 407 1042 431 ut
1066 399 1188 437 velitis,

202 452 232 476 et
259 454 288 475 ut
316 444 506 486 perficiatis,
536 450 572 474 ut
605 442 712 484 aliqua
738 444 798 484 ipsi
824 450 918 486 giata
943 443 1034 480 fiant,
1069 444 1099 474 id
1125 450 1188 481 est,
1212 447 1216 477 Ι

201 489 294 519 Deus
332 499 395 518 non
435 486 537 517 witin
574 488 681 527 petire
717 493 820 517 totum
856 497 962 528 genus
1001 487 1186 520 humanum,

201 533 259 562 sed
285 532 371 561 misit
396 529 523 562 Filium⁴
548 538 580 559 ut
607 531 646 560 sit
673 529 851 561 Retleintor
875 536 905 560 et
931 528 1099 567 Salvator,
1135 530 1188 559 de-

201 576 245 605 dit
270 586 384 604 vocem
405 572 574 614 Exangelii
600 580 631 603 et
651 573 807 613 Spiritum
833 579 996 611 sanctum,
1021 579 1056 603 ιιι
1078 572 1188 603 trabat

201 625 232 649 et
259 616 617 648 comeum·l=‹uni‘nes.
664 616 756 647 Haec
791 628 856 647 non
888 617 962 647 ideo
993 622 1117 648 tautum
1142 614 1215 661 ιιι-Ι

201 662 257 699 cit,
287 668 319 692 ut
350 661 441 691 initia
467 661 696 691 conversionis
721 659 820 690 siant:
855 660 913 690 sed
938 666 971 690 ut
997 659 1188 700 perficiatur
1211 671 1214 692 i

199 712 302 735 totum
328 704 524 735 benefic-ium
548 703 756 740 salx-attonis,
781 710 813 734 ut
838 702 1020 734 aedificans
1041 713 1104 733 non
1120 709 1188 732 tan-

200 754 266 779 tum
292 748 379 778 initia
405 746 547 784 molitur,
573 747 631 776 sed
658 747 788 777 domuin
814 745 881 777 vult
900 754 1054 777 extruere
1074 751 1187 775 totam.

200 792 257 822 Sic
291 797 541 831 argumentatur
565 788 688 820 Paulus
719 800 737 820 a
762 790 923 830 principio
958 790 999 819 ad
1035 788 1188 819 beneficii

198 832 449 876 perfectionem,
475 839 508 864 ut
534 831 728 864 consoletur
741 839 770 863 et
793 834 966 863 coniirmet
990 842 1065 869 nos,
1091 842 1132 862 ne
1156 832 1187 861 in

198 878 306 909 medio
333 888 431 908 cursu
457 875 551 907 fracti
578 877 800 917 magnitudine
821 886 958 906 onerum
983 874 1187 911 deficiamus,

199 928 232 952 ut
258 921 470 962 cogitandum
496 921 554 950 fuit
580 920 688 956 Moisi,
714 919 846 956 Davidi,
878 926 907 949 et
934 919 1087 949 omnibns
1112 928 1189 948 san-

199 965 271 995 ctis.
322 963 412 995 Deus
437 964 546 994 eduxit
572 969 603 992 te
627 963 658 993 in
683 962 769 992 hanc
800 961 919 993 molem
950 960 1187 1002 periculorum.

198 1006 313 1038 Voluit
338 1015 445 1037 antem
482 1017 546 1037 non
583 1011 707 1036 tantum
743 1005 833 1035 initia
869 1005 951 1043 fieri,
986 1005 1046 1035 sed
1086 1002 1188 1035 multo

199 1051 306 1092 magis
341 1051 456 1091 pertici
495 1048 666 1080 beneficia.
724 1048 826 1079 Addit
863 1049 973 1089 igitur,
1008 1054 1043 1078 ut
1076 1046 1189 1088 aliqua

198 1095 261 1134 ipsi
297 1094 327 1123 in
364 1103 487 1134 genere
522 1093 665 1123 humano
702 1099 795 1133 grata
832 1091 922 1129 fiant,
958 1091 1051 1132 quasi
1085 1091 1216 1121 dieatz.

200 1137 278 1167 Ideo
304 1135 429 1177 colligit
462 1142 629 1166 aeternam
655 1134 841 1166 Ecclesiam
866 1134 973 1171 Deus,
1008 1144 1050 1164 ne
1085 1140 1189 1165 totum
1211 1124 1216 1276 j

200 1190 307 1221 genus
334 1179 510 1210 humanum
546 1185 670 1219 pereat,
704 1185 732 1209 et
769 1179 810 1209 sit
847 1177 954 1209 simile
977 1176 1131 1208 Diabolis
1157 1178 1188 1207 in

198 1230 269 1254 tota
294 1224 490 1253 aeternitate
516 1221 714 1253 contumelia
739 1222 844 1262 ipsunt
869 1220 1104 1258 afficientibus,
1128 1220 1189 1251 sed

200 1265 268 1297 vult
295 1277 371 1297 esse
396 1265 540 1306 aliquos,
572 1266 625 1307 qni
651 1266 680 1296 ei
706 1266 736 1295 in
762 1265 825 1295 liae
851 1265 918 1296 xita
947 1270 979 1295 et
1003 1270 1077 1304 post
1101 1263 1188 1295 hanc

198 1310 298 1341 vitam
324 1317 418 1351 grata
443 1310 577 1345 saciant,
612 1309 665 1349 qni
701 1315 794 1339 recte
827 1309 867 1339 de
891 1309 964 1349 ipso
990 1307 1132 1338 sentiant
1156 1313 1188 1338 et

200 1354 354 1391 doceant,
379 1353 430 1394 qui
457 1353 609 1383 invocent
632 1363 717 1390 euin,
742 1358 772 1382 et
793 1353 912 1393 quibus
931 1352 1077 1382 vicissim
1098 1361 1187 1388 sese,

199 1407 290 1427 suain
322 1397 524 1437 patientiam,
560 1396 715 1426 iustitiam
752 1401 781 1425 et
806 1394 963 1425 laetitiam
987 1395 1018 1425 in
1043 1400 1112 1425 tota
1135 1404 1188 1425 ae·

199 1441 355 1471 te1·n‘.tate
379 1440 610 1477 communicet,
636 1444 671 1469 ut
694 1439 760 1469 sint
784 1439 847 1479 ipsi
871 1437 1072 1469 conformes.

287 1526 339 1557 Sic
373 1526 413 1556 ad
450 1523 714 1557 consolationem
751 1525 793 1555 de
827 1523 949 1555 auxilio
983 1524 1104 1555 tradita
1138 1532 1189 1554 est

198 1568 282 1600 haec
307 1569 467 1600 ¹sententia
495 1567 599 1605 Pauli,
623 1579 685 1599 nec
709 1575 759 1599 est
784 1566 976 1609 affingenda
993 1566 1189 1598 Manichaea
1212 1588 1216 1614 Ι

200 1612 252 1644 vel
268 1612 514 1643 Entliusiastica
539 1613 742 1653 imaginatio,
768 1612 895 1642 otiosas
920 1617 952 1642 et
976 1609 1188 1652 indulgentes
1212 1617 1216 1668 ὅ

199 1656 427 1697 voluptatibus
453 1663 631 1696 expet-tare
663 1656 785 1685 dehere
815 1653 982 1686 violentos
1006 1662 1121 1695 raptus
1145 1654 1188 1684 ad
1212 1672 1216 1695 Ι

200 1699 486 1730 benefaciendum.
545 1698 612 1729 lm«)
638 1698 735 1729 traliit
772 1697 885 1735 Deus,
927 1698 986 1729 sed
1022 1696 1188 1728 xolentem

200 1742 310 1780 trahit,
342 1750 371 1773 et
402 1743 434 1773 in
464 1742 588 1773 renatis
620 1741 795 1773 inchoatur
828 1742 991 1772 restitutio
1026 1739 1189 1772 libertatis

199 1787 231 1817 in
256 1785 441 1823 soluntate,
468 1786 521 1827 qui
547 1787 576 1815 in
603 1795 682 1816 xera
706 1786 918 1816 inuocatione
941 1785 1072 1816 discunt
1094 1794 1189 1826 prae-

201 1831 342 1861 sentiam
367 1829 430 1860 Dei
455 1827 636 1870 tripliciter.

288 1915 412 1953 Primo,
436 1916 581 1946 sentiunt
594 1913 859 1946 consolationem
878 1915 908 1945 in
930 1914 1032 1945 corde
1054 1914 1086 1945 in
1111 1924 1189 1944 con·

201 1960 368 1997 versione,
393 1966 426 1991 ut
451 1959 585 1989 dicitur:
608 1959 778 1989 iustificati
799 1959 864 1989 tide
881 1968 996 1999 pacem
1017 1958 1190 1994 habemus,

202 2013 287 2044 quae
327 2013 406 2033 vere
447 2009 497 2032 est
541 2002 761 2033 testimonium
802 2001 1012 2041 praesentiae
1047 2001 1189 2041 Spiritus
1212 2001 1216 2039 Ι

202 2047 320 2080 sancti,
351 2047 440 2077 iuxta
472 2046 612 2076 dictum:
648 2045 838 2086 Act-elusus
863 2045 1021 2086 Spiritum
1048 2043 1216 2074 clamati-i

201 2095 265 2120 tem
302 2089 399 2120 Abba
439 2096 544 2130 pater.
601 2089 699 2127 Item,
749 2088 818 2119 Vos
857 2088 998 2119 novistis
1033 2087 1189 2129 Spiritum

202 2138 364 2164 sanctum.

290 2218 459 2256 Secundo,
493 2219 638 2249 sentiunt
672 2216 707 2249 et
727 2217 882 2249 auxilium
907 2218 938 2248 in
963 2218 1038 2258 ipso
1061 2216 1191 2253 labore,

201 2268 239 2294 ut
261 2263 397 2294 dicitur:
423 2262 564 2303 Spiritus
587 2260 767 2303 opitulatur
789 2261 1030 2292 infirmitatibus
1055 2260 1191 2291 nostris.

290 2348 415 2386 Tertio,
439 2354 650 2390 cognoscunt
674 2349 705 2379 in
731 2354 851 2379 eventu
872 2347 980 2379 Deum
1005 2345 1110 2377 fuisse
1133 2357 1192 2388 gu·

202 2392 425 2429 bernatorem,
449 2393 536 2424 iuxta
562 2392 645 2423 llaec
669 2393 771 2424 dicta:
796 2391 997 2423 commenita
1013 2389 1085 2421 Deo
1107 2392 1191 2421 viam

205 2442 304 2473 tuam,
330 2443 359 2466 et
385 2446 484 2476 spera
508 2437 538 2466 in
564 2447 654 2473 eum,
691 2442 722 2466 et
747 2436 819 2476 ipse
842 2436 953 2467 faciet.
999 2434 1091 2471 Item,
1126 2435 1191 2465 lste

203 2489 329 2520 pauper
354 2478 507 2510 clamavit
530 2480 571 2510 ad
596 2478 785 2516 Dominum,
809 2485 841 2510 et
864 2479 1026 2510 Dominus
1057 2477 1190 2508 exaudi·

203 2523 250 2553 xit
274 2533 359 2553 eum.
404 2522 495 2560 ltem,
519 2522 641 2554 lnvoea
665 2533 716 2554 me
740 2523 771 2553 in
803 2523 855 2555 die
889 2520 1125 2559 tribulationis,
1158 2526 1192 2552 et

204 2565 341 2607 eripiam
366 2571 408 2604 te,
432 2572 465 2597 et
488 2566 692 2608 glorificabis
715 2576 776 2598 me.

1574 347 1626 379 111.
1661 347 1895 383 QUAESTtO.

1341 445 1560 496 Quomodo
1592 446 1727 501 placet
1759 461 1866 486 nova
1898 446 2131 487 obedientia

1628 515 1845 556 inchoata?

1327 614 1556 646 Diversissimi
1591 616 1717 657 gradus
1747 621 1823 647 sunt
1851 616 2030 647 hominum.
2076 614 2142 646 Alii
2176 625 2230 647 se-

1241 658 1310 688 curi
1335 659 1447 689 vivunt
1472 659 1503 689 in
1529 659 1713 691 sceleribus
1738 666 1854 690 contra
1890 659 2138 697 conscientiam,
2174 659 2230 700 qui

1240 700 1319 731 nihil
1344 708 1522 743 anguntur,
1559 714 1633 734 cum
1667 708 1773 733 tamen
1809 703 1943 734 audiant
1969 702 2052 733 haec
2075 700 2229 734 fulmina:

1242 744 1467 783 scortatores,
1490 745 1642 784 adulteri,
1673 744 1872 783 hoinii-idae,
1908 757 1974 777 non
2009 746 2230 787 possidebunt

1241 798 1377 861 rignum
1390 787 1473 862 113&-
1518 789 1559 821 Hi
1583 790 1705 828 sciunt,
1731 796 1762 821 et
1792 788 1889 821 fateri
1909 796 2075 831 coguntur
2097 799 2135 823 se
2163 789 2230 820 dis-

1241 842 1367 872 p.cere
1425 842 1477 863 eo.

1328 916 1395 947 Alii
1420 917 1624 959 Hypocritae
1647 919 1795 949 iactitant
1821 929 1857 949 se
1881 916 1994 949 facere
2017 917 2142 959 Legem
2165 917 2230 948 Dei

1242 966 1273 991 et
1293 959 1427 1001 placere
1442 961 1514 992 Deo
1540 969 1678 1002 propter
1701 968 1873 993 externam
1898 961 2118 1002 disciplinam,
2141 962 2230 992 sicut

1241 1003 1444 1035 Pharisaeus
1474 1006 1561 1045 apud
1584 1005 1720 1036 Lucam.
1767 1005 1823 1036 Sic
1846 1006 2003 1046 Papistae
2027 1005 2155 1043 dicunt,
2179 1014 2230 1035 re-

1242 1054 1340 1078 natos
1375 1047 1573 1094 satisfacere
1606 1048 1689 1090 Legi
1724 1047 1804 1084 Dei,
1840 1055 1872 1080 et
1905 1058 2010 1090 posse
2045 1058 2123 1079 esse
2157 1048 2230 1079 sine

1241 1097 1392 1132 peccato.

1329 1176 1459 1208 Tertius
1479 1177 1604 1218 gradus
1625 1182 1675 1208 est
1697 1187 1811 1209 eorum
1830 1178 1884 1219 qui
1909 1177 2064 1208 conversi
2087 1182 2164 1207 sunt
2186 1175 2231 1207 ad

1241 1219 1361 1258 Deum,
1397 1227 1427 1251 et
1463 1219 1589 1251 habent
1622 1221 1710 1251 initia
1738 1221 1864 1252 timoris
1899 1227 1930 1251 et
1966 1220 2053 1257 fidei,
2089 1226 2121 1250 et
2155 1230 2231 1250 cum

1242 1265 1387 1295 sentiunt
1410 1263 1631 1295 infirmitatem
1660 1274 1767 1302 suam,
1801 1275 1898 1306 quam
1921 1262 2040 1305 frigida
2071 1263 2114 1293 sit
2136 1263 2230 1294 invo-

1243 1308 1340 1345 catio,
1371 1318 1468 1348 quam
1493 1306 1616 1338 multae
1640 1317 1791 1338 errantes
1816 1307 1969 1338 flammae
2001 1306 2229 1347 cupiditatum,

1241 1357 1363 1392 quanta
1388 1351 1586 1392 ignorantia,
1611 1362 1707 1391 quam
1732 1349 1832 1381 multa
1858 1356 1974 1380 errata.
1989 1351 2020 1380 in
2043 1349 2229 1386 vocatione,

1241 1404 1339 1435 quani
1363 1392 1485 1424 multae
1510 1394 1819 1435 praetermissiones
1847 1392 1960 1430 officii,
1986 1391 2083 1423 valde
2110 1402 2229 1423 excru-

1242 1438 1370 1468 ciantur
1393 1443 1425 1468 et
1445 1437 1624 1477 disputant,
1648 1437 1701 1467 An
1727 1443 1758 1468 et
1782 1437 1949 1478 quomodo
1973 1434 2128 1477 placeant
2141 1435 2229 1466 Deo.

1327 1522 1389 1554 Hic
1413 1522 1568 1563 Papistae
1592 1522 1703 1553 delent
1725 1528 1828 1553 totam
1859 1522 2043 1553 doctrinam
2078 1521 2119 1552 de
2153 1520 2230 1559 fiete,

1242 1572 1273 1597 et
1297 1566 1420 1603 dieunt,
1444 1576 1576 1606 semper
1600 1566 1814 1597 dubitandum
1839 1575 1927 1596 esse.
1973 1564 2064 1595 Haec
2087 1564 2231 1595 humana

1241 1615 1273 1640 et
1298 1608 1438 1640 Ethnica
1463 1610 1652 1650 imaginatio
1682 1614 1734 1640 est
1768 1610 1919 1639 doctrina
1955 1614 2142 1639 contemtus
2166 1607 2230 1638 Dei

1242 1659 1273 1684 et
1297 1653 1552 1693 desperationis.
1598 1652 1683 1683 Nam
1718 1652 1834 1683 vivens
1869 1652 1899 1682 in
1931 1649 1989 1682 tali
2013 1651 2229 1685 dubitatione,

1241 1707 1282 1727 an
1310 1696 1383 1727 Deo
1408 1695 1549 1736 placeat,
1572 1696 1651 1727 vivit
1676 1696 1748 1726 sine
1771 1695 2000 1731 invocatione,
2033 1700 2065 1725 et
2095 1694 2230 1724 tandem

1242 1740 1437 1781 opprimitur
1460 1740 1706 1780 desperatione,
1741 1744 1771 1769 et
1806 1743 1933 1780 pugnat
1962 1739 2046 1769 liaec
2070 1737 2230 1768 dubitatio

1242 1794 1315 1814 cuni
1340 1782 1392 1813 liis
1416 1783 1530 1813 dictis:
1556 1782 1620 1812 Per
1639 1782 1728 1814 hunc
1755 1783 1917 1813 audemus
1940 1781 2102 1812 accedere
2133 1781 2165 1811 in
2195 1779 2230 1810 fi-

1242 1827 1352 1864 ducia,
1388 1836 1447 1867 per
1480 1825 1594 1856 Fidem
1630 1825 1704 1856 lesu
1739 1825 1874 1857 Christi.
1926 1824 2017 1862 Item,
2053 1823 2230 1859 Quomodo

1242 1870 1457 1907 invocabunt,
1480 1870 1543 1900 nisi
1568 1870 1715 1900 credent.

1329 1955 1380 1986 Sit
1404 1956 1501 1998 igitur
1524 1956 1636 1986 brevis
1661 1960 1691 1986 et
1711 1954 1888 1996 perspicua
1912 1954 2099 1993 responsio.
2133 1952 2231 1984 Nova

1243 1999 1429 2031 obedientia
1455 2009 1513 2029 seu
1539 2000 1624 2029 bona
1650 2009 1750 2039 opera
1770 1999 1800 2028 in
1826 1997 1999 2028 conversis
2023 2006 2083 2026 seu
2106 1997 2231 2027 renatis

1242 2042 1376 2084 placent
1401 2041 1481 2073 Fide
1505 2048 1642 2082 propter
1666 2041 1895 2071 Mediatorem.
1941 2039 2033 2071 Haec
2052 2039 2229 2082 responsio

1244 2085 1431 2118 declaretur
1454 2085 1506 2116 his
1530 2085 1634 2116 tribus
1658 2085 1825 2116 memhris.

1330 2171 1475 2203 Primum
1510 2176 1636 2202 statuat
1669 2181 1858 2202 conversus
1898 2179 2076 2211 personam
2110 2168 2232 2199 iustam

1245 2226 1333 2254 esse,
1364 2216 1396 2245 id
1420 2221 1483 2252 est,
1517 2221 1691 2255 acceptam
1716 2213 1791 2245 Deo
1822 2220 1854 2245 et
1889 2212 2088 2255 placentem,
2125 2212 2229 2254 gratis

1245 2266 1381 2301 propter
1405 2257 1633 2294 Medimni-em,
1670 2257 1742 2288 sota
1766 2257 1857 2296 Fide,
1891 2267 1957 2288 non
1987 2262 2125 2298 propter
2154 2264 2231 2296 pro-

1243 2303 1349 2345 priam
1371 2301 1474 2344 Legis
1497 2301 1731 2342 impletionem.

1332 2388 1496 2426 Secundo,
1530 2393 1695 2429 agnoscat
1730 2392 1763 2418 et
1791 2386 1936 2418 fateatur
1959 2393 2158 2422 conversim,
2192 2393 2232 2415 se

1244 2442 1453 2474 nequaquam
1478 2430 1559 2472 Legi
1584 2430 1647 2462 Dei
1672 2429 1880 2467 satisfacere,
1904 2435 1937 2460 et
1959 2429 2069 2460 adhuc
2093 2428 2232 2458 circum-

1245 2475 1334 2507 ferre
1356 2476 1388 2506 in
1413 2484 1490 2506 sese
1514 2482 1665 2516 peccata,
1689 2484 1840 2516 magnam
1865 2472 2053 2515 miliginem,
2075 2472 2231 2513 ignoran—

1245 2520 1335 2557 tiam,
1368 2519 1616 2556 dubitationem,
1652 2529 1714 2550 nec
1745 2518 1777 2548 in
1808 2523 1916 2548 mente
1951 2515 2059 2548 lucem
2088 2513 2164 2545 [idei
2199 2517 2232 2544 et

1246 2563 1432 2594 firmitatem
1456 2572 1533 2593 esse
1556 2567 1693 2600 tantam,
1716 2568 1840 2603 quanta
1859 2570 1937 2592 esse
1961 2561 2092 2596 debeat,
2113 2566 2175 2588 nec
2197 2557 2232 2588 in

1248 2606 1350 2639 corde
1378 2606 1540 2645 timorem,
1574 2604 1684 2648 qualis
1710 2615 1789 2642 esse
1821 2605 1933 2643 debet,
1965 2613 2028 2635 nec
2060 2602 2232 2633 ardentem
