2383 2990
154 125 219 158 375

154 231 243 258 nam,
266 230 334 251 non
358 219 541 250 secundum
576 218 731 256 divinam,
765 217 852 249 sicut
876 216 996 248 Petrus
1030 217 1145 259 inquit,

155 264 298 296 Passum
324 273 400 294 esse
425 272 537 294 carne.
582 261 623 292 Et
648 261 806 292 Irenaeus
838 261 953 303 inquit,
978 260 1147 292 Christum

156 307 351 340 crucifixum
375 316 452 338 esse
476 306 710 346 requiescente
732 306 848 336 verbo.

244 377 343 408 Duae
363 381 439 407 511111
463 380 602 406 naturae
625 375 656 405 in
671 373 818 412 Christo,
840 380 873 406 et
896 384 975 405 suas
999 374 1147 415 proprie-

155 427 242 453 tates
257 426 395 460 utraque
408 419 538 455 retinet,
563 428 625 449 nec
647 424 827 459 propterea
845 425 1022 458 separatur
1040 416 1146 448 altera

153 465 196 496 ab
221 463 337 495 altera.
384 462 514 494 Deinde
545 463 730 503 propositio
755 472 836 493 vera
860 468 912 492 051
936 462 976 492 (10
999 471 1146 502 persona

155 507 452 539 communicatione
483 506 696 543 ldiomatum,
727 503 880 536 vChristus
908 511 1058 536 mortuus
1083 510 1146 542 est,

154 550 285 582 scilicet
310 551 492 582 secundam
516 557 668 581 naturam
688 548 876 580 humanam.

238 629 356 660 Ariani
380 629 526 659 citabant
549 627 614 658 1100
644 628 785 658 dictum:
821 627 922 658 Pater
955 627 1060 658 maior
1094 636 1145 656 me

152 680 216 712 est,
240 673 316 704 inde
340 672 637 710 ratiocinabantur,
662 669 780 701 Filium
805 681 871 701 non
891 680 968 701 esse
987 669 1146 709 ὁμοούσιον

151 716 255 755 Ρ311·1,
291 727 358 747 11011
390 716 663 756 omnipotentem.
709 714 899 755 Responsio
923 714 1045 745 usitata
1082 718 1145 750 est,

150 759 260 792 Maior
283 770 336 791 me
359 765 422 797 est,
446 758 577 790 scilicetv
611 769 710 799 quam
745 768 809 799 ego
840 768 925 795 sum,
960 756 1145 788 secundum

150 811 303 836 naturam
327 804 516 841 humanam,
541 803 585 833 ita
602 801 798 843 plerumque
817 802 999 832 decurrunt
1012 806 1144 831 veteres

150 849 194 879 ad
218 849 306 879 hanc
330 847 585 888 responsionem
609 852 751 876 sumtam
783 856 824 875 ex
848 844 1145 875 communicatione

150 890 356 923 Idiomatum.
424 890 492 921 Sed
537 888 720 930 simplicior
761 889 937 930 responsio
975 893 1041 918 est:
1076 884 1144 917 alia

151 936 239 967 dicta
263 936 304 967 de
339 935 487 965 essentia
520 932 713 974 loquuntur,
748 931 811 963 alia
847 933 888 963 de
922 930 1032 962 officio
1068 940 1145 970 per-

150 988 267 1010 sonae.
312 977 527 1009 Manifestum
552 983 603 1008 051
638 984 748 1007 31110111
780 975 847 1005 1100
877 975 1010 1011 dictum,
1044 972 1145 1004 Pater

148 1023 255 1054 maior
277 1033 329 1053 me
354 1029 417 1059 est,
440 1019 532 1061 loqui
557 1022 597 1051 de
622 1019 734 1051 officio
758 1019 856 1050 huius
876 1028 1042 1060 personae
1066 1018 1142 1048 mis-

149 1075 208 1097 sae
232 1072 265 1097 et
287 1065 525 1107 praedicantis,
550 1070 581 1094 et
606 1064 793 1094 obedientis
818 1064 849 1093 in
873 1063 1050 1103 passione,
1076 1071 1143 1092 non

148 1108 295 1150 loquitur
336 1109 376 1139 de
417 1106 653 1149 inaequalitate
695 1107 874 1138 essentiae.
932 1104 1015 1136 Cum
1057 1105 1143 1135 enim

148 1152 260 1184 Iudaei
284 1157 484 1184 accusarent
508 1150 693 1189 Christum,
728 1151 817 1192 quod
853 1150 990 1181 doceret
1025 1155 1143 1179 0011113

147 1197 358 1228 autoritatem
382 1195 464 1234 Dei,
495 1205 640 1226 necesse
670 1194 731 1225 11111
756 1193 891 1225 Christo
911 1192 1061 1233 allegare
1086 1202 1142 1223 au-

148 1241 314 1271 toritatem
338 1239 459 1277 Patris,
494 1250 514 1269 a
538 1250 604 1280 quo
639 1238 781 1269 affirmat
816 1247 854 1267 se
888 1237 1027 1267 missum
1051 1246 1141 1274 0550,

147 1290 180 1315 01
203 1284 358 1315 traditam
383 1283 445 1313 sibi
470 1283 656 1314 doctrinam
692 1288 725 1312 et
758 1281 950 1312 mandatnm
985 1280 1140 1318 docendi,

146 1337 187 1359 ac
211 1326 345 1358 Patrem
369 1327 527 1357 maiorem
552 1336 628 1357 esse
653 1326 742 1364 dicit,
766 1331 925 1366 tanquam
948 1323 1141 1361 mittentem,

146 1370 272 1402 fontem
307 1370 503 1407 (1001111130,
550 1370 810 1410 approbatorem
856 1374 887 1399 et
929 1366 1141 1399 defensorem

144 1413 244 1446 huius
270 1414 442 1445 doctrinae
467 1420 499 1444 et
521 1412 698 1444 Ecclesiae
723 1422 823 1450 51130,
862 1422 903 1443 30
938 1418 1016 1442 111110
1046 1420 1141 1452 prae-

145 1459 260 1489 sertim
285 1458 393 1489 Patris
418 1457 590 1494 autoritas,
614 1463 645 1487 et
664 1456 811 1496 potentia
830 1455 1049 1486 monstranda
1068 1454 1141 1491 fuit,

146 1503 223 1543 quia
258 1502 290 1532 in
326 1500 384 1532 illo
419 1501 600 1531 ministerio
641 1500 788 1531 nondum
829 1498 1034 1539 conspicitur
1068 1497 1141 1529 Filii

144 1546 313 1586 potentia,
348 1544 407 1575 sed
440 1545 644 1585 conspicitur
667 1544 783 1584 passio
807 1548 840 1573 01
874 1542 1066 1584 infirmita-5,
1099 1551 1143 1572 ne

143 1589 245 1630 igitur
268 1588 333 1619 hac
368 1588 483 1629 specie
511 1587 711 1618 infirmitatis
747 1586 845 1624 moti,
880 1586 1071 1617 dubitarent
1101 1585 1142 1615 de

145 1633 308 1670 doctrina,
344 1638 375 1662 et
411 1632 453 1662 (10
482 1631 741 1662 conservatione
776 1628 964 1666 Ecclesiae,
1000 1628 1143 1659 affirmat

143 1676 294 1717 potentia
329 1675 436 1706 Patris
472 1674 537 1705 1100
570 1674 787 1705 ministerium
823 1683 899 1704 esse
935 1670 1076 1709 efficax,
1112 1677 1143 1702 et

143 1719 280 1750 Patrem
316 1729 377 1749 sua
412 1719 561 1759 potentia
597 1717 879 1760 glorificaturum,
916 1726 995 1747 esse
1025 1714 1142 1746 Filium

145 1769 178 1794 et
201 1768 413 1794 servaturum
436 1760 634 1793 Ecclesiam.
682 1762 730 1792 lta
764 1761 887 1791 dictum
920 1759 987 1790 hoc
1021 1759 1062 1790 de
1094 1757 1142 1790 of-

143 1806 220 1838 ficio
246 1816 413 1847 personae
448 1806 573 1836 11115530
608 1804 764 1846 loquitur.
813 1805 865 1834 Ac
901 1814 975 1834 cum
1011 1803 1142 1841 dicitur,

144 1849 295 1881 Verbum
320 1855 391 1881 erat
410 1849 517 1887 Deus,
541 1849 585 1879 ibi
608 1848 837 1889 propriissime
862 1847 1002 1878 traditur
1027 1856 1143 1877 essen-

143 1894 210 1925 tiae
235 1894 440 1934 descriptio,
465 1894 542 1934 quia
566 1892 650 1923 haec
676 1892 821 1923 narratio
846 1891 992 1922 instituta
1019 1897 1086 1928 051,
1106 1896 1141 1921 111

145 1938 266 1969 doceat.
289 1938 364 1979 quis
389 1938 431 1968 sit
454 1937 551 1977 λόγος,
575 1937 675 1968 0113111
699 1942 878 1977 antequam
901 1935 1059 1966 assumsit
1083 1933 1142 1964 hu-

144 1992 276 2013 manam
300 1987 461 2012 naturam.

234 2059 344 2100 Saepe
367 2057 479 2090 locum
502 2058 603 2089 habet
628 2063 660 2089 et
678 2057 762 2088 haec
786 2056 981 2098 responsio,
1005 2053 1073 2086 alia.
1096 2056 1142 2086 di-

145 2109 201 2134 013
220 2102 401 2144 loquuntur
425 2103 465 2133 110
490 2108 652 2143 regnante
683 2100 838 2138 Christo,
873 2099 938 2131 alia
963 2100 1004 2129 de
1038 2099 1142 2130 11111111-

145 2145 226 2178 11310
252 2153 284 2177 01
308 2147 464 2187 patiente.
512 2146 607 2177 llanc
631 2145 887 2187 responsionem
911 2144 943 2174 in
965 2141 1144 2184 Prophetis

145 2191 375 2222 necessariam
399 2200 476 2220 0550
501 2188 714 2220 manifestum
740 2194 807 2226 est,
833 2195 867 2218 ut
892 2188 933 2218 (le
957 2185 1142 2225 humiliato,

146 2240 178 2266 01
211 2235 358 2276 patiente
383 2232 509 2264 Messia
552 2234 689 2264 dicitur:
732 2231 839 2263 Ponet
869 2231 1013 2262 animam
1049 2240 1143 2260 suam

144 2288 207 2319 pro
231 2283 385 2319 peccato.
433 2277 512 2308 ltem
538 2275 687 2307 Danielis
712 2276 742 2307 9.
779 2275 934 2306 Christus
960 2274 1144 2312 occidetur,

146 2321 211 2353 alia
238 2323 278 2352 de
303 2327 478 2363 regnante,
504 2327 556 2351 nt:
580 2319 671 2351 Dixit
697 2319 866 2351 Dominus
880 2318 1038 2356 Domino,
1063 2317 1143 2348 sede

147 2375 168 2396 a
191 2364 328 2396 Dextris
353 2366 451 2401 meis,
487 2365 594 2395 donec
618 2374 739 2405 ponam
770 2363 919 2394 inimicos
950 2368 1045 2398 tuos,
1070 2371 1142 2391 sca-

147 2406 270 2439 bellum
294 2409 414 2449 pcdum
439 2415 582 2439 tuorum.
629 2407 708 2438 Item
733 2407 898 2448 captivam
924 2405 1014 2436 duxit
1040 2405 1141 2446 capti-

147 2452 302 2489 vitatem,
333 2452 409 2493 quia
434 2451 624 2492 Prophetae
647 2457 823 2492 utrumque
849 2449 1029 2480 ostendunt
1061 2458 1140 2479 eun-

149 2494 223 2526 dem
236 2494 396 2526 Messian]
420 2496 700 2537 praedicaturum,
723 2505 912 2535 passurum,
935 2493 1141 2524 moriturum.

148 2545 433 2577 resurrecturum,
468 2546 703 2581 regnaturum,
738 2543 769 2569 et
809 2536 1028 2568 collecturum
1064 2532 1166 2586 esse]

148 2579 348 2619 Ecclesiam,
374 2588 406 2613 et
429 2583 458 2613 ci
481 2583 685 2614 redditurum
710 2592 787 2613 esse
811 2581 967 2612 iustitiam
991 2584 1023 2611 et
1042 2580 1140 2611 vitam
1163 2595 1167 2612 ι

149 2631 333 2657 aeternam.

793 120 909 153 PIIIL.
932 120 1038 153 MEL.
1053 120 1243 154 SCRIPTA
1265 119 1550 153 DOGMATICA.

2126 120 2191 153 376

1288 216 1336 247 Ita
1356 216 1396 247 de
1420 220 1583 258 regnante
1603 214 1737 247 Christo
1762 215 1897 247 dicitur:
1929 215 2029 248 Pater
2051 226 2118 248 non
2142 217 2190 250 iu-

1201 260 1289 291 dicat
1317 270 1524 302 quenquam,
1561 260 1622 290 sed
1656 269 1753 290 omne
1782 260 1937 291 iudicium
1972 260 2062 291 dedit
2094 259 2190 300 Filio,

1201 304 1278 345 quia
1301 314 1361 344 per
1384 303 1502 334 Filium
1521 303 1661 341 iudicat,
1696 309 1727 334 et
1750 314 1810 344 per
1834 314 1907 334 eum
1930 302 2087 344 patefacit
2110 304 2191 336 iudi-

1201 348 1298 378 cium.
1344 345 1432 378 Alibi
1464 347 1584 378 dicitur
1608 347 1648 377 de
1673 353 1823 388 tempore
1846 346 2100 386 humiliationis,
2122 358 2191 379 non

1200 391 1241 422 de
1265 392 1431 429 essentia,
1461 390 1556 421 Deus
1583 389 1679 422 Deus
1710 401 1821 428 meus,
1857 401 1961 432 quare
1985 391 2192 433 dereliquisti

1199 445 1264 473 me,
1288 444 1355 465 non
1378 433 1444 466 hoe
1469 435 1559 473 dicit,
1584 441 1773 475 separatam
1787 444 1865 465 esse
1877 435 2020 465 divinam
2038 441 2191 466 naturam

1200 479 1241 509 ab
1266 478 1420 516 humana,
1446 479 1507 509 sed
1531 479 1598 519 pati
1617 477 1794 509 humanam
1814 483 1965 509 naturam
1989 483 2022 509 et
2044 479 2190 509 noudum

1199 522 1325 553 sentire
1346 520 1587 553 liberationem.

1281 694 1420 726 ALIUD
1444 694 1505 725 DE
1529 693 1664 725 DICTO
1688 694 1752 726 AD
1778 693 2107 725 PHILIPPENSES.

1167 762 1173 881 Ι
1285 806 1412 849 Magna
1446 807 1592 838 varietas
1623 813 1674 839 est
1704 807 2033 848 interpretationum,
2057 807 2119 839 sed
2141 807 2190 840 iu-

1200 852 1275 883 dico
1299 851 1389 881 hanc
1412 861 1526 884 veram
1551 857 1584 882 et
1607 851 1751 881 nativam
1776 851 1975 883 sententiam
2005 860 2097 882 esse:
2133 851 2191 893 qui

1200 906 1272 926 cum
1292 900 1382 926 esset
1416 895 1449 925 in
1473 893 1578 925 forma
1602 894 1683 932 Dei,
1718 895 1750 925 id
1780 901 1850 932 est,
1886 905 1961 925 cum
1992 900 2085 925 esset
2113 894 2189 926 talis

1199 938 1306 981 qualis
1331 944 1381 969 est
1404 937 1515 976 Deus,
1552 937 1706 969 videlicet
1729 939 1955 979 omnipotens,
1989 944 2099 969 tamen
2122 949 2192 970 non

1199 983 1290 1013 duxit
1319 983 1467 1023 rapinam
1500 991 1576 1012 0550
1608 991 1726 1023 gerere
1757 992 1795 1012 se
1818 981 2004 1023 aequaliter
2026 980 2120 1020 Deo,
2156 983 2191 1014 id

1197 1032 1261 1064 est,
1285 1036 1353 1056 11011
1376 1025 1484 1066 rapuit
1505 1031 1623 1055 contra
1646 1025 1838 1056 missionem
1862 1035 1956 1056 suam
1976 1035 2072 1056 usum
2087 1026 2191 1057 omni—

1196 1070 1365 1111 potentiae
1389 1070 1422 1100 in
1447 1069 1498 1099 sui
1523 1066 1769 1107 defensionem,
1799 1069 1860 1099 sed
1885 1078 1922 1099 se
1945 1069 2053 1110 ipsum
2079 1069 2191 1100 exina-

1196 1114 1289 1150 nivit,
1314 1113 1346 1143 id
1371 1118 1433 1151 051,
1457 1123 1525 1143 11011
1549 1118 1599 1143 051
1623 1122 1706 1143 115115
1730 1122 1791 1143 5113
1814 1113 1979 1153 potentia,
2009 1113 2070 1143 sed
2094 1122 2191 1144 acce-

1196 1158 1242 1198 pit
1266 1156 1407 1187 formam
1431 1156 1540 1194 servi,
1568 1154 1723 1186 videlicet
1751 1165 1819 1186 non
1842 1154 1998 1186 habentis
2022 1154 2190 1187 defensio-

1195 1212 1282 1239 nem,
1316 1200 1425 1231 sactns
1456 1200 1488 1230 in
1519 1197 1733 1230 similitudine
1762 1197 1949 1237 hominum,
1975 1199 2007 1229 id
2031 1206 2100 1238 est,
2130 1198 2192 1230 suit

1195 1244 1294 1275 homo
1320 1250 1351 1275 et
1375 1242 1492 1275 similis
1511 1242 1596 1280 aliis,
1620 1241 1789 1284 passibilis
1814 1249 1845 1273 et
1859 1241 2022 1281 mortalis,
2045 1243 2105 1274 sed
2118 1243 2191 1274 s‘ine

1165 1279 1170 1353 Ι
1195 1294 1348 1329 peccato,
1374 1293 1406 1318 et
1428 1287 1543 1317 habitu
1568 1287 1723 1317 inventus
1747 1293 1782 1317 ut
1805 1285 1920 1324 homo,
1943 1286 1977 1317 id
2002 1293 2065 1326 est,
2084 1286 2191 1318 sensi-

1197 1334 1259 1363 bus
1284 1338 1316 1363 et
1339 1330 1529 1368 affectibus,
1553 1328 1651 1368 same,
1676 1330 1741 1368 siti,
1765 1330 1899 1372 gaudio,
1924 1330 2068 1369 tristitia,
2091 1330 2191 1362 mise-

1164 1368 1171 1437 I
1195 1376 1352 1411 ricordia,
1377 1373 1533 1411 lacrimis,
1558 1374 1617 1412 ira,
1636 1374 1877 1415 indignatione,
1897 1373 2082 1405 humiliavit
2101 1383 2191 1415 sese,

1160 1442 1169 1460 1
1194 1419 1303 1451 sactus
1328 1424 1380 1449 est
1404 1417 1563 1448 obediens
1588 1427 1696 1458 usque
1721 1417 1763 1447 ad
1794 1423 1951 1455 mortem,
1974 1417 2008 1447 id
2031 1422 2099 1455 est,
2122 1427 2191 1448 non

1194 1461 1314 1504 repulit
1328 1468 1480 1499 mortem,
1505 1461 1565 1492 sed
1590 1471 1665 1492 cum
1688 1461 1789 1491 sciret
1812 1460 1901 1491 hanc
1931 1470 2008 1491 0550
2036 1459 2191 1492 volunta-

1196 1513 1261 1537 tem
1285 1505 1411 1537 aeterni
1426 1504 1553 1544 Patris,
1576 1511 1612 1536 ut
1635 1504 1686 1535 510
1710 1514 1820 1544 poena
1843 1502 2053 1542 solveretur,
2086 1501 2192 1534 'voluit

1194 1550 1282 1581 hanc
1315 1549 1548 1580 obedientiam.
1594 1547 1643 1578 Ita
1672 1546 1761 1578 velle
1784 1547 1817 1577 in
1840 1547 2019 1579 vocatione
2051 1547 2192 1586 servire,

1196 1600 1227 1624 et
1250 1603 1318 1624 non
1341 1592 1408 1624 alia
1432 1597 1590 1632 expetere
1614 1589 1844 1631 splendidiora
1873 1596 1929 1622 aut
1953 1591 2112 1632 graviora
2135 1601 2191 1622 ex-

1195 1643 1246 1668 tra
1270 1636 1479 1668 vocationem
1503 1635 1692 1666 nominatur
1715 1633 1895 1665 lmmilitas.
1942 1634 2084 1676 Propter
2101 1634 2192 1677 quod

1196 1679 1354 1711 exaltavit
1378 1690 1453 1710 eum
1482 1678 1589 1709 Deus.
1635 1678 1722 1709 Hinc
1750 1678 1866 1709 Ariani
1890 1678 2069 1709 sumebant
2093 1689 2191 1721 argu-

1194 1730 1350 1761 mentum,
1375 1723 1503 1753 Natura
1516 1722 1612 1753 Deus
1635 1733 1703 1753 non
1726 1727 1837 1763 potest
1853 1720 2003 1753 exaltari.
2039 1720 2191 1763 Respon-

1197 1769 1277 1799 dent
1302 1765 1489 1797 orthodoxi
1513 1777 1554 1797 ex
1574 1765 1691 1806 regula
1716 1766 1758 1797 dc
1783 1765 2084 1797 communicatione
2106 1765 2191 1797 Idio-

1193 1818 1333 1842 matum:
1349 1816 1401 1841 est
1432 1809 1600 1841 exaltatus
1616 1809 1801 1840 secundum
1824 1808 2003 1840 humanam
2027 1815 2191 1848 naturam,

1162 1855 1167 1897 Ι
1194 1854 1301 1886 sactus
1325 1855 1379 1893 im}
1394 1852 1542 1885 3551111115
1577 1859 1608 1884 et
1636 1851 1849 1892 immortalis,
1879 1853 1965 1884 sicut
1999 1853 2031 1884 in
2055 1851 2196 1884 Psalmo

1196 1900 1329 1929 dicitur:
1356 1898 1396 1928 de
1420 1904 1570 1929 torrente
1593 1898 1625 1927 in
1649 1898 1703 1928 via
1728 1897 1836 1934 bibet,
1859 1902 2040 1938 propterea
2064 1895 2190 1928 exalta·

1195 1943 1243 1973 bit
1267 1948 1375 1983 caput.
1415 1940 1532 1972 Potest
1555 1947 1664 1972 autem
1691 1941 1836 1971 breviter
1860 1939 2076 1980 responderi,
2100 1938 2190 1973 aliud

1197 1992 1248 2017 est
1272 1992 1403 2027 tempus
1426 1983 1685 2022 humiliationis,
1714 1982 1803 2014 aliud
1828 1982 2101 2025 glorificationis,
2125 1993 2190 2015 nec

1196 2030 1385 2061 obedientia
1408 2027 1494 2059 tollit
1518 2026 1754 2070 aequalitatem
1777 2028 1955 2069 potentiae.

1381 2196 1457 2237 DE
1491 2194 1715 2237 SPIRITU
1748 2193 1989 2237 SANCTO.

1283 2315 1553 2356 Descriptionem
1606 2324 1709 2356 supra
1753 2314 1977 2345 recitavimus.
2046 2312 2189 2355 Spiritus

1196 2366 1335 2391 sanctus
1359 2366 1410 2390 est
1435 2359 1529 2389 tertia
1554 2368 1703 2400 persona
1726 2358 1927 2395 divinitatis,
1958 2358 2147 2398 procedens
2170 2367 2191 2389 a

1196 2404 1296 2435 Patre
1316 2410 1348 2434 et
1370 2401 1474 2440 Pilio,
1498 2408 1529 2433 et
1554 2408 1605 2432 051
1630 2400 1860 2433 substantialis
1885 2411 1979 2432 amor
2008 2407 2040 2432 01
2063 2399 2190 2432 laetitia

1196 2454 1375 2478 coaeterna
1398 2446 1483 2477 inter
1514 2445 1647 2477 Patrem
1679 2452 1710 2476 01
1734 2445 1870 2482 filium,
1906 2443 2065 2484 ὅμοοιὲσιος
2100 2443 2190 2475 Patri

1196 2499 1226 2522 01
1241 2490 1334 2529 Filio,
1359 2497 1391 2522 et
1415 2491 1512 2521 nobis
1536 2491 1585 2520 sic
1610 2488 1820 2521 manifestata
1844 2494 1906 2526 051,
1931 2488 2020 2530 quod
2044 2488 2190 2519 mittatur

1195 2536 1227 2566 111
1260 2536 1364 2566 corda
1396 2534 1618 2570 credentium,
1652 2540 1688 2564 ut
1717 2531 1802 2564 tales
1837 2538 1946 2563 motus
1977 2542 2125 2563 amorem
2157 2537 2191 2563 et

1194 2578 1355 2610 laetitiam
1391 2578 1660 2619 acquiescentem
1695 2577 1727 2607 in
1760 2576 1834 2608 Deo
1869 2577 1900 2607 in
1932 2576 1980 2607 015
2014 2575 2189 2614 3000111131,

1162 2617 1167 2643 ¹
1195 2621 1303 2665 qualis
1327 2628 1377 2653 est
1402 2621 1485 2664 ipse,
1510 2620 1606 2652 Sicut
1628 2621 1657 2652 2.
1681 2619 1764 2651 Tim.
1792 2620 1820 2650 l.
1845 2628 2005 2661 expresse
2028 2619 2188 2660 scriptum
