<?xml version="1.0" encoding="UTF-8"?>
<!DOCTYPE html PUBLIC "-//W3C//DTD XHTML 1.0 Transitional//EN"
    "http://www.w3.org/TR/xhtml1/DTD/xhtml1-transitional.dtd">
<html xmlns="http://www.w3.org/1999/xhtml" xml:lang="en" lang="en">
 <head>
  <title>
</title>
<meta http-equiv="Content-Type" content="text/html;charset=utf-8" />
  <meta name='ocr-system' content='tesseract 3.04.00' />
  <meta name='ocr-capabilities' content='ocr_page ocr_carea ocr_par ocr_line ocrx_word'/>
</head>
<body>
  <div class='ocr_page' id='page_1' title='image "./operaquaesupersu23melauoft_0085.png"; bbox 0 0 2383 2990; ppageno 0'>
   <div class='ocr_carea' id='block_1_1' title="bbox 153 149 862 182">
    <p class='ocr_par' dir='ltr' id='par_1_1' title="bbox 153 149 862 182">
     <span class='ocr_line' id='line_1_1' title="bbox 153 149 862 182; baseline -0.001 0"><span class='ocrx_word' id='word_1_1' title='bbox 153 149 197 182; x_wconf 87' lang='lat'><strong>33</strong></span> <span class='ocrx_word' id='word_1_2' title='bbox 824 149 862 181; x_wconf 87' lang='lat' dir='ltr'><strong>ll.</strong></span> 
     </span>
    </p>
   </div>
   <div class='ocr_carea' id='block_1_2' title="bbox 175 243 1148 329">
    <p class='ocr_par' dir='ltr' id='par_1_2' title="bbox 175 243 1148 329">
     <span class='ocr_line' id='line_1_2' title="bbox 175 243 1148 285; baseline -0.001 -10"><span class='ocrx_word' id='word_1_3' title='bbox 175 244 294 275; x_wconf 86' lang='lat' dir='ltr'><strong>retium</strong></span> <span class='ocrx_word' id='word_1_4' title='bbox 328 253 390 284; x_wconf 85' lang='lat' dir='ltr'><strong>pro</strong></span> <span class='ocrx_word' id='word_1_5' title='bbox 420 243 537 282; x_wconf 86' lang='lat' dir='ltr'><strong>nobis,</strong></span> <span class='ocrx_word' id='word_1_6' title='bbox 572 244 663 274; x_wconf 83' lang='lat' dir='ltr'><strong>iuxta</strong></span> <span class='ocrx_word' id='word_1_7' title='bbox 691 244 831 275; x_wconf 74' lang='lat' dir='ltr'><strong>dietum:</strong></span> <span class='ocrx_word' id='word_1_8' title='bbox 868 243 930 275; x_wconf 87' lang='lat' dir='ltr'><strong>Hic</strong></span> <span class='ocrx_word' id='word_1_9' title='bbox 960 248 1012 274; x_wconf 82' lang='lat' dir='ltr'><strong>est</strong></span> <span class='ocrx_word' id='word_1_10' title='bbox 1041 253 1148 285; x_wconf 87' lang='lat' dir='ltr'><strong>agnus</strong></span> 
     </span>
     <span class='ocr_line' id='line_1_3' title="bbox 189 285 779 329; baseline -0.003 -10"><span class='ocrx_word' id='word_1_11' title='bbox 189 288 231 326; x_wconf 90' lang='lat' dir='ltr'><strong>ei,</strong></span> <span class='ocrx_word' id='word_1_12' title='bbox 256 287 312 329; x_wconf 88' lang='lat' dir='ltr'><strong>qui</strong></span> <span class='ocrx_word' id='word_1_13' title='bbox 336 285 421 319; x_wconf 87' lang='lat' dir='ltr'><strong>tollit</strong></span> <span class='ocrx_word' id='word_1_14' title='bbox 443 293 585 328; x_wconf 84' lang='lat' dir='ltr'><strong>peccata</strong></span> <span class='ocrx_word' id='word_1_15' title='bbox 608 287 731 318; x_wconf 86' lang='lat' dir='ltr'><strong>mundi.</strong></span> <span class='ocrx_word' id='word_1_16' title='bbox 774 312 779 317; x_wconf 90' lang='lat'>.</span> 
     </span>
    </p>
   </div>
   <div class='ocr_carea' id='block_1_3' title="bbox 155 354 1178 614">
    <p class='ocr_par' dir='ltr' id='par_1_3' title="bbox 155 354 1178 614">
     <span class='ocr_line' id='line_1_4' title="bbox 243 354 1178 394; baseline -0.002 -7"><span class='ocrx_word' id='word_1_17' title='bbox 243 356 414 394; x_wconf 82' lang='lat' dir='ltr'><strong>Secundo,</strong></span> <span class='ocrx_word' id='word_1_18' title='bbox 438 362 474 387; x_wconf 90' lang='lat' dir='ltr'><strong>ut</strong></span> <span class='ocrx_word' id='word_1_19' title='bbox 499 357 726 387; x_wconf 83' lang='lat' dir='ltr'><strong>conscientiae</strong></span> <span class='ocrx_word' id='word_1_20' title='bbox 748 354 895 387; x_wconf 79' lang='lat' dir='ltr'>habeant</span> <span class='ocrx_word' id='word_1_21' title='bbox 917 354 1046 386; x_wconf 86' lang='lat' dir='ltr'><strong>firmam</strong></span> <span class='ocrx_word' id='word_1_22' title='bbox 1070 365 1148 385; x_wconf 90' lang='lat' dir='ltr'><strong>con·</strong></span> <span class='ocrx_word' id='word_1_23' title='bbox 1174 354 1178 390; x_wconf 74' lang='lat' dir='ltr'>l</span> 
     </span>
     <span class='ocr_line' id='line_1_5' title="bbox 155 398 1149 437; baseline -0.002 -7"><span class='ocrx_word' id='word_1_24' title='bbox 155 398 370 437; x_wconf 79' lang='lat' dir='ltr'><strong>solationem,</strong></span> <span class='ocrx_word' id='word_1_25' title='bbox 405 400 500 430; x_wconf 77' lang='lat' dir='ltr'><strong>iuxta</strong></span> <span class='ocrx_word' id='word_1_26' title='bbox 525 400 645 430; x_wconf 88' lang='lat' dir='ltr'><strong>dictum</strong></span> <span class='ocrx_word' id='word_1_27' title='bbox 672 398 789 429; x_wconf 83' lang='lat' dir='ltr'><strong>Roma.</strong></span> <span class='ocrx_word' id='word_1_28' title='bbox 814 399 844 429; x_wconf 84' lang='grc'><strong>4.</strong></span> <span class='ocrx_word' id='word_1_29' title='bbox 891 398 971 429; x_wconf 74' lang='lat' dir='ltr'><strong>Ideo</strong></span> <span class='ocrx_word' id='word_1_30' title='bbox 1007 408 1048 429; x_wconf 83' lang='lat' dir='ltr'><strong>ex</strong></span> <span class='ocrx_word' id='word_1_31' title='bbox 1083 398 1149 429; x_wconf 88' lang='lat' dir='ltr'><strong>fide</strong></span> 
     </span>
     <span class='ocr_line' id='line_1_6' title="bbox 155 439 1178 487; baseline -0.001 -14"><span class='ocrx_word' id='word_1_32' title='bbox 155 443 279 485; x_wconf 81' lang='lat' dir='ltr'><strong>gratis,</strong></span> <span class='ocrx_word' id='word_1_33' title='bbox 313 448 349 473; x_wconf 90' lang='lat' dir='ltr'><strong>ut</strong></span> <span class='ocrx_word' id='word_1_34' title='bbox 380 443 423 473; x_wconf 90' lang='lat' dir='ltr'><strong>sit</strong></span> <span class='ocrx_word' id='word_1_35' title='bbox 453 442 544 473; x_wconf 75' lang='lat' dir='ltr'><strong>firma</strong></span> <span class='ocrx_word' id='word_1_36' title='bbox 577 442 765 487; x_wconf 66' lang='lat' dir='ltr'><strong>promissio.</strong></span> <span class='ocrx_word' id='word_1_37' title='bbox 811 442 847 473; x_wconf 89' lang='lat' dir='ltr'><strong>Si</strong></span> <span class='ocrx_word' id='word_1_38' title='bbox 878 442 964 472; x_wconf 91' lang='lat' dir='ltr'><strong>enim</strong></span> <span class='ocrx_word' id='word_1_39' title='bbox 988 442 1150 482; x_wconf 79' lang='lat' dir='ltr'><strong>penderet</strong></span> <span class='ocrx_word' id='word_1_40' title='bbox 1175 439 1178 466; x_wconf 76' lang='grc' dir='ltr'>Ι</span> 
     </span>
     <span class='ocr_line' id='line_1_7' title="bbox 155 485 1150 528; baseline -0.002 -11"><span class='ocrx_word' id='word_1_41' title='bbox 155 485 310 517; x_wconf 83' lang='lat' dir='ltr'>remissio</span> <span class='ocrx_word' id='word_1_42' title='bbox 344 496 385 516; x_wconf 81' lang='lat' dir='ltr'><strong>ex</strong></span> <span class='ocrx_word' id='word_1_43' title='bbox 415 486 574 528; x_wconf 73' lang='lat' dir='ltr'><strong>dignitate</strong></span> <span class='ocrx_word' id='word_1_44' title='bbox 604 491 795 516; x_wconf 74' lang='lat' dir='ltr'><strong>nostrorum</strong></span> <span class='ocrx_word' id='word_1_45' title='bbox 825 495 981 526; x_wconf 91' lang='lat' dir='ltr'><strong>operum,</strong></span> <span class='ocrx_word' id='word_1_46' title='bbox 1017 495 1150 526; x_wconf 84' lang='lat' dir='ltr'><strong>semper</strong></span> 
     </span>
     <span class='ocr_line' id='line_1_8' title="bbox 156 526 1150 571; baseline -0.001 -11"><span class='ocrx_word' id='word_1_47' title='bbox 156 535 249 561; x_wconf 83' lang='lat' dir='ltr'><strong>esset</strong></span> <span class='ocrx_word' id='word_1_48' title='bbox 291 530 435 567; x_wconf 86' lang='lat' dir='ltr'><strong>incerta,</strong></span> <span class='ocrx_word' id='word_1_49' title='bbox 470 530 737 571; x_wconf 73' lang='lat' dir='ltr'><strong>opprimerentur</strong></span> <span class='ocrx_word' id='word_1_50' title='bbox 766 526 1031 569; x_wconf 83' lang='lat' dir='ltr'><strong>perterrefactae</strong></span> <span class='ocrx_word' id='word_1_51' title='bbox 1060 538 1150 559; x_wconf 86' lang='lat' dir='ltr'><strong>men-</strong></span> 
     </span>
     <span class='ocr_line' id='line_1_9' title="bbox 156 573 482 614; baseline -0.006 -10"><span class='ocrx_word' id='word_1_52' title='bbox 156 578 210 604; x_wconf 78' lang='lat' dir='ltr'><strong>tes</strong></span> <span class='ocrx_word' id='word_1_53' title='bbox 237 573 482 614; x_wconf 81' lang='lat' dir='ltr'><strong>desperatione.</strong></span> 
     </span>
    </p>
   </div>
   <div class='ocr_carea' id='block_1_4' title="bbox 1176 522 1179 542">
    <p class='ocr_par' dir='ltr' id='par_1_4' title="bbox 1176 522 1179 542">
     <span class='ocr_line' id='line_1_10' title="bbox 1176 522 1179 542; baseline 0 0"><span class='ocrx_word' id='word_1_54' title='bbox 1176 522 1179 542; x_wconf 78' lang='lat' dir='ltr'><strong>l</strong></span> 
     </span>
    </p>
   </div>
   <div class='ocr_carea' id='block_1_5' title="bbox 156 638 1152 814">
    <p class='ocr_par' dir='ltr' id='par_1_5' title="bbox 156 638 1152 814">
     <span class='ocr_line' id='line_1_11' title="bbox 244 638 1151 680; baseline -0.002 -8"><span class='ocrx_word' id='word_1_55' title='bbox 244 641 355 672; x_wconf 85' lang='lat' dir='ltr'><strong>Tertia</strong></span> <span class='ocrx_word' id='word_1_56' title='bbox 381 651 483 672; x_wconf 86' lang='lat' dir='ltr'><strong>causa</strong></span> <span class='ocrx_word' id='word_1_57' title='bbox 503 646 566 679; x_wconf 77' lang='lat' dir='ltr'><strong>est,</strong></span> <span class='ocrx_word' id='word_1_58' title='bbox 589 646 625 671; x_wconf 90' lang='lat' dir='ltr'><strong>ut</strong></span> <span class='ocrx_word' id='word_1_59' title='bbox 649 640 876 680; x_wconf 69' lang='lat' dir='ltr'><strong>conspiciatur</strong></span> <span class='ocrx_word' id='word_1_60' title='bbox 899 640 1077 671; x_wconf 86' lang='lat' dir='ltr'><strong>diseiimen</strong></span> <span class='ocrx_word' id='word_1_61' title='bbox 1089 638 1151 670; x_wconf 90' lang='lat' dir='ltr'><strong>Le-</strong></span> 
     </span>
     <span class='ocr_line' id='line_1_12' title="bbox 158 682 1152 726; baseline -0.003 -10"><span class='ocrx_word' id='word_1_62' title='bbox 158 686 210 726; x_wconf 84' lang='lat' dir='ltr'><strong>gis</strong></span> <span class='ocrx_word' id='word_1_63' title='bbox 235 691 267 716; x_wconf 90' lang='lat' dir='ltr'><strong>et</strong></span> <span class='ocrx_word' id='word_1_64' title='bbox 290 683 476 726; x_wconf 80' lang='lat' dir='ltr'><strong>Evangelii,</strong></span> <span class='ocrx_word' id='word_1_65' title='bbox 500 685 576 725; x_wconf 87' lang='lat' dir='ltr'><strong>quia</strong></span> <span class='ocrx_word' id='word_1_66' title='bbox 600 682 766 724; x_wconf 88' lang='lat' dir='ltr'><strong>particula</strong></span> <span class='ocrx_word' id='word_1_67' title='bbox 786 682 900 714; x_wconf 84' lang='lat' dir='ltr'><strong>Gratis</strong></span> <span class='ocrx_word' id='word_1_68' title='bbox 925 683 991 714; x_wconf 86' lang='lat' dir='ltr'><strong>fide</strong></span> <span class='ocrx_word' id='word_1_69' title='bbox 1014 691 1152 724; x_wconf 89' lang='lat' dir='ltr'><strong>propter</strong></span> 
     </span>
     <span class='ocr_line' id='line_1_13' title="bbox 156 726 1152 801; baseline -0.003 -42"><span class='ocrx_word' id='word_1_70' title='bbox 156 728 397 801; x_wconf 55' lang='lat' dir='ltr'><strong>Mtidiatorem,</strong></span> <span class='ocrx_word' id='word_1_71' title='bbox 426 729 606 769; x_wconf 82' lang='lat' dir='ltr'><strong>praecipue</strong></span> <span class='ocrx_word' id='word_1_72' title='bbox 636 726 796 758; x_wconf 86' lang='lat' dir='ltr'><strong>discernit</strong></span> <span class='ocrx_word' id='word_1_73' title='bbox 825 726 952 768; x_wconf 84' lang='lat' dir='ltr'><strong>Legem</strong></span> <span class='ocrx_word' id='word_1_74' title='bbox 984 732 1016 757; x_wconf 91' lang='lat' dir='ltr'><strong>et</strong></span> <span class='ocrx_word' id='word_1_75' title='bbox 1040 726 1152 757; x_wconf 80' lang='lat' dir='ltr'><strong>Evan-</strong></span> 
     </span>
     <span class='ocr_line' id='line_1_14' title="bbox 159 772 786 814; baseline -0.003 -12"><span class='ocrx_word' id='word_1_76' title='bbox 159 774 201 814; x_wconf 75' lang='lat' dir='ltr'><strong>ge</strong></span> <span class='ocrx_word' id='word_1_77' title='bbox 217 772 293 803; x_wconf 84' lang='lat' dir='ltr'><strong>ium.</strong></span> <span class='ocrx_word' id='word_1_78' title='bbox 778 787 786 791; x_wconf 41' lang='lat' dir='ltr'><strong><em>s</em></strong></span> 
     </span>
    </p>
   </div>
   <div class='ocr_carea' id='block_1_6' title="bbox 158 829 1154 1000">
    <p class='ocr_par' dir='ltr' id='par_1_6' title="bbox 158 829 1154 1000">
     <span class='ocr_line' id='line_1_15' title="bbox 247 829 1153 871; baseline -0.001 -10"><span class='ocrx_word' id='word_1_79' title='bbox 247 831 384 869; x_wconf 74' lang='lat' dir='ltr'><strong>Quarta,</strong></span> <span class='ocrx_word' id='word_1_80' title='bbox 408 836 444 862; x_wconf 87' lang='lat' dir='ltr'><strong>ut</strong></span> <span class='ocrx_word' id='word_1_81' title='bbox 467 830 636 862; x_wconf 73' lang='lat' dir='ltr'><strong>invocatio</strong></span> <span class='ocrx_word' id='word_1_82' title='bbox 660 829 732 861; x_wconf 86' lang='lat' dir='ltr'><strong>fieri</strong></span> <span class='ocrx_word' id='word_1_83' title='bbox 751 830 878 871; x_wconf 81' lang='lat' dir='ltr'><strong>possit,</strong></span> <span class='ocrx_word' id='word_1_84' title='bbox 909 840 995 871; x_wconf 87' lang='lat' dir='ltr'><strong>quae</strong></span> <span class='ocrx_word' id='word_1_85' title='bbox 1018 829 1153 870; x_wconf 81' lang='lat' dir='ltr'><strong>impedi-</strong></span> 
     </span>
     <span class='ocr_line' id='line_1_16' title="bbox 158 873 1154 915; baseline -0.003 -9"><span class='ocrx_word' id='word_1_86' title='bbox 158 879 210 906; x_wconf 87' lang='lat' dir='ltr'><strong>tur</strong></span> <span class='ocrx_word' id='word_1_87' title='bbox 239 880 421 915; x_wconf 89' lang='lat' dir='ltr'><strong>conspectu</strong></span> <span class='ocrx_word' id='word_1_88' title='bbox 452 880 590 905; x_wconf 88' lang='lat' dir='ltr'><strong>nostrae</strong></span> <span class='ocrx_word' id='word_1_89' title='bbox 618 873 828 905; x_wconf 83' lang='lat' dir='ltr'><strong>infirmitatis.</strong></span> <span class='ocrx_word' id='word_1_90' title='bbox 880 873 959 905; x_wconf 86' lang='lat' dir='ltr'><strong>Ideo</strong></span> <span class='ocrx_word' id='word_1_91' title='bbox 991 873 1154 904; x_wconf 89' lang='lat' dir='ltr'><strong>acceden-</strong></span> 
     </span>
     <span class='ocr_line' id='line_1_17' title="bbox 158 916 1154 955; baseline -0.002 -6"><span class='ocrx_word' id='word_1_92' title='bbox 158 918 236 949; x_wconf 89' lang='lat' dir='ltr'><strong>dum</strong></span> <span class='ocrx_word' id='word_1_93' title='bbox 260 924 310 949; x_wconf 85' lang='lat' dir='ltr'><strong>est</strong></span> <span class='ocrx_word' id='word_1_94' title='bbox 334 918 376 949; x_wconf 90' lang='lat' dir='ltr'><strong>ad</strong></span> <span class='ocrx_word' id='word_1_95' title='bbox 400 917 508 948; x_wconf 89' lang='lat' dir='ltr'><strong>Deum</strong></span> <span class='ocrx_word' id='word_1_96' title='bbox 540 916 659 948; x_wconf 81' lang='lat' dir='ltr'><strong>fiducia</strong></span> <span class='ocrx_word' id='word_1_97' title='bbox 683 917 789 948; x_wconf 87' lang='lat' dir='ltr'><strong>solius</strong></span> <span class='ocrx_word' id='word_1_98' title='bbox 813 916 1029 955; x_wconf 84' lang='lat' dir='ltr'><strong>Mediatoris,</strong></span> <span class='ocrx_word' id='word_1_99' title='bbox 1062 917 1154 947; x_wconf 78' lang='lat' dir='ltr'><strong>iuxta</strong></span> 
     </span>
     <span class='ocr_line' id='line_1_18' title="bbox 158 959 1153 1000; baseline -0.002 -8"><span class='ocrx_word' id='word_1_100' title='bbox 158 962 297 992; x_wconf 88' lang='lat' dir='ltr'><strong>dictum:</strong></span> <span class='ocrx_word' id='word_1_101' title='bbox 322 960 387 992; x_wconf 87' lang='lat' dir='ltr'><strong>Per</strong></span> <span class='ocrx_word' id='word_1_102' title='bbox 410 961 499 991; x_wconf 89' lang='lat' dir='ltr'><strong>hunc</strong></span> <span class='ocrx_word' id='word_1_103' title='bbox 522 959 685 991; x_wconf 90' lang='lat' dir='ltr'><strong>habemus</strong></span> <span class='ocrx_word' id='word_1_104' title='bbox 708 970 897 992; x_wconf 84' lang='lat' dir='ltr'><strong>accessum.</strong></span> <span class='ocrx_word' id='word_1_105' title='bbox 933 960 1014 991; x_wconf 92' lang='lat' dir='ltr'><strong>Item</strong></span> <span class='ocrx_word' id='word_1_106' title='bbox 1028 959 1153 1000; x_wconf 82' lang='lat' dir='ltr'><strong>Ephes.</strong></span> 
     </span>
    </p>
   </div>
   <div class='ocr_carea' id='block_1_7' title="bbox 157 1004 694 1089">
    <p class='ocr_par' dir='ltr' id='par_1_7' title="bbox 157 1004 694 1089">
     <span class='ocr_line' id='line_1_19' title="bbox 157 1004 694 1089; baseline -0.002 -10"><span class='ocrx_word' id='word_1_107' title='bbox 157 1004 294 1079; x_wconf 49' lang='lat' dir='ltr'><strong>{fidentia</strong></span> <span class='ocrx_word' id='word_1_108' title='bbox 318 1058 377 1089; x_wconf 86' lang='lat' dir='ltr'><strong>per</strong></span> <span class='ocrx_word' id='word_1_109' title='bbox 400 1047 499 1079; x_wconf 87' lang='lat' dir='ltr'><strong>fidem</strong></span> <span class='ocrx_word' id='word_1_110' title='bbox 523 1047 608 1086; x_wconf 82' lang='lat' dir='ltr'><strong>eius,</strong></span> <span class='ocrx_word' id='word_1_111' title='bbox 630 1053 694 1079; x_wconf 90' lang='lat' dir='ltr'><strong>etc.</strong></span> 
     </span>
    </p>
   </div>
   <div class='ocr_carea' id='block_1_8' title="bbox 909 144 1508 180">
    <p class='ocr_par' dir='ltr' id='par_1_8' title="bbox 909 144 1508 180">
     <span class='ocr_line' id='line_1_20' title="bbox 909 144 1508 180; baseline 0.002 -1"><span class='ocrx_word' id='word_1_112' title='bbox 909 147 970 179; x_wconf 89' lang='lat' dir='ltr'><strong>EX</strong></span> <span class='ocrx_word' id='word_1_113' title='bbox 974 147 1103 179; x_wconf 84' lang='lat' dir='ltr'><strong>AMEN</strong></span> <span class='ocrx_word' id='word_1_114' title='bbox 1126 144 1508 180; x_wconf 79' lang='lat' dir='ltr'><strong>ORDINANDORUM.</strong></span> 
     </span>
    </p>
   </div>
   <div class='ocr_carea' id='block_1_9' title="bbox 235 1003 1185 1052">
    <p class='ocr_par' dir='ltr' id='par_1_9' title="bbox 235 1003 1185 1052">
     <span class='ocr_line' id='line_1_21' title="bbox 235 1003 1185 1052; baseline -0.001 -17"><span class='ocrx_word' id='word_1_115' title='bbox 235 1003 269 1035; x_wconf 88' lang='lat' dir='ltr'><strong>ln</strong></span> <span class='ocrx_word' id='word_1_116' title='bbox 294 1003 361 1035; x_wconf 92' lang='lat' dir='ltr'><strong>hoc</strong></span> <span class='ocrx_word' id='word_1_117' title='bbox 382 1004 544 1035; x_wconf 82' lang='lat' dir='ltr'><strong>habemus</strong></span> <span class='ocrx_word' id='word_1_118' title='bbox 569 1003 724 1035; x_wconf 89' lang='lat' dir='ltr'><strong>fiduciam</strong></span> <span class='ocrx_word' id='word_1_119' title='bbox 748 1009 780 1035; x_wconf 91' lang='lat' dir='ltr'><strong>et</strong></span> <span class='ocrx_word' id='word_1_120' title='bbox 809 1014 986 1036; x_wconf 87' lang='lat' dir='ltr'><strong>accessum</strong></span> <span class='ocrx_word' id='word_1_121' title='bbox 1016 1005 1049 1035; x_wconf 87' lang='lat' dir='ltr'><strong>in</strong></span> <span class='ocrx_word' id='word_1_122' title='bbox 1075 1014 1154 1035; x_wconf 88' lang='lat' dir='ltr'><strong>con·</strong></span> <span class='ocrx_word' id='word_1_123' title='bbox 1183 1025 1185 1052; x_wconf 47' lang='grc' dir='ltr'>ἰ</span> 
     </span>
    </p>
   </div>
   <div class='ocr_carea' id='block_1_10' title="bbox 1176 394 1187 1186">
    <p class='ocr_par' dir='ltr' id='par_1_10' title="bbox 1176 394 1187 1186">
     <span class='ocr_line' id='line_1_22' title="bbox 1176 394 1187 1186; baseline 0 0"><span class='ocrx_word' id='word_1_124' title='bbox 1176 394 1187 1186; x_wconf 95' lang='lat' dir='ltr'><strong> </strong></span> 
     </span>
    </p>
   </div>
   <div class='ocr_carea' id='block_1_11' title="bbox 353 1211 938 1255">
    <p class='ocr_par' dir='ltr' id='par_1_11' title="bbox 353 1211 938 1255">
     <span class='ocr_line' id='line_1_23' title="bbox 353 1211 938 1255; baseline 0.003 -2"><span class='ocrx_word' id='word_1_125' title='bbox 353 1213 427 1253; x_wconf 85' lang='lat' dir='ltr'><strong>DE</strong></span> <span class='ocrx_word' id='word_1_126' title='bbox 459 1212 628 1254; x_wconf 86' lang='lat' dir='ltr'>BONIS</span> <span class='ocrx_word' id='word_1_127' title='bbox 662 1211 938 1255; x_wconf 80' lang='lat' dir='ltr'>OPERIBUS</span> 
     </span>
    </p>
   </div>
   <div class='ocr_carea' id='block_1_12' title="bbox 469 1291 851 1344">
    <p class='ocr_par' dir='ltr' id='par_1_12' title="bbox 469 1291 851 1344">
     <span class='ocr_line' id='line_1_24' title="bbox 469 1291 851 1344; baseline 0 -14"><span class='ocrx_word' id='word_1_128' title='bbox 469 1291 727 1344; x_wconf 79' lang='lat' dir='ltr'><strong>quaestiones</strong></span> <span class='ocrx_word' id='word_1_129' title='bbox 760 1297 851 1330; x_wconf 80' lang='lat' dir='ltr'><strong>tres.</strong></span> 
     </span>
    </p>
   </div>
   <div class='ocr_carea' id='block_1_13' title="bbox 231 1417 1180 1716">
    <p class='ocr_par' dir='ltr' id='par_1_13' title="bbox 273 1417 1151 1473">
     <span class='ocr_line' id='line_1_25' title="bbox 273 1417 1151 1473; baseline 0.001 -14"><span class='ocrx_word' id='word_1_130' title='bbox 273 1418 302 1459; x_wconf 89' lang='lat' dir='ltr'><strong>I.</strong></span> <span class='ocrx_word' id='word_1_131' title='bbox 351 1417 467 1468; x_wconf 84' lang='lat' dir='ltr'><strong>Quae</strong></span> <span class='ocrx_word' id='word_1_132' title='bbox 509 1433 632 1473; x_wconf 86' lang='lat' dir='ltr'><strong>opera</strong></span> <span class='ocrx_word' id='word_1_133' title='bbox 665 1419 853 1459; x_wconf 83' lang='lat' dir='ltr'><strong>docenda</strong></span> <span class='ocrx_word' id='word_1_134' title='bbox 891 1426 934 1459; x_wconf 81' lang='lat' dir='ltr'><strong>et</strong></span> <span class='ocrx_word' id='word_1_135' title='bbox 964 1418 1151 1460; x_wconf 84' lang='lat' dir='ltr'><strong>facienda</strong></span> 
     </span>
    </p>

    <p class='ocr_par' dir='ltr' id='par_1_14' title="bbox 370 1479 1180 1559">
     <span class='ocr_line' id='line_1_26' title="bbox 370 1479 1180 1559; baseline -0.001 -40"><span class='ocrx_word' id='word_1_136' title='bbox 370 1479 458 1519; x_wconf 78' lang='lat' dir='ltr'><strong>sint.</strong></span> <span class='ocrx_word' id='word_1_137' title='bbox 502 1522 508 1527; x_wconf 47' lang='grc'>,</span> <span class='ocrx_word' id='word_1_138' title='bbox 1176 1506 1180 1559; x_wconf 67' lang='grc'><strong>1</strong></span> 
     </span>
    </p>

    <p class='ocr_par' dir='ltr' id='par_1_15' title="bbox 231 1538 1180 1716">
     <span class='ocr_line' id='line_1_27' title="bbox 250 1538 1179 1594; baseline -0.002 -14"><span class='ocrx_word' id='word_1_139' title='bbox 250 1540 300 1580; x_wconf 84' lang='grc' dir='ltr'><strong>Π.</strong></span> <span class='ocrx_word' id='word_1_140' title='bbox 348 1538 567 1589; x_wconf 86' lang='lat' dir='ltr'><strong>Quomodo</strong></span> <span class='ocrx_word' id='word_1_141' title='bbox 600 1540 789 1594; x_wconf 76' lang='lat' dir='ltr'><strong>placeant</strong></span> <span class='ocrx_word' id='word_1_142' title='bbox 819 1540 921 1580; x_wconf 93' lang='lat' dir='ltr'><strong>Deo.</strong></span> <span class='ocrx_word' id='word_1_143' title='bbox 1177 1562 1179 1578; x_wconf 76' lang='grc' dir='ltr'>ι</span> 
     </span>
     <span class='ocr_line' id='line_1_28' title="bbox 231 1588 1180 1664; baseline 0 -23"><span class='ocrx_word' id='word_1_144' title='bbox 231 1600 301 1641; x_wconf 81' lang='lat' dir='ltr'><strong>HI.</strong></span> <span class='ocrx_word' id='word_1_145' title='bbox 348 1600 419 1639; x_wconf 85' lang='lat' dir='ltr'><strong>An</strong></span> <span class='ocrx_word' id='word_1_146' title='bbox 466 1606 661 1640; x_wconf 77' lang='lat' dir='ltr'><strong>maneant</strong></span> <span class='ocrx_word' id='word_1_147' title='bbox 707 1601 749 1641; x_wconf 92' lang='lat' dir='ltr'><strong>in</strong></span> <span class='ocrx_word' id='word_1_148' title='bbox 795 1601 942 1641; x_wconf 81' lang='lat' dir='ltr'><strong>sanetis</strong></span> <span class='ocrx_word' id='word_1_149' title='bbox 982 1588 1180 1664; x_wconf 61' lang='lat' dir='ltr'><strong>poecata&#39;</strong></span> 
     </span>
     <span class='ocr_line' id='line_1_29' title="bbox 367 1661 1179 1716; baseline 0.004 -17"><span class='ocrx_word' id='word_1_150' title='bbox 367 1661 409 1700; x_wconf 90' lang='lat' dir='ltr'><strong>in</strong></span> <span class='ocrx_word' id='word_1_151' title='bbox 440 1661 518 1700; x_wconf 86' lang='lat' dir='ltr'><strong>hac</strong></span> <span class='ocrx_word' id='word_1_152' title='bbox 550 1661 647 1705; x_wconf 73' lang='lat' dir='ltr'><strong>vita,</strong></span> <span class='ocrx_word' id='word_1_153' title='bbox 681 1667 723 1700; x_wconf 84' lang='lat' dir='ltr'><strong>et</strong></span> <span class='ocrx_word' id='word_1_154' title='bbox 755 1676 860 1715; x_wconf 86' lang='lat' dir='ltr'><strong>quae</strong></span> <span class='ocrx_word' id='word_1_155' title='bbox 892 1668 1071 1716; x_wconf 84' lang='lat' dir='ltr'><strong>peccata.</strong></span> <span class='ocrx_word' id='word_1_156' title='bbox 1176 1666 1179 1702; x_wconf 61' lang='lat' dir='ltr'><strong>i</strong></span> 
     </span>
    </p>
   </div>
   <div class='ocr_carea' id='block_1_14' title="bbox 402 1762 1180 1844">
    <p class='ocr_par' dir='ltr' id='par_1_16' title="bbox 402 1762 1180 1844">
     <span class='ocr_line' id='line_1_30' title="bbox 1177 1762 1180 1782; baseline 0 0"><span class='ocrx_word' id='word_1_157' title='bbox 1177 1762 1180 1782; x_wconf 73' lang='lat' dir='ltr'><strong>i</strong></span> 
     </span>
     <span class='ocr_line' id='line_1_31' title="bbox 402 1789 910 1844; baseline 0.002 -16"><span class='ocrx_word' id='word_1_158' title='bbox 402 1789 466 1829; x_wconf 88' lang='lat' dir='ltr'><strong>De</strong></span> <span class='ocrx_word' id='word_1_159' title='bbox 499 1789 629 1844; x_wconf 85' lang='lat' dir='ltr'><strong>prima</strong></span> <span class='ocrx_word' id='word_1_160' title='bbox 661 1790 910 1843; x_wconf 76' lang='lat' dir='ltr'><strong>quaestione.</strong></span> 
     </span>
    </p>
   </div>
   <div class='ocr_carea' id='block_1_15' title="bbox 1177 1785 1180 1894">
    <p class='ocr_par' dir='ltr' id='par_1_17' title="bbox 1177 1785 1180 1894">
     <span class='ocr_line' id='line_1_32' title="bbox 1177 1785 1180 1894; baseline 0 1096"><span class='ocrx_word' id='word_1_161' title='bbox 1177 1785 1180 1894; x_wconf 95' lang='lat' dir='ltr'><strong> </strong></span> 
     </span>
    </p>
   </div>
   <div class='ocr_carea' id='block_1_16' title="bbox 181 1882 1180 1944">
    <p class='ocr_par' dir='ltr' id='par_1_18' title="bbox 181 1882 1180 1944">
     <span class='ocr_line' id='line_1_33' title="bbox 181 1882 1180 1944; baseline 0.003 -21"><span class='ocrx_word' id='word_1_162' title='bbox 181 1882 299 1933; x_wconf 83' lang='lat' dir='ltr'><strong>Quae</strong></span> <span class='ocrx_word' id='word_1_163' title='bbox 333 1898 455 1938; x_wconf 82' lang='lat' dir='ltr'><strong>opera</strong></span> <span class='ocrx_word' id='word_1_164' title='bbox 490 1884 675 1924; x_wconf 83' lang='lat' dir='ltr'><strong>docenda</strong></span> <span class='ocrx_word' id='word_1_165' title='bbox 710 1892 752 1924; x_wconf 82' lang='lat' dir='ltr'><strong>et</strong></span> <span class='ocrx_word' id='word_1_166' title='bbox 783 1884 970 1924; x_wconf 85' lang='lat' dir='ltr'><strong>facienda</strong></span> <span class='ocrx_word' id='word_1_167' title='bbox 1002 1886 1121 1926; x_wconf 77' lang='lat' dir='ltr'><strong>sunt?</strong></span> <span class='ocrx_word' id='word_1_168' title='bbox 1177 1896 1180 1944; x_wconf 55' lang='lat' dir='ltr'>fl</span> 
     </span>
    </p>
   </div>
   <div class='ocr_carea' id='block_1_17' title="bbox 154 1973 1176 2667">
    <p class='ocr_par' dir='ltr' id='par_1_19' title="bbox 154 1973 1176 2667">
     <span class='ocr_line' id='line_1_34' title="bbox 245 1973 1151 2018; baseline 0.003 -13"><span class='ocrx_word' id='word_1_169' title='bbox 245 1973 459 2016; x_wconf 71' lang='lat' dir='ltr'><strong>Responaeo.</strong></span> <span class='ocrx_word' id='word_1_170' title='bbox 506 1975 693 2016; x_wconf 83' lang='lat' dir='ltr'><strong>Praecepta</strong></span> <span class='ocrx_word' id='word_1_171' title='bbox 724 1976 755 2006; x_wconf 91' lang='lat' dir='ltr'><strong>in</strong></span> <span class='ocrx_word' id='word_1_172' title='bbox 788 1975 951 2018; x_wconf 81' lang='lat' dir='ltr'><strong>decalogo</strong></span> <span class='ocrx_word' id='word_1_173' title='bbox 981 1982 1075 2008; x_wconf 88' lang='lat' dir='ltr'><strong>recte</strong></span> <span class='ocrx_word' id='word_1_174' title='bbox 1103 1978 1151 2009; x_wconf 88' lang='lat' dir='ltr'><strong>in-</strong></span> 
     </span>
     <span class='ocr_line' id='line_1_35' title="bbox 157 2017 1150 2062; baseline 0.003 -13"><span class='ocrx_word' id='word_1_175' title='bbox 157 2017 309 2056; x_wconf 86' lang='lat' dir='ltr'><strong>tellecto,</strong></span> <span class='ocrx_word' id='word_1_176' title='bbox 333 2019 422 2049; x_wconf 61' lang='lat' dir='ltr'><strong>iuxta</strong></span> <span class='ocrx_word' id='word_1_177' title='bbox 447 2019 567 2049; x_wconf 88' lang='lat' dir='ltr'><strong>dictum</strong></span> <span class='ocrx_word' id='word_1_178' title='bbox 592 2018 779 2050; x_wconf 82' lang='lat' dir='ltr'><strong>Ezechielis</strong></span> <span class='ocrx_word' id='word_1_179' title='bbox 802 2020 855 2050; x_wconf 72' lang='lat'><strong>20.</strong></span> <span class='ocrx_word' id='word_1_180' title='bbox 902 2020 936 2050; x_wconf 94' lang='lat' dir='ltr'><strong>ln</strong></span> <span class='ocrx_word' id='word_1_181' title='bbox 961 2022 1150 2062; x_wconf 81' lang='lat' dir='ltr'><strong>praeceptis</strong></span> 
     </span>
     <span class='ocr_line' id='line_1_36' title="bbox 156 2061 1150 2099; baseline 0.002 -7"><span class='ocrx_word' id='word_1_182' title='bbox 156 2062 240 2093; x_wconf 88' lang='lat' dir='ltr'><strong>meis</strong></span> <span class='ocrx_word' id='word_1_183' title='bbox 263 2061 454 2099; x_wconf 81' lang='lat' dir='ltr'><strong>ambulate,</strong></span> <span class='ocrx_word' id='word_1_184' title='bbox 485 2069 517 2092; x_wconf 90' lang='lat' dir='ltr'><strong>et</strong></span> <span class='ocrx_word' id='word_1_185' title='bbox 547 2062 646 2093; x_wconf 89' lang='lat' dir='ltr'><strong>facite</strong></span> <span class='ocrx_word' id='word_1_186' title='bbox 671 2072 720 2093; x_wconf 86' lang='lat' dir='ltr'><strong>ea.</strong></span> <span class='ocrx_word' id='word_1_187' title='bbox 767 2063 845 2094; x_wconf 85' lang='lat' dir='ltr'><strong>ldeo</strong></span> <span class='ocrx_word' id='word_1_188' title='bbox 866 2064 951 2094; x_wconf 89' lang='lat' dir='ltr'><strong>enim</strong></span> <span class='ocrx_word' id='word_1_189' title='bbox 976 2063 1068 2094; x_wconf 88' lang='lat' dir='ltr'><strong>Deus</strong></span> <span class='ocrx_word' id='word_1_190' title='bbox 1094 2065 1150 2095; x_wconf 89' lang='lat' dir='ltr'><strong>im-</strong></span> 
     </span>
     <span class='ocr_line' id='line_1_37' title="bbox 156 2105 1150 2148; baseline 0.003 -13"><span class='ocrx_word' id='word_1_191' title='bbox 156 2115 272 2135; x_wconf 85' lang='lat' dir='ltr'><strong>mensa</strong></span> <span class='ocrx_word' id='word_1_192' title='bbox 296 2106 443 2136; x_wconf 88' lang='lat' dir='ltr'><strong>bonitate</strong></span> <span class='ocrx_word' id='word_1_193' title='bbox 467 2106 565 2136; x_wconf 89' lang='lat' dir='ltr'><strong>etiam</strong></span> <span class='ocrx_word' id='word_1_194' title='bbox 589 2115 707 2136; x_wconf 90' lang='lat' dir='ltr'><strong>vocem</strong></span> <span class='ocrx_word' id='word_1_195' title='bbox 735 2105 836 2148; x_wconf 80' lang='lat' dir='ltr'><strong>Legis</strong></span> <span class='ocrx_word' id='word_1_196' title='bbox 860 2105 1001 2137; x_wconf 86' lang='lat' dir='ltr'><strong>Moralis</strong></span> <span class='ocrx_word' id='word_1_197' title='bbox 1030 2108 1063 2138; x_wconf 89' lang='lat' dir='ltr'><strong>in</strong></span> <span class='ocrx_word' id='word_1_198' title='bbox 1086 2107 1150 2138; x_wconf 83' lang='lat' dir='ltr'><strong>Ec-</strong></span> 
     </span>
     <span class='ocr_line' id='line_1_38' title="bbox 158 2146 1148 2190; baseline 0.002 -11"><span class='ocrx_word' id='word_1_199' title='bbox 158 2146 262 2179; x_wconf 87' lang='lat' dir='ltr'><strong>clesia</strong></span> <span class='ocrx_word' id='word_1_200' title='bbox 286 2158 419 2189; x_wconf 87' lang='lat' dir='ltr'><strong>semper</strong></span> <span class='ocrx_word' id='word_1_201' title='bbox 442 2148 519 2179; x_wconf 85' lang='lat' dir='ltr'><strong>inde</strong></span> <span class='ocrx_word' id='word_1_202' title='bbox 543 2159 650 2190; x_wconf 86' lang='lat' dir='ltr'><strong>usque</strong></span> <span class='ocrx_word' id='word_1_203' title='bbox 674 2150 715 2180; x_wconf 84' lang='lat' dir='ltr'><strong>ab</strong></span> <span class='ocrx_word' id='word_1_204' title='bbox 740 2149 849 2181; x_wconf 89' lang='lat' dir='ltr'><strong>Adam</strong></span> <span class='ocrx_word' id='word_1_205' title='bbox 878 2160 1001 2181; x_wconf 81' lang='lat' dir='ltr'><strong>sonare</strong></span> <span class='ocrx_word' id='word_1_206' title='bbox 1031 2149 1148 2189; x_wconf 87' lang='lat' dir='ltr'><strong>voluit,</strong></span> 
     </span>
     <span class='ocr_line' id='line_1_39' title="bbox 156 2194 1149 2235; baseline 0.004 -14"><span class='ocrx_word' id='word_1_207' title='bbox 156 2196 193 2221; x_wconf 91' lang='lat' dir='ltr'><strong>ut</strong></span> <span class='ocrx_word' id='word_1_208' title='bbox 215 2197 334 2232; x_wconf 82' lang='lat' dir='ltr'><strong>arguat</strong></span> <span class='ocrx_word' id='word_1_209' title='bbox 357 2198 544 2231; x_wconf 82' lang='lat' dir='ltr'><strong>peccatum,</strong></span> <span class='ocrx_word' id='word_1_210' title='bbox 564 2198 596 2222; x_wconf 89' lang='lat' dir='ltr'><strong>et</strong></span> <span class='ocrx_word' id='word_1_211' title='bbox 620 2194 787 2231; x_wconf 82' lang='lat' dir='ltr'><strong>ostendat,</strong></span> <span class='ocrx_word' id='word_1_212' title='bbox 812 2204 898 2235; x_wconf 84' lang='lat' dir='ltr'><strong>quae</strong></span> <span class='ocrx_word' id='word_1_213' title='bbox 922 2204 1023 2235; x_wconf 86' lang='lat' dir='ltr'><strong>opera</strong></span> <span class='ocrx_word' id='word_1_214' title='bbox 1043 2200 1074 2224; x_wconf 89' lang='lat' dir='ltr'><strong>et</strong></span> <span class='ocrx_word' id='word_1_215' title='bbox 1094 2195 1149 2234; x_wconf 90' lang='lat' dir='ltr'><strong>qui</strong></span> 
     </span>
     <span class='ocr_line' id='line_1_40' title="bbox 156 2232 1149 2275; baseline 0.005 -12"><span class='ocrx_word' id='word_1_216' title='bbox 156 2232 268 2264; x_wconf 79' lang='lat' dir='ltr'><strong>cultus</strong></span> <span class='ocrx_word' id='word_1_217' title='bbox 292 2233 367 2265; x_wconf 91' lang='lat' dir='ltr'><strong>Deo</strong></span> <span class='ocrx_word' id='word_1_218' title='bbox 391 2233 564 2275; x_wconf 77' lang='lat' dir='ltr'><strong>placeant,</strong></span> <span class='ocrx_word' id='word_1_219' title='bbox 588 2241 622 2266; x_wconf 85' lang='lat' dir='ltr'><strong>ut</strong></span> <span class='ocrx_word' id='word_1_220' title='bbox 647 2243 807 2275; x_wconf 65' lang='lat' dir='ltr'><strong>regantur</strong></span> <span class='ocrx_word' id='word_1_221' title='bbox 830 2237 933 2268; x_wconf 86' lang='lat' dir='ltr'><strong>corda</strong></span> <span class='ocrx_word' id='word_1_222' title='bbox 956 2238 1061 2268; x_wconf 78' lang='lat' dir='ltr'><strong>verbo</strong></span> <span class='ocrx_word' id='word_1_223' title='bbox 1086 2236 1149 2268; x_wconf 90' lang='lat' dir='ltr'><strong>Dei</strong></span> 
     </span>
     <span class='ocr_line' id='line_1_41' title="bbox 156 2276 1148 2320; baseline 0.004 -13"><span class='ocrx_word' id='word_1_224' title='bbox 156 2277 189 2307; x_wconf 91' lang='lat' dir='ltr'><strong>in</strong></span> <span class='ocrx_word' id='word_1_225' title='bbox 213 2276 278 2308; x_wconf 89' lang='lat' dir='ltr'><strong>fide</strong></span> <span class='ocrx_word' id='word_1_226' title='bbox 302 2282 334 2307; x_wconf 89' lang='lat' dir='ltr'><strong>et</strong></span> <span class='ocrx_word' id='word_1_227' title='bbox 358 2278 527 2318; x_wconf 54' lang='lat' dir='ltr'><strong>operibus,</strong></span> <span class='ocrx_word' id='word_1_228' title='bbox 551 2279 641 2309; x_wconf 77' lang='lat' dir='ltr'><strong>iuxta</strong></span> <span class='ocrx_word' id='word_1_229' title='bbox 666 2280 807 2311; x_wconf 81' lang='lat' dir='ltr'><strong>dictum:</strong></span> <span class='ocrx_word' id='word_1_230' title='bbox 834 2280 987 2311; x_wconf 86' lang='lat' dir='ltr'><strong>Lucerna</strong></span> <span class='ocrx_word' id='word_1_231' title='bbox 1007 2281 1148 2320; x_wconf 86' lang='lat' dir='ltr'><strong>pedibus</strong></span> 
     </span>
     <span class='ocr_line' id='line_1_42' title="bbox 155 2320 1148 2363; baseline 0.005 -13"><span class='ocrx_word' id='word_1_232' title='bbox 155 2321 239 2351; x_wconf 90' lang='lat' dir='ltr'><strong>meis</strong></span> <span class='ocrx_word' id='word_1_233' title='bbox 269 2321 408 2351; x_wconf 81' lang='lat' dir='ltr'><strong>verbum</strong></span> <span class='ocrx_word' id='word_1_234' title='bbox 438 2326 536 2352; x_wconf 87' lang='lat' dir='ltr'><strong>tuum.</strong></span> <span class='ocrx_word' id='word_1_235' title='bbox 583 2320 624 2351; x_wconf 88' lang='lat' dir='ltr'><strong>Et</strong></span> <span class='ocrx_word' id='word_1_236' title='bbox 653 2323 683 2352; x_wconf 87' lang='lat' dir='ltr'><strong>in</strong></span> <span class='ocrx_word' id='word_1_237' title='bbox 705 2333 777 2363; x_wconf 85' lang='lat' dir='ltr'><strong>cap.</strong></span> <span class='ocrx_word' id='word_1_238' title='bbox 805 2323 854 2355; x_wconf 82' lang='lat'><strong>15.</strong></span> <span class='ocrx_word' id='word_1_239' title='bbox 884 2324 1038 2355; x_wconf 85' lang='lat' dir='ltr'><strong>Numeri:</strong></span> <span class='ocrx_word' id='word_1_240' title='bbox 1072 2324 1148 2355; x_wconf 89' lang='lat' dir='ltr'><strong>Non</strong></span> 
     </span>
     <span class='ocr_line' id='line_1_43' title="bbox 156 2364 1148 2405; baseline 0.005 -12"><span class='ocrx_word' id='word_1_241' title='bbox 156 2368 341 2404; x_wconf 87' lang='lat' dir='ltr'><strong>sequantur</strong></span> <span class='ocrx_word' id='word_1_242' title='bbox 360 2364 580 2404; x_wconf 83' lang='lat' dir='ltr'><strong>cogitationes</strong></span> <span class='ocrx_word' id='word_1_243' title='bbox 605 2376 703 2404; x_wconf 80' lang='lat' dir='ltr'><strong>suaS,</strong></span> <span class='ocrx_word' id='word_1_244' title='bbox 727 2373 759 2397; x_wconf 92' lang='lat' dir='ltr'><strong>et</strong></span> <span class='ocrx_word' id='word_1_245' title='bbox 783 2366 903 2398; x_wconf 84' lang='lat' dir='ltr'><strong>oculos</strong></span> <span class='ocrx_word' id='word_1_246' title='bbox 928 2368 1148 2405; x_wconf 78' lang='lat' dir='ltr'><strong>meretriciOS,</strong></span> 
     </span>
     <span class='ocr_line' id='line_1_44' title="bbox 156 2407 1148 2449; baseline 0.006 -13"><span class='ocrx_word' id='word_1_247' title='bbox 156 2407 218 2437; x_wconf 89' lang='lat' dir='ltr'><strong>sed</strong></span> <span class='ocrx_word' id='word_1_248' title='bbox 241 2416 407 2437; x_wconf 80' lang='lat' dir='ltr'><strong>memores</strong></span> <span class='ocrx_word' id='word_1_249' title='bbox 437 2415 691 2449; x_wconf 77' lang='lat' dir='ltr'><strong>praeceptorum</strong></span> <span class='ocrx_word' id='word_1_250' title='bbox 715 2409 849 2441; x_wconf 75' lang='lat' dir='ltr'><strong>Domini</strong></span> <span class='ocrx_word' id='word_1_251' title='bbox 880 2409 1004 2441; x_wconf 83' lang='lat' dir='ltr'><strong>faciant</strong></span> <span class='ocrx_word' id='word_1_252' title='bbox 1028 2421 1084 2449; x_wconf 89' lang='lat' dir='ltr'><strong>ea,</strong></span> <span class='ocrx_word' id='word_1_253' title='bbox 1115 2417 1148 2442; x_wconf 92' lang='lat' dir='ltr'><strong>et</strong></span> 
     </span>
     <span class='ocr_line' id='line_1_45' title="bbox 154 2414 1176 2517; baseline 0.005 -37"><span class='ocrx_word' id='word_1_254' title='bbox 154 2450 223 2481; x_wconf 83' lang='lat' dir='ltr'><strong>sint</strong></span> <span class='ocrx_word' id='word_1_255' title='bbox 246 2451 354 2481; x_wconf 91' lang='lat' dir='ltr'><strong>sancti</strong></span> <span class='ocrx_word' id='word_1_256' title='bbox 383 2449 472 2480; x_wconf 86' lang='lat' dir='ltr'><strong>Deo:</strong></span> <span class='ocrx_word' id='word_1_257' title='bbox 507 2450 581 2494; x_wconf 79' lang='lat' dir='ltr'><strong>Ego</strong></span> <span class='ocrx_word' id='word_1_258' title='bbox 615 2451 777 2483; x_wconf 80' lang='lat' dir='ltr'><strong>Dominus</strong></span> <span class='ocrx_word' id='word_1_259' title='bbox 809 2453 903 2485; x_wconf 88' lang='lat' dir='ltr'><strong>Deus</strong></span> <span class='ocrx_word' id='word_1_260' title='bbox 928 2460 1061 2492; x_wconf 82' lang='lat' dir='ltr'><strong>vester,</strong></span> <span class='ocrx_word' id='word_1_261' title='bbox 1092 2455 1146 2496; x_wconf 91' lang='lat' dir='ltr'><strong>qui</strong></span> <span class='ocrx_word' id='word_1_262' title='bbox 1172 2414 1176 2517; x_wconf 44' lang='lat' dir='ltr'><strong>i</strong></span> 
     </span>
     <span class='ocr_line' id='line_1_46' title="bbox 157 2493 1147 2537; baseline 0.003 -12"><span class='ocrx_word' id='word_1_263' title='bbox 157 2493 257 2525; x_wconf 87' lang='lat' dir='ltr'><strong>eduxi</strong></span> <span class='ocrx_word' id='word_1_264' title='bbox 281 2503 343 2524; x_wconf 88' lang='lat' dir='ltr'><strong>vos</strong></span> <span class='ocrx_word' id='word_1_265' title='bbox 369 2494 410 2524; x_wconf 90' lang='lat' dir='ltr'><strong>de</strong></span> <span class='ocrx_word' id='word_1_266' title='bbox 433 2499 520 2525; x_wconf 87' lang='lat' dir='ltr'><strong>terra</strong></span> <span class='ocrx_word' id='word_1_267' title='bbox 540 2494 697 2537; x_wconf 69' lang='lat' dir='ltr'><strong>Aegypti.</strong></span> <span class='ocrx_word' id='word_1_268' title='bbox 744 2496 786 2527; x_wconf 88' lang='lat' dir='ltr'><strong>Et</strong></span> <span class='ocrx_word' id='word_1_269' title='bbox 811 2508 885 2529; x_wconf 87' lang='lat' dir='ltr'><strong>cum</strong></span> <span class='ocrx_word' id='word_1_270' title='bbox 910 2497 1076 2529; x_wconf 84' lang='lat' dir='ltr'><strong>lohannes</strong></span> <span class='ocrx_word' id='word_1_271' title='bbox 1100 2498 1147 2528; x_wconf 90' lang='lat' dir='ltr'><strong>in-</strong></span> 
     </span>
     <span class='ocr_line' id='line_1_47' title="bbox 156 2526 1175 2581; baseline 0.007 -15"><span class='ocrx_word' id='word_1_272' title='bbox 156 2537 241 2578; x_wconf 85' lang='lat' dir='ltr'><strong>quit:</strong></span> <span class='ocrx_word' id='word_1_273' title='bbox 271 2536 449 2567; x_wconf 78' lang='lat' dir='ltr'><strong>Peccatum</strong></span> <span class='ocrx_word' id='word_1_274' title='bbox 473 2543 542 2576; x_wconf 85' lang='lat' dir='ltr'><strong>est,</strong></span> <span class='ocrx_word' id='word_1_275' title='bbox 573 2539 731 2581; x_wconf 86' lang='lat' dir='ltr'><strong>quidquid</strong></span> <span class='ocrx_word' id='word_1_276' title='bbox 750 2542 952 2572; x_wconf 84' lang='lat' dir='ltr'><strong>contrarium</strong></span> <span class='ocrx_word' id='word_1_277' title='bbox 977 2547 1029 2572; x_wconf 81' lang='lat' dir='ltr'><strong>est</strong></span> <span class='ocrx_word' id='word_1_278' title='bbox 1052 2540 1147 2581; x_wconf 70' lang='lat' dir='ltr'><strong>Legi,</strong></span> <span class='ocrx_word' id='word_1_279' title='bbox 1171 2526 1175 2557; x_wconf 72' lang='grc'><strong>1</strong></span> 
     </span>
     <span class='ocr_line' id='line_1_48' title="bbox 154 2577 1147 2627; baseline 0.006 -18"><span class='ocrx_word' id='word_1_280' title='bbox 154 2577 228 2610; x_wconf 84' lang='lat' dir='ltr'><strong>vult</strong></span> <span class='ocrx_word' id='word_1_281' title='bbox 250 2580 350 2618; x_wconf 85' lang='lat' dir='ltr'><strong>sciri,</strong></span> <span class='ocrx_word' id='word_1_282' title='bbox 379 2590 529 2611; x_wconf 84' lang='lat' dir='ltr'><strong>normam</strong></span> <span class='ocrx_word' id='word_1_283' title='bbox 553 2591 632 2613; x_wconf 84' lang='lat' dir='ltr'><strong>esse</strong></span> <span class='ocrx_word' id='word_1_284' title='bbox 661 2593 799 2624; x_wconf 81' lang='lat' dir='ltr'><strong>opemm</strong></span> <span class='ocrx_word' id='word_1_285' title='bbox 830 2584 954 2627; x_wconf 80' lang='lat' dir='ltr'><strong>Legem</strong></span> <span class='ocrx_word' id='word_1_286' title='bbox 984 2583 1059 2615; x_wconf 86' lang='lat' dir='ltr'><strong>Dei.</strong></span> <span class='ocrx_word' id='word_1_287' title='bbox 1106 2584 1147 2615; x_wconf 90' lang='lat' dir='ltr'><strong>Et</strong></span> 
     </span>
     <span class='ocr_line' id='line_1_49' title="bbox 155 2622 1145 2667; baseline 0.004 -13"><span class='ocrx_word' id='word_1_288' title='bbox 155 2623 266 2654; x_wconf 87' lang='lat' dir='ltr'><strong>statim</strong></span> <span class='ocrx_word' id='word_1_289' title='bbox 289 2623 395 2655; x_wconf 80' lang='lat' dir='ltr'><strong>addit:</strong></span> <span class='ocrx_word' id='word_1_290' title='bbox 425 2623 488 2659; x_wconf 88' lang='lat' dir='ltr'><strong>Qui</strong></span> <span class='ocrx_word' id='word_1_291' title='bbox 511 2622 591 2656; x_wconf 86' lang='lat' dir='ltr'><strong>facit</strong></span> <span class='ocrx_word' id='word_1_292' title='bbox 614 2632 807 2667; x_wconf 87' lang='lat' dir='ltr'><strong>peccatum,</strong></span> <span class='ocrx_word' id='word_1_293' title='bbox 840 2638 881 2659; x_wconf 81' lang='lat' dir='ltr'><strong>ex</strong></span> <span class='ocrx_word' id='word_1_294' title='bbox 904 2626 1051 2660; x_wconf 88' lang='lat' dir='ltr'><strong>Diabolo</strong></span> <span class='ocrx_word' id='word_1_295' title='bbox 1082 2634 1145 2659; x_wconf 88' lang='lat' dir='ltr'><strong>est.</strong></span> 
     </span>
    </p>
   </div>
   <div class='ocr_carea' id='block_1_18' title="bbox 206 2690 561 2713">
    <p class='ocr_par' dir='ltr' id='par_1_20' title="bbox 206 2690 561 2713">
     <span class='ocr_line' id='line_1_50' title="bbox 206 2690 561 2713; baseline 0.006 -3"><span class='ocrx_word' id='word_1_296' title='bbox 206 2690 354 2713; x_wconf 65' lang='lat' dir='ltr'><strong>HELANTH.</strong></span> <span class='ocrx_word' id='word_1_297' title='bbox 371 2692 454 2712; x_wconf 75' lang='lat' dir='ltr'>OPER.</span> <span class='ocrx_word' id='word_1_298' title='bbox 476 2693 561 2712; x_wconf 79' lang='lat' dir='ltr'><strong>xxm.</strong></span> 
     </span>
    </p>
   </div>
   <div class='ocr_carea' id='block_1_19' title="bbox 1171 2561 1175 2652">
    <p class='ocr_par' dir='ltr' id='par_1_21' title="bbox 1171 2561 1175 2652">
     <span class='ocr_line' id='line_1_51' title="bbox 1171 2561 1175 2652; baseline 0 0"><span class='ocrx_word' id='word_1_299' title='bbox 1171 2561 1175 2652; x_wconf 95' lang='lat' dir='ltr'><strong> </strong></span> 
     </span>
    </p>
   </div>
   <div class='ocr_carea' id='block_1_20' title="bbox 1178 1214 1184 1370">
    <p class='ocr_par' dir='ltr' id='par_1_22' title="bbox 1178 1214 1184 1370">
     <span class='ocr_line' id='line_1_52' title="bbox 1178 1214 1184 1370; baseline 0 1620"><span class='ocrx_word' id='word_1_300' title='bbox 1178 1214 1184 1370; x_wconf 95' lang='lat' dir='ltr'><strong> </strong></span> 
     </span>
    </p>
   </div>
   <div class='ocr_carea' id='block_1_21' title="bbox 2147 148 2190 181">
    <p class='ocr_par' dir='ltr' id='par_1_23' title="bbox 2147 148 2190 181">
     <span class='ocr_line' id='line_1_53' title="bbox 2147 148 2190 181; baseline 0.023 -1"><span class='ocrx_word' id='word_1_301' title='bbox 2147 148 2190 181; x_wconf 82' lang='lat'><strong>34</strong></span> 
     </span>
    </p>
   </div>
   <div class='ocr_carea' id='block_1_22' title="bbox 1203 241 2200 281">
    <p class='ocr_par' dir='ltr' id='par_1_24' title="bbox 1203 241 2200 281">
     <span class='ocr_line' id='line_1_54' title="bbox 1203 241 2200 281; baseline 0.002 -8"><span class='ocrx_word' id='word_1_302' title='bbox 1203 243 1231 273; x_wconf 91' lang='grc'><strong>1.</strong></span> <span class='ocrx_word' id='word_1_303' title='bbox 1260 241 1409 274; x_wconf 85' lang='lat' dir='ltr'><strong>Corinth.</strong></span> <span class='ocrx_word' id='word_1_304' title='bbox 1434 243 1463 274; x_wconf 88' lang='grc'><strong>6,</strong></span> <span class='ocrx_word' id='word_1_305' title='bbox 1510 242 1744 280; x_wconf 80' lang='lat' dir='ltr'><strong>scortatores,</strong></span> <span class='ocrx_word' id='word_1_306' title='bbox 1778 241 2005 281; x_wconf 77' lang='lat' dir='ltr'><strong>idololatrae,</strong></span> <span class='ocrx_word' id='word_1_307' title='bbox 2043 242 2200 275; x_wconf 85' lang='lat' dir='ltr'><strong>adulteri’</strong></span> 
     </span>
    </p>
   </div>
   <div class='ocr_carea' id='block_1_23' title="bbox 1174 285 1854 327">
    <p class='ocr_par' dir='ltr' id='par_1_25' title="bbox 1174 285 1854 327">
     <span class='ocr_line' id='line_1_55' title="bbox 1174 285 1854 327; baseline -0.003 -8"><span class='ocrx_word' id='word_1_308' title='bbox 1174 294 1176 320; x_wconf 68' lang='grc' dir='ltr'><strong>ί</strong></span> <span class='ocrx_word' id='word_1_309' title='bbox 1201 292 1265 318; x_wconf 77' lang='lat' dir='ltr'><strong>etc.</strong></span> <span class='ocrx_word' id='word_1_310' title='bbox 1286 296 1425 327; x_wconf 82' lang='lat' dir='ltr'><strong>regnum</strong></span> <span class='ocrx_word' id='word_1_311' title='bbox 1446 285 1511 317; x_wconf 92' lang='lat' dir='ltr'><strong>Dei</strong></span> <span class='ocrx_word' id='word_1_312' title='bbox 1534 297 1601 317; x_wconf 92' lang='lat' dir='ltr'><strong>non</strong></span> <span class='ocrx_word' id='word_1_313' title='bbox 1624 286 1854 327; x_wconf 81' lang='lat' dir='ltr'><strong>possidebunt.</strong></span> 
     </span>
    </p>
   </div>
   <div class='ocr_carea' id='block_1_24' title="bbox 1201 354 2195 485">
    <p class='ocr_par' dir='ltr' id='par_1_26' title="bbox 1201 354 2195 485">
     <span class='ocr_line' id='line_1_56' title="bbox 1287 354 2194 396; baseline 0.003 -12"><span class='ocrx_word' id='word_1_314' title='bbox 1287 355 1474 385; x_wconf 80' lang='lat' dir='ltr'><strong>Execrandi</strong></span> <span class='ocrx_word' id='word_1_315' title='bbox 1492 361 1567 385; x_wconf 87' lang='lat' dir='ltr'><strong>sunt</strong></span> <span class='ocrx_word' id='word_1_316' title='bbox 1580 356 1679 396; x_wconf 72' lang='lat' dir='ltr'><strong>igitur</strong></span> <span class='ocrx_word' id='word_1_317' title='bbox 1696 354 1859 394; x_wconf 74' lang='grc' dir='ltr'><em>α’νιίνομοι,</em></span> <span class='ocrx_word' id='word_1_318' title='bbox 1875 356 1930 396; x_wconf 91' lang='lat' dir='ltr'><strong>qui</strong></span> <span class='ocrx_word' id='word_1_319' title='bbox 1943 354 2061 386; x_wconf 88' lang='lat' dir='ltr'><strong>nolunt</strong></span> <span class='ocrx_word' id='word_1_320' title='bbox 2080 355 2194 388; x_wconf 89' lang='lat' dir='ltr'><strong>doceri</strong></span> 
     </span>
     <span class='ocr_line' id='line_1_57' title="bbox 1201 396 2195 441; baseline 0.001 -12"><span class='ocrx_word' id='word_1_321' title='bbox 1201 397 1328 440; x_wconf 84' lang='lat' dir='ltr'><strong>Legem</strong></span> <span class='ocrx_word' id='word_1_322' title='bbox 1341 396 1501 428; x_wconf 85' lang='lat' dir='ltr'><strong>Moralem</strong></span> <span class='ocrx_word' id='word_1_323' title='bbox 1525 400 1555 428; x_wconf 76' lang='grc' dir='ltr'><strong>ἰῑι</strong></span> <span class='ocrx_word' id='word_1_324' title='bbox 1582 397 1745 436; x_wconf 79' lang='lat' dir='ltr'><strong>Ecclesia,</strong></span> <span class='ocrx_word' id='word_1_325' title='bbox 1771 404 1803 429; x_wconf 89' lang='lat' dir='ltr'><strong>et</strong></span> <span class='ocrx_word' id='word_1_326' title='bbox 1826 399 1956 441; x_wconf 80' lang='lat' dir='ltr'><strong>fingunt</strong></span> <span class='ocrx_word' id='word_1_327' title='bbox 1977 408 2092 430; x_wconf 84' lang='lat' dir='ltr'><strong>omnes</strong></span> <span class='ocrx_word' id='word_1_328' title='bbox 2112 409 2195 431; x_wconf 82' lang='lat' dir='ltr'><strong>Suos</strong></span> 
     </span>
     <span class='ocr_line' id='line_1_58' title="bbox 1202 441 2195 485; baseline 0.001 -13"><span class='ocrx_word' id='word_1_329' title='bbox 1202 442 1344 482; x_wconf 87' lang='lat' dir='ltr'><strong>impetus</strong></span> <span class='ocrx_word' id='word_1_330' title='bbox 1368 451 1444 471; x_wconf 83' lang='lat' dir='ltr'><strong>esse</strong></span> <span class='ocrx_word' id='word_1_331' title='bbox 1469 449 1577 472; x_wconf 73' lang='lat' dir='ltr'><strong>motus</strong></span> <span class='ocrx_word' id='word_1_332' title='bbox 1603 442 1745 482; x_wconf 82' lang='lat' dir='ltr'><strong>Spiritus</strong></span> <span class='ocrx_word' id='word_1_333' title='bbox 1769 443 1893 480; x_wconf 85' lang='lat' dir='ltr'><strong>sancti,</strong></span> <span class='ocrx_word' id='word_1_334' title='bbox 1929 448 1961 473; x_wconf 88' lang='lat' dir='ltr'><strong>et</strong></span> <span class='ocrx_word' id='word_1_335' title='bbox 1993 441 2108 473; x_wconf 88' lang='lat' dir='ltr'><strong>nolunt</strong></span> <span class='ocrx_word' id='word_1_336' title='bbox 2137 453 2195 485; x_wconf 85' lang='lat' dir='ltr'><strong>gu-</strong></span> 
     </span>
    </p>
   </div>
   <div class='ocr_carea' id='block_1_25' title="bbox 1176 483 2196 525">
    <p class='ocr_par' dir='ltr' id='par_1_27' title="bbox 1176 483 2196 525">
     <span class='ocr_line' id='line_1_59' title="bbox 1176 483 2196 525; baseline 0.003 -11"><span class='ocrx_word' id='word_1_337' title='bbox 1176 505 1178 514; x_wconf 91' lang='lat'>.</span> <span class='ocrx_word' id='word_1_338' title='bbox 1202 485 1336 516; x_wconf 89' lang='lat' dir='ltr'><strong>bernari</strong></span> <span class='ocrx_word' id='word_1_339' title='bbox 1356 484 1450 525; x_wconf 81' lang='lat' dir='ltr'><strong>Lege</strong></span> <span class='ocrx_word' id='word_1_340' title='bbox 1474 483 1547 515; x_wconf 62' lang='lat' dir='ltr'><strong>Dei.</strong></span> <span class='ocrx_word' id='word_1_341' title='bbox 1584 485 1675 515; x_wconf 80' lang='lat' dir='ltr'><strong>llaec</strong></span> <span class='ocrx_word' id='word_1_342' title='bbox 1699 484 1915 516; x_wconf 79' lang='lat' dir='ltr'><strong>deliramenta</strong></span> <span class='ocrx_word' id='word_1_343' title='bbox 1940 485 2196 518; x_wconf 84' lang='lat' dir='ltr'><strong>Antinomorum</strong></span> 
     </span>
    </p>
   </div>
   <div class='ocr_carea' id='block_1_26' title="bbox 1204 527 2197 569">
    <p class='ocr_par' dir='ltr' id='par_1_28' title="bbox 1204 527 2197 569">
     <span class='ocr_line' id='line_1_60' title="bbox 1204 527 2197 569; baseline 0.001 -10"><span class='ocrx_word' id='word_1_344' title='bbox 1204 534 1281 559; x_wconf 92' lang='lat' dir='ltr'><strong>sunt</strong></span> <span class='ocrx_word' id='word_1_345' title='bbox 1306 527 1461 559; x_wconf 78' lang='lat' dir='ltr'><strong>horrendi</strong></span> <span class='ocrx_word' id='word_1_346' title='bbox 1483 528 1615 558; x_wconf 69' lang='lat' dir='ltr'><strong>furores</strong></span> <span class='ocrx_word' id='word_1_347' title='bbox 1635 527 1801 566; x_wconf 71' lang='lat' dir='ltr'><strong>diabolici,</strong></span> <span class='ocrx_word' id='word_1_348' title='bbox 1825 527 1942 569; x_wconf 85' lang='lat' dir='ltr'><strong>quales</strong></span> <span class='ocrx_word' id='word_1_349' title='bbox 1963 527 2095 560; x_wconf 85' lang='lat' dir='ltr'><strong>fuerunt</strong></span> <span class='ocrx_word' id='word_1_350' title='bbox 2119 528 2197 560; x_wconf 89' lang='lat' dir='ltr'><strong>olim</strong></span> 
     </span>
    </p>
   </div>
   <div class='ocr_carea' id='block_1_27' title="bbox 1177 569 2197 656">
    <p class='ocr_par' dir='ltr' id='par_1_29' title="bbox 1177 569 2197 656">
     <span class='ocr_line' id='line_1_61' title="bbox 1177 569 2197 613; baseline 0.001 -11"><span class='ocrx_word' id='word_1_351' title='bbox 1177 602 1180 613; x_wconf 74' lang='lat'><strong>.</strong></span> <span class='ocrx_word' id='word_1_352' title='bbox 1204 569 1357 602; x_wconf 84' lang='lat' dir='ltr'><strong>similium</strong></span> <span class='ocrx_word' id='word_1_353' title='bbox 1381 578 1547 601; x_wconf 62' lang='lat' dir='ltr'><strong>set-tarum</strong></span> <span class='ocrx_word' id='word_1_354' title='bbox 1569 570 1754 610; x_wconf 75' lang='lat' dir='ltr'><strong>multarum,</strong></span> <span class='ocrx_word' id='word_1_355' title='bbox 1777 572 1942 603; x_wconf 80' lang='lat' dir='ltr'><strong>adversus</strong></span> <span class='ocrx_word' id='word_1_356' title='bbox 1963 582 2049 613; x_wconf 86' lang='lat' dir='ltr'><strong>quos</strong></span> <span class='ocrx_word' id='word_1_357' title='bbox 2071 573 2197 603; x_wconf 89' lang='lat' dir='ltr'><strong>munia-</strong></span> 
     </span>
     <span class='ocr_line' id='line_1_62' title="bbox 1177 613 2196 656; baseline 0.001 -11"><span class='ocrx_word' id='word_1_358' title='bbox 1177 619 1180 649; x_wconf 64' lang='grc' dir='ltr'><strong>ἡ</strong></span> <span class='ocrx_word' id='word_1_359' title='bbox 1204 625 1277 647; x_wconf 80' lang='lat' dir='ltr'><strong>mus</strong></span> <span class='ocrx_word' id='word_1_360' title='bbox 1302 624 1365 644; x_wconf 83' lang='lat' dir='ltr'><strong>nos</strong></span> <span class='ocrx_word' id='word_1_361' title='bbox 1392 616 1494 644; x_wconf 63' lang='lat' dir='ltr'><strong>verbo</strong></span> <span class='ocrx_word' id='word_1_362' title='bbox 1522 615 1598 645; x_wconf 75' lang='lat' dir='ltr'><strong>Dei:</strong></span> <span class='ocrx_word' id='word_1_363' title='bbox 1630 614 1665 645; x_wconf 90' lang='lat' dir='ltr'><strong>ln</strong></span> <span class='ocrx_word' id='word_1_364' title='bbox 1690 615 1879 656; x_wconf 80' lang='lat' dir='ltr'><strong>praeceptis</strong></span> <span class='ocrx_word' id='word_1_365' title='bbox 1910 616 1992 646; x_wconf 84' lang='lat' dir='ltr'><strong>meis</strong></span> <span class='ocrx_word' id='word_1_366' title='bbox 2016 613 2196 647; x_wconf 87' lang='lat' dir='ltr'><strong>ambulate.</strong></span> 
     </span>
    </p>
   </div>
   <div class='ocr_carea' id='block_1_28' title="bbox 1204 657 2197 906">
    <p class='ocr_par' dir='ltr' id='par_1_30' title="bbox 1204 657 2197 906">
     <span class='ocr_line' id='line_1_63' title="bbox 1204 657 2195 696; baseline 0.002 -9"><span class='ocrx_word' id='word_1_367' title='bbox 1204 657 1299 688; x_wconf 87' lang='lat' dir='ltr'><strong>ltem:</strong></span> <span class='ocrx_word' id='word_1_368' title='bbox 1331 657 1428 688; x_wconf 72' lang='lat' dir='ltr'><strong>Pater</strong></span> <span class='ocrx_word' id='word_1_369' title='bbox 1454 658 1628 688; x_wconf 59' lang='lat' dir='ltr'><strong>somnifica</strong></span> <span class='ocrx_word' id='word_1_370' title='bbox 1651 668 1711 688; x_wconf 84' lang='lat' dir='ltr'><strong>eos</strong></span> <span class='ocrx_word' id='word_1_371' title='bbox 1734 659 1767 688; x_wconf 92' lang='lat' dir='ltr'><strong>in</strong></span> <span class='ocrx_word' id='word_1_372' title='bbox 1790 658 1953 696; x_wconf 71' lang='lat' dir='ltr'><strong>Vei-itate,</strong></span> <span class='ocrx_word' id='word_1_373' title='bbox 1979 668 2089 689; x_wconf 79' lang='lat' dir='ltr'><strong>sermo</strong></span> <span class='ocrx_word' id='word_1_374' title='bbox 2119 665 2195 690; x_wconf 90' lang='lat' dir='ltr'><strong>tuus</strong></span> 
     </span>
     <span class='ocr_line' id='line_1_64' title="bbox 1204 701 2197 740; baseline 0 -8"><span class='ocrx_word' id='word_1_375' title='bbox 1204 708 1256 732; x_wconf 85' lang='lat' dir='ltr'><strong>est</strong></span> <span class='ocrx_word' id='word_1_376' title='bbox 1283 701 1427 731; x_wconf 66' lang='lat' dir='ltr'><strong>Veritas.</strong></span> <span class='ocrx_word' id='word_1_377' title='bbox 1477 701 1630 732; x_wconf 79' lang='lat' dir='ltr'><strong>Petamus</strong></span> <span class='ocrx_word' id='word_1_378' title='bbox 1663 702 1761 732; x_wconf 80' lang='lat' dir='ltr'><strong>etiam</strong></span> <span class='ocrx_word' id='word_1_379' title='bbox 1789 702 1985 732; x_wconf 79' lang='lat' dir='ltr'><strong>ardentibus</strong></span> <span class='ocrx_word' id='word_1_380' title='bbox 2021 702 2126 740; x_wconf 80' lang='lat' dir='ltr'><strong>votis,</strong></span> <span class='ocrx_word' id='word_1_381' title='bbox 2160 707 2197 733; x_wconf 85' lang='lat' dir='ltr'><strong>ut</strong></span> 
     </span>
     <span class='ocr_line' id='line_1_65' title="bbox 1205 744 2197 786; baseline 0.001 -12"><span class='ocrx_word' id='word_1_382' title='bbox 1205 745 1277 785; x_wconf 82' lang='lat' dir='ltr'><strong>ipse</strong></span> <span class='ocrx_word' id='word_1_383' title='bbox 1291 744 1392 775; x_wconf 68' lang='lat' dir='ltr'><strong>Filius</strong></span> <span class='ocrx_word' id='word_1_384' title='bbox 1419 744 1477 774; x_wconf 53' lang='lat' dir='ltr'><strong>nei</strong></span> <span class='ocrx_word' id='word_1_385' title='bbox 1505 746 1669 785; x_wconf 68' lang='lat' dir='ltr'><strong>gibet-net</strong></span> <span class='ocrx_word' id='word_1_386' title='bbox 1691 754 1766 783; x_wconf 84' lang='lat' dir='ltr'><strong>noS,</strong></span> <span class='ocrx_word' id='word_1_387' title='bbox 1790 755 1832 775; x_wconf 91' lang='lat' dir='ltr'><strong>ne</strong></span> <span class='ocrx_word' id='word_1_388' title='bbox 1857 745 2022 786; x_wconf 83' lang='lat' dir='ltr'><strong>contagiis</strong></span> <span class='ocrx_word' id='word_1_389' title='bbox 2045 755 2197 776; x_wconf 87' lang='lat' dir='ltr'><strong>errorum</strong></span> 
     </span>
     <span class='ocr_line' id='line_1_66' title="bbox 1205 786 2196 829; baseline 0.002 -12"><span class='ocrx_word' id='word_1_390' title='bbox 1205 786 1404 828; x_wconf 71' lang='lat' dir='ltr'><strong>polluamur.</strong></span> <span class='ocrx_word' id='word_1_391' title='bbox 1431 788 1515 818; x_wconf 65' lang='lat' dir='ltr'><strong>sieut</strong></span> <span class='ocrx_word' id='word_1_392' title='bbox 1539 794 1695 828; x_wconf 82' lang='lat' dir='ltr'><strong>precatur</strong></span> <span class='ocrx_word' id='word_1_393' title='bbox 1708 787 1893 829; x_wconf 83' lang='lat' dir='ltr'><strong>Propheta:</strong></span> <span class='ocrx_word' id='word_1_394' title='bbox 1914 788 1983 820; x_wconf 87' lang='lat' dir='ltr'><strong>Fac</strong></span> <span class='ocrx_word' id='word_1_395' title='bbox 2002 798 2077 819; x_wconf 87' lang='lat' dir='ltr'><strong>cum</strong></span> <span class='ocrx_word' id='word_1_396' title='bbox 2097 798 2196 819; x_wconf 85' lang='lat' dir='ltr'><strong>Servo</strong></span> 
     </span>
     <span class='ocr_line' id='line_1_67' title="bbox 1206 831 2197 869; baseline 0.001 -8"><span class='ocrx_word' id='word_1_397' title='bbox 1206 837 1261 861; x_wconf 91' lang='lat' dir='ltr'><strong>tuo</strong></span> <span class='ocrx_word' id='word_1_398' title='bbox 1286 832 1468 862; x_wconf 73' lang='lat' dir='ltr'><strong>secuudum</strong></span> <span class='ocrx_word' id='word_1_399' title='bbox 1489 832 1749 863; x_wconf 70' lang='lat' dir='ltr'><strong>misericordiam</strong></span> <span class='ocrx_word' id='word_1_400' title='bbox 1768 837 1870 869; x_wconf 85' lang='lat' dir='ltr'><strong>tuam,</strong></span> <span class='ocrx_word' id='word_1_401' title='bbox 1894 836 1927 863; x_wconf 85' lang='lat' dir='ltr'><strong>et</strong></span> <span class='ocrx_word' id='word_1_402' title='bbox 1944 831 2197 863; x_wconf 87' lang='lat' dir='ltr'><strong>iustificationes</strong></span> 
     </span>
     <span class='ocr_line' id='line_1_68' title="bbox 1208 875 1479 906; baseline 0.004 -1"><span class='ocrx_word' id='word_1_403' title='bbox 1208 880 1283 905; x_wconf 82' lang='lat' dir='ltr'><strong>tuas</strong></span> <span class='ocrx_word' id='word_1_404' title='bbox 1309 875 1394 905; x_wconf 80' lang='lat' dir='ltr'><strong>doce</strong></span> <span class='ocrx_word' id='word_1_405' title='bbox 1420 885 1479 906; x_wconf 86' lang='lat' dir='ltr'><strong>me.</strong></span> 
     </span>
    </p>
   </div>
   <div class='ocr_carea' id='block_1_29' title="bbox 1501 1049 1915 1104">
    <p class='ocr_par' dir='ltr' id='par_1_31' title="bbox 1501 1049 1915 1104">
     <span class='ocr_line' id='line_1_69' title="bbox 1501 1049 1915 1104; baseline 0 -15"><span class='ocrx_word' id='word_1_406' title='bbox 1501 1049 1689 1090; x_wconf 79' lang='lat' dir='ltr'><strong>Secunda</strong></span> <span class='ocrx_word' id='word_1_407' title='bbox 1723 1050 1915 1104; x_wconf 80' lang='lat' dir='ltr'><strong>quaestio.</strong></span> 
     </span>
    </p>
   </div>
   <div class='ocr_carea' id='block_1_30' title="bbox 1270 1161 2134 1216">
    <p class='ocr_par' dir='ltr' id='par_1_32' title="bbox 1270 1161 2134 1216">
     <span class='ocr_line' id='line_1_70' title="bbox 1270 1161 2134 1216; baseline -0.001 -14"><span class='ocrx_word' id='word_1_408' title='bbox 1270 1162 1490 1211; x_wconf 80' lang='lat' dir='ltr'><strong>Quomodo</strong></span> <span class='ocrx_word' id='word_1_409' title='bbox 1523 1162 1686 1216; x_wconf 81' lang='lat' dir='ltr'><strong>placent</strong></span> <span class='ocrx_word' id='word_1_410' title='bbox 1717 1163 1824 1202; x_wconf 87' lang='lat' dir='ltr'><strong>bona</strong></span> <span class='ocrx_word' id='word_1_411' title='bbox 1858 1176 1981 1216; x_wconf 87' lang='lat' dir='ltr'><strong>opera</strong></span> <span class='ocrx_word' id='word_1_412' title='bbox 2015 1161 2134 1202; x_wconf 82' lang='lat' dir='ltr'><strong>Deo?</strong></span> 
     </span>
    </p>
   </div>
   <div class='ocr_carea' id='block_1_31' title="bbox 1207 1252 2199 1425">
    <p class='ocr_par' dir='ltr' id='par_1_33' title="bbox 1207 1252 2199 1425">
     <span class='ocr_line' id='line_1_71' title="bbox 1294 1252 2199 1294; baseline 0.001 -10"><span class='ocrx_word' id='word_1_413' title='bbox 1294 1253 1509 1294; x_wconf 72' lang='lat' dir='ltr'><strong>Respondes).</strong></span> <span class='ocrx_word' id='word_1_414' title='bbox 1556 1252 1694 1284; x_wconf 88' lang='lat' dir='ltr'><strong>Placent</strong></span> <span class='ocrx_word' id='word_1_415' title='bbox 1730 1254 1762 1283; x_wconf 91' lang='lat' dir='ltr'><strong>in</strong></span> <span class='ocrx_word' id='word_1_416' title='bbox 1797 1252 1973 1284; x_wconf 88' lang='lat' dir='ltr'><strong>conversis</strong></span> <span class='ocrx_word' id='word_1_417' title='bbox 2013 1253 2055 1284; x_wconf 84' lang='lat' dir='ltr'><strong>ad</strong></span> <span class='ocrx_word' id='word_1_418' title='bbox 2089 1252 2199 1285; x_wconf 90' lang='lat' dir='ltr'><strong>Deum</strong></span> 
     </span>
     <span class='ocr_line' id='line_1_72' title="bbox 1207 1296 2198 1338; baseline 0 -11"><span class='ocrx_word' id='word_1_419' title='bbox 1207 1296 1274 1328; x_wconf 87' lang='lat' dir='ltr'><strong>hoe</strong></span> <span class='ocrx_word' id='word_1_420' title='bbox 1297 1297 1407 1328; x_wconf 88' lang='lat' dir='ltr'><strong>modo.</strong></span> <span class='ocrx_word' id='word_1_421' title='bbox 1443 1297 1589 1327; x_wconf 87' lang='lat' dir='ltr'><strong>Primum</strong></span> <span class='ocrx_word' id='word_1_422' title='bbox 1612 1306 1755 1328; x_wconf 87' lang='lat' dir='ltr'><strong>necesse</strong></span> <span class='ocrx_word' id='word_1_423' title='bbox 1773 1303 1825 1328; x_wconf 88' lang='lat' dir='ltr'><strong>est</strong></span> <span class='ocrx_word' id='word_1_424' title='bbox 1844 1297 1994 1334; x_wconf 82' lang='lat' dir='ltr'><strong>credere,</strong></span> <span class='ocrx_word' id='word_1_425' title='bbox 2018 1297 2109 1337; x_wconf 86' lang='lat' dir='ltr'><strong>quod</strong></span> <span class='ocrx_word' id='word_1_426' title='bbox 2125 1307 2198 1338; x_wconf 91' lang='lat' dir='ltr'><strong>per—</strong></span> 
     </span>
     <span class='ocr_line' id='line_1_73' title="bbox 1207 1339 2198 1381; baseline 0 -10"><span class='ocrx_word' id='word_1_427' title='bbox 1207 1350 1290 1371; x_wconf 84' lang='lat' dir='ltr'><strong>sona</strong></span> <span class='ocrx_word' id='word_1_428' title='bbox 1315 1341 1355 1370; x_wconf 86' lang='lat' dir='ltr'><strong>sit</strong></span> <span class='ocrx_word' id='word_1_429' title='bbox 1380 1339 1599 1370; x_wconf 78' lang='lat' dir='ltr'><strong>reconciliata</strong></span> <span class='ocrx_word' id='word_1_430' title='bbox 1623 1339 1697 1370; x_wconf 91' lang='lat' dir='ltr'><strong>Deo</strong></span> <span class='ocrx_word' id='word_1_431' title='bbox 1721 1345 1858 1381; x_wconf 87' lang='lat' dir='ltr'><strong>propter</strong></span> <span class='ocrx_word' id='word_1_432' title='bbox 1883 1339 2050 1371; x_wconf 84' lang='lat' dir='ltr'><strong>Christum</strong></span> <span class='ocrx_word' id='word_1_433' title='bbox 2080 1340 2198 1381; x_wconf 81' lang='lat' dir='ltr'><strong>gratiS,</strong></span> 
     </span>
     <span class='ocr_line' id='line_1_74' title="bbox 1207 1383 1930 1425; baseline -0.001 -11"><span class='ocrx_word' id='word_1_434' title='bbox 1207 1383 1283 1421; x_wconf 86' lang='lat' dir='ltr'><strong>fide,</strong></span> <span class='ocrx_word' id='word_1_435' title='bbox 1303 1394 1369 1414; x_wconf 90' lang='lat' dir='ltr'><strong>non</strong></span> <span class='ocrx_word' id='word_1_436' title='bbox 1394 1390 1531 1424; x_wconf 87' lang='lat' dir='ltr'><strong>propter</strong></span> <span class='ocrx_word' id='word_1_437' title='bbox 1554 1384 1747 1425; x_wconf 83' lang='lat' dir='ltr'><strong>dignitatem</strong></span> <span class='ocrx_word' id='word_1_438' title='bbox 1769 1389 1930 1414; x_wconf 84' lang='lat' dir='ltr'><strong>nost-ram.</strong></span> 
     </span>
    </p>
   </div>
   <div class='ocr_carea' id='block_1_32' title="bbox 1203 1449 2213 1700">
    <p class='ocr_par' dir='ltr' id='par_1_34' title="bbox 1203 1449 2213 1700">
     <span class='ocr_line' id='line_1_75' title="bbox 1294 1449 2197 1489; baseline 0 -7"><span class='ocrx_word' id='word_1_439' title='bbox 1294 1451 1453 1483; x_wconf 87' lang='lat' dir='ltr'><strong>Secundo</strong></span> <span class='ocrx_word' id='word_1_440' title='bbox 1489 1452 1663 1483; x_wconf 87' lang='lat' dir='ltr'><strong>sciendum</strong></span> <span class='ocrx_word' id='word_1_441' title='bbox 1697 1457 1766 1489; x_wconf 85' lang='lat' dir='ltr'><strong>est,</strong></span> <span class='ocrx_word' id='word_1_442' title='bbox 1802 1455 1865 1483; x_wconf 87' lang='lat' dir='ltr'><strong>nos</strong></span> <span class='ocrx_word' id='word_1_443' title='bbox 1895 1461 1964 1483; x_wconf 92' lang='lat' dir='ltr'><strong>non</strong></span> <span class='ocrx_word' id='word_1_444' title='bbox 1999 1449 2197 1484; x_wconf 83' lang='lat' dir='ltr'><strong>satisfacere</strong></span> 
     </span>
     <span class='ocr_line' id='line_1_76' title="bbox 1208 1493 2197 1537; baseline 0.001 -12"><span class='ocrx_word' id='word_1_445' title='bbox 1208 1494 1301 1537; x_wconf 84' lang='lat' dir='ltr'><strong>Legi,</strong></span> <span class='ocrx_word' id='word_1_446' title='bbox 1327 1496 1386 1526; x_wconf 87' lang='lat' dir='ltr'><strong>sed</strong></span> <span class='ocrx_word' id='word_1_447' title='bbox 1410 1495 1550 1526; x_wconf 88' lang='lat' dir='ltr'><strong>haerere</strong></span> <span class='ocrx_word' id='word_1_448' title='bbox 1569 1496 1600 1525; x_wconf 91' lang='lat' dir='ltr'><strong>in</strong></span> <span class='ocrx_word' id='word_1_449' title='bbox 1625 1496 1723 1526; x_wconf 83' lang='lat' dir='ltr'><strong>nobis</strong></span> <span class='ocrx_word' id='word_1_450' title='bbox 1743 1493 1845 1525; x_wconf 84' lang='lat' dir='ltr'><strong>inulta</strong></span> <span class='ocrx_word' id='word_1_451' title='bbox 1869 1495 2027 1528; x_wconf 87' lang='lat' dir='ltr'><strong>interiora</strong></span> <span class='ocrx_word' id='word_1_452' title='bbox 2045 1501 2197 1536; x_wconf 84' lang='lat' dir='ltr'><strong>peccata,</strong></span> 
     </span>
     <span class='ocr_line' id='line_1_77' title="bbox 1205 1537 2196 1580; baseline 0.001 -11"><span class='ocrx_word' id='word_1_453' title='bbox 1205 1539 1430 1569; x_wconf 83' lang='lat' dir='ltr'><strong>dubitationes</strong></span> <span class='ocrx_word' id='word_1_454' title='bbox 1456 1545 1489 1569; x_wconf 91' lang='lat' dir='ltr'><strong>et</strong></span> <span class='ocrx_word' id='word_1_455' title='bbox 1512 1537 1617 1569; x_wconf 86' lang='lat' dir='ltr'><strong>malas</strong></span> <span class='ocrx_word' id='word_1_456' title='bbox 1638 1537 1899 1576; x_wconf 23' lang='lat' dir='ltr'><strong>(inclinationes,</strong></span> <span class='ocrx_word' id='word_1_457' title='bbox 1931 1545 2074 1579; x_wconf 86' lang='lat' dir='ltr'><strong>peccata</strong></span> <span class='ocrx_word' id='word_1_458' title='bbox 2104 1539 2196 1580; x_wconf 81' lang='lat' dir='ltr'><strong>igno-</strong></span> 
     </span>
     <span class='ocr_line' id='line_1_78' title="bbox 1204 1581 2197 1623; baseline 0 -11"><span class='ocrx_word' id='word_1_459' title='bbox 1204 1582 1331 1612; x_wconf 87' lang='lat' dir='ltr'><strong>rantiae</strong></span> <span class='ocrx_word' id='word_1_460' title='bbox 1367 1588 1397 1612; x_wconf 88' lang='lat' dir='ltr'><strong>et</strong></span> <span class='ocrx_word' id='word_1_461' title='bbox 1433 1582 1636 1613; x_wconf 74' lang='lat' dir='ltr'><strong>omissionis.</strong></span> <span class='ocrx_word' id='word_1_462' title='bbox 1683 1582 1723 1613; x_wconf 86' lang='lat' dir='ltr'><strong>Et</strong></span> <span class='ocrx_word' id='word_1_463' title='bbox 1752 1581 1961 1623; x_wconf 84' lang='lat' dir='ltr'><strong>deploranda</strong></span> <span class='ocrx_word' id='word_1_464' title='bbox 1994 1587 2045 1613; x_wconf 88' lang='lat' dir='ltr'><strong>est</strong></span> <span class='ocrx_word' id='word_1_465' title='bbox 2080 1588 2197 1613; x_wconf 79' lang='lat' dir='ltr'><strong>nostra</strong></span> 
     </span>
     <span class='ocr_line' id='line_1_79' title="bbox 1204 1623 2213 1667; baseline 0 -12"><span class='ocrx_word' id='word_1_466' title='bbox 1204 1625 1443 1663; x_wconf 76' lang='lat' dir='ltr'><strong>immundicies,</strong></span> <span class='ocrx_word' id='word_1_467' title='bbox 1468 1631 1501 1656; x_wconf 90' lang='lat' dir='ltr'><strong>et</strong></span> <span class='ocrx_word' id='word_1_468' title='bbox 1524 1626 1778 1667; x_wconf 78' lang='lat' dir='ltr'><strong>repugnandum</strong></span> <span class='ocrx_word' id='word_1_469' title='bbox 1802 1626 2066 1657; x_wconf 76' lang='lat' dir='ltr'><strong>dubitationibus</strong></span> <span class='ocrx_word' id='word_1_470' title='bbox 2091 1631 2123 1657; x_wconf 86' lang='lat' dir='ltr'><strong>et</strong></span> <span class='ocrx_word' id='word_1_471' title='bbox 2147 1623 2213 1656; x_wconf 41' lang='lat' dir='ltr'><strong>afa</strong></span> 
     </span>
     <span class='ocr_line' id='line_1_80' title="bbox 1203 1667 1358 1700; baseline 0.006 -2"><span class='ocrx_word' id='word_1_472' title='bbox 1203 1667 1358 1700; x_wconf 79' lang='lat' dir='ltr'><strong>fectibus.</strong></span> 
     </span>
    </p>
   </div>
   <div class='ocr_carea' id='block_1_33' title="bbox 1204 1736 2197 1953">
    <p class='ocr_par' dir='ltr' id='par_1_35' title="bbox 1204 1736 2197 1953">
     <span class='ocr_line' id='line_1_81' title="bbox 1292 1736 2194 1778; baseline 0.001 -11"><span class='ocrx_word' id='word_1_473' title='bbox 1292 1736 1404 1768; x_wconf 85' lang='lat' dir='ltr'><strong>Tertio</strong></span> <span class='ocrx_word' id='word_1_474' title='bbox 1430 1737 1600 1768; x_wconf 82' lang='lat' dir='ltr'><strong>sciendum</strong></span> <span class='ocrx_word' id='word_1_475' title='bbox 1632 1744 1695 1775; x_wconf 83' lang='lat' dir='ltr'><strong>est,</strong></span> <span class='ocrx_word' id='word_1_476' title='bbox 1720 1743 1830 1768; x_wconf 82' lang='lat' dir='ltr'><strong>tamen</strong></span> <span class='ocrx_word' id='word_1_477' title='bbox 1853 1743 2011 1778; x_wconf 87' lang='lat' dir='ltr'><strong>oportere</strong></span> <span class='ocrx_word' id='word_1_478' title='bbox 2033 1737 2067 1767; x_wconf 90' lang='lat' dir='ltr'><strong>in</strong></span> <span class='ocrx_word' id='word_1_479' title='bbox 2097 1737 2194 1768; x_wconf 90' lang='lat' dir='ltr'><strong>nobis</strong></span> 
     </span>
     <span class='ocr_line' id='line_1_82' title="bbox 1205 1780 2196 1821; baseline 0 -10"><span class='ocrx_word' id='word_1_480' title='bbox 1205 1790 1282 1811; x_wconf 85' lang='lat' dir='ltr'><strong>esse</strong></span> <span class='ocrx_word' id='word_1_481' title='bbox 1310 1781 1503 1811; x_wconf 86' lang='lat' dir='ltr'><strong>inchoatam</strong></span> <span class='ocrx_word' id='word_1_482' title='bbox 1538 1781 1759 1812; x_wconf 88' lang='lat' dir='ltr'><strong>obedientiam</strong></span> <span class='ocrx_word' id='word_1_483' title='bbox 1788 1782 1880 1812; x_wconf 81' lang='lat' dir='ltr'><strong>iuxta</strong></span> <span class='ocrx_word' id='word_1_484' title='bbox 1909 1786 2090 1821; x_wconf 89' lang='lat' dir='ltr'><strong>praecepta</strong></span> <span class='ocrx_word' id='word_1_485' title='bbox 2120 1780 2196 1818; x_wconf 86' lang='lat' dir='ltr'><strong>Dei,</strong></span> 
     </span>
     <span class='ocr_line' id='line_1_83' title="bbox 1206 1823 2197 1865; baseline 0 -11"><span class='ocrx_word' id='word_1_486' title='bbox 1206 1830 1236 1854; x_wconf 91' lang='lat' dir='ltr'><strong>et</strong></span> <span class='ocrx_word' id='word_1_487' title='bbox 1259 1823 1346 1854; x_wconf 83' lang='lat' dir='ltr'><strong>hanc</strong></span> <span class='ocrx_word' id='word_1_488' title='bbox 1367 1823 1440 1855; x_wconf 90' lang='lat' dir='ltr'><strong>Deo</strong></span> <span class='ocrx_word' id='word_1_489' title='bbox 1464 1823 1598 1864; x_wconf 84' lang='lat' dir='ltr'><strong>placere</strong></span> <span class='ocrx_word' id='word_1_490' title='bbox 1621 1825 1654 1855; x_wconf 90' lang='lat' dir='ltr'><strong>in</strong></span> <span class='ocrx_word' id='word_1_491' title='bbox 1678 1823 1901 1855; x_wconf 86' lang='lat' dir='ltr'><strong>reconciliatis</strong></span> <span class='ocrx_word' id='word_1_492' title='bbox 1924 1831 2061 1865; x_wconf 86' lang='lat' dir='ltr'><strong>propter</strong></span> <span class='ocrx_word' id='word_1_493' title='bbox 2074 1823 2197 1855; x_wconf 83' lang='lat' dir='ltr'><strong>Media-</strong></span> 
     </span>
     <span class='ocr_line' id='line_1_84' title="bbox 1204 1867 2196 1909; baseline 0.001 -12"><span class='ocrx_word' id='word_1_494' title='bbox 1204 1873 1319 1903; x_wconf 85' lang='lat' dir='ltr'><strong>torem,</strong></span> <span class='ocrx_word' id='word_1_495' title='bbox 1345 1868 1429 1898; x_wconf 83' lang='lat' dir='ltr'><strong>sicut</strong></span> <span class='ocrx_word' id='word_1_496' title='bbox 1454 1868 1576 1898; x_wconf 87' lang='lat' dir='ltr'><strong>dictum</strong></span> <span class='ocrx_word' id='word_1_497' title='bbox 1600 1874 1662 1906; x_wconf 85' lang='lat' dir='ltr'><strong>est,</strong></span> <span class='ocrx_word' id='word_1_498' title='bbox 1687 1867 1814 1898; x_wconf 86' lang='lat' dir='ltr'><strong>Offerte</strong></span> <span class='ocrx_word' id='word_1_499' title='bbox 1840 1867 1910 1898; x_wconf 90' lang='lat' dir='ltr'><strong>Deo</strong></span> <span class='ocrx_word' id='word_1_500' title='bbox 1941 1867 2071 1898; x_wconf 80' lang='lat' dir='ltr'><strong>hostias</strong></span> <span class='ocrx_word' id='word_1_501' title='bbox 2101 1868 2196 1909; x_wconf 82' lang='lat' dir='ltr'><strong>spiri-</strong></span> 
     </span>
     <span class='ocr_line' id='line_1_85' title="bbox 1207 1909 2118 1953; baseline -0.001 -11"><span class='ocrx_word' id='word_1_502' title='bbox 1207 1909 1326 1949; x_wconf 82' lang='lat' dir='ltr'><strong>tuales,</strong></span> <span class='ocrx_word' id='word_1_503' title='bbox 1350 1909 1521 1952; x_wconf 85' lang='lat' dir='ltr'><strong>placentes</strong></span> <span class='ocrx_word' id='word_1_504' title='bbox 1546 1910 1621 1942; x_wconf 92' lang='lat' dir='ltr'><strong>Deo</strong></span> <span class='ocrx_word' id='word_1_505' title='bbox 1644 1916 1780 1953; x_wconf 84' lang='lat' dir='ltr'><strong>propter</strong></span> <span class='ocrx_word' id='word_1_506' title='bbox 1803 1910 1912 1942; x_wconf 85' lang='lat' dir='ltr'><strong>lesum</strong></span> <span class='ocrx_word' id='word_1_507' title='bbox 1937 1910 2118 1942; x_wconf 84' lang='lat' dir='ltr'><strong>Christum.</strong></span> 
     </span>
    </p>
   </div>
   <div class='ocr_carea' id='block_1_34' title="bbox 1512 2077 1878 2132">
    <p class='ocr_par' dir='ltr' id='par_1_36' title="bbox 1512 2077 1878 2132">
     <span class='ocr_line' id='line_1_86' title="bbox 1512 2077 1878 2132; baseline 0 -14"><span class='ocrx_word' id='word_1_508' title='bbox 1512 2078 1648 2118; x_wconf 81' lang='lat' dir='ltr'><strong>Tertia</strong></span> <span class='ocrx_word' id='word_1_509' title='bbox 1681 2077 1878 2132; x_wconf 55' lang='lat' dir='ltr'><strong>quaestioss</strong></span> 
     </span>
    </p>
   </div>
   <div class='ocr_carea' id='block_1_35' title="bbox 1203 2189 2198 2245">
    <p class='ocr_par' dir='ltr' id='par_1_37' title="bbox 1203 2189 2198 2245">
     <span class='ocr_line' id='line_1_87' title="bbox 1203 2189 2198 2245; baseline 0.001 -16"><span class='ocrx_word' id='word_1_510' title='bbox 1203 2189 1428 2231; x_wconf 80' lang='lat' dir='ltr'><strong>Manentne</strong></span> <span class='ocrx_word' id='word_1_511' title='bbox 1460 2197 1630 2245; x_wconf 81' lang='lat' dir='ltr'><strong>peccata</strong></span> <span class='ocrx_word' id='word_1_512' title='bbox 1652 2191 1693 2231; x_wconf 88' lang='lat' dir='ltr'><strong>in</strong></span> <span class='ocrx_word' id='word_1_513' title='bbox 1718 2190 1875 2231; x_wconf 81' lang='lat' dir='ltr'><strong>Sanctis</strong></span> <span class='ocrx_word' id='word_1_514' title='bbox 1905 2191 1946 2230; x_wconf 88' lang='lat' dir='ltr'><strong>in</strong></span> <span class='ocrx_word' id='word_1_515' title='bbox 1977 2190 2054 2230; x_wconf 82' lang='lat' dir='ltr'><strong>&#39;nae</strong></span> <span class='ocrx_word' id='word_1_516' title='bbox 2085 2190 2198 2231; x_wconf 81' lang='lat' dir='ltr'><strong>vita?</strong></span> 
     </span>
    </p>
   </div>
   <div class='ocr_carea' id='block_1_36' title="bbox 1201 2281 2197 2672">
    <p class='ocr_par' dir='ltr' id='par_1_38' title="bbox 1201 2281 2197 2672">
     <span class='ocr_line' id='line_1_88' title="bbox 1289 2281 2197 2324; baseline 0 -12"><span class='ocrx_word' id='word_1_517' title='bbox 1289 2281 1502 2324; x_wconf 85' lang='lat' dir='ltr'><strong>Respondeo.</strong></span> <span class='ocrx_word' id='word_1_518' title='bbox 1549 2282 1634 2314; x_wconf 88' lang='lat' dir='ltr'><strong>Sunt</strong></span> <span class='ocrx_word' id='word_1_519' title='bbox 1657 2289 1690 2314; x_wconf 86' lang='lat' dir='ltr'><strong>et</strong></span> <span class='ocrx_word' id='word_1_520' title='bbox 1713 2288 1846 2314; x_wconf 87' lang='lat' dir='ltr'><strong>manent</strong></span> <span class='ocrx_word' id='word_1_521' title='bbox 1875 2287 2017 2323; x_wconf 85' lang='lat' dir='ltr'><strong>peccata</strong></span> <span class='ocrx_word' id='word_1_522' title='bbox 2045 2282 2078 2313; x_wconf 89' lang='lat' dir='ltr'><strong>in</strong></span> <span class='ocrx_word' id='word_1_523' title='bbox 2096 2291 2197 2313; x_wconf 84' lang='lat' dir='ltr'><strong>rena-</strong></span> 
     </span>
     <span class='ocr_line' id='line_1_89' title="bbox 1201 2324 2191 2365; baseline 0 -10"><span class='ocrx_word' id='word_1_524' title='bbox 1201 2325 1244 2355; x_wconf 88' lang='lat' dir='ltr'><strong>tis</strong></span> <span class='ocrx_word' id='word_1_525' title='bbox 1268 2325 1302 2356; x_wconf 90' lang='lat' dir='ltr'><strong>in</strong></span> <span class='ocrx_word' id='word_1_526' title='bbox 1325 2325 1389 2358; x_wconf 89' lang='lat' dir='ltr'><strong>hac</strong></span> <span class='ocrx_word' id='word_1_527' title='bbox 1414 2327 1497 2365; x_wconf 84' lang='lat' dir='ltr'><strong>vita,</strong></span> <span class='ocrx_word' id='word_1_528' title='bbox 1527 2325 1699 2365; x_wconf 83' lang='lat' dir='ltr'><strong>videlicet,</strong></span> <span class='ocrx_word' id='word_1_529' title='bbox 1729 2336 1797 2357; x_wconf 90' lang='lat' dir='ltr'><strong>non</strong></span> <span class='ocrx_word' id='word_1_530' title='bbox 1821 2324 1945 2357; x_wconf 86' lang='lat' dir='ltr'><strong>delicta</strong></span> <span class='ocrx_word' id='word_1_531' title='bbox 1970 2330 2087 2356; x_wconf 84' lang='lat' dir='ltr'><strong>eontra</strong></span> <span class='ocrx_word' id='word_1_532' title='bbox 2112 2335 2191 2356; x_wconf 91' lang='lat' dir='ltr'><strong>con-</strong></span> 
     </span>
     <span class='ocr_line' id='line_1_90' title="bbox 1201 2366 2193 2410; baseline 0.002 -12"><span class='ocrx_word' id='word_1_533' title='bbox 1201 2369 1386 2408; x_wconf 82' lang='lat' dir='ltr'><strong>scientiam,</strong></span> <span class='ocrx_word' id='word_1_534' title='bbox 1411 2371 1471 2402; x_wconf 85' lang='lat' dir='ltr'><strong>sed</strong></span> <span class='ocrx_word' id='word_1_535' title='bbox 1493 2370 1652 2401; x_wconf 88' lang='lat' dir='ltr'><strong>interiora</strong></span> <span class='ocrx_word' id='word_1_536' title='bbox 1676 2368 1781 2407; x_wconf 85' lang='lat' dir='ltr'><strong>mala,</strong></span> <span class='ocrx_word' id='word_1_537' title='bbox 1811 2368 1951 2400; x_wconf 85' lang='lat' dir='ltr'><strong>multum</strong></span> <span class='ocrx_word' id='word_1_538' title='bbox 1976 2366 2129 2410; x_wconf 79' lang='lat' dir='ltr'><strong>caliginis</strong></span> <span class='ocrx_word' id='word_1_539' title='bbox 2159 2374 2193 2400; x_wconf 88' lang='lat' dir='ltr'><strong>et</strong></span> 
     </span>
     <span class='ocr_line' id='line_1_91' title="bbox 1202 2411 2193 2454; baseline 0.001 -12"><span class='ocrx_word' id='word_1_540' title='bbox 1202 2412 1461 2452; x_wconf 85' lang='lat' dir='ltr'><strong>dubitationum,</strong></span> <span class='ocrx_word' id='word_1_541' title='bbox 1480 2412 1603 2444; x_wconf 83' lang='lat' dir='ltr'><strong>multae</strong></span> <span class='ocrx_word' id='word_1_542' title='bbox 1632 2413 1851 2454; x_wconf 84' lang='lat' dir='ltr'><strong>ignorantiae,</strong></span> <span class='ocrx_word' id='word_1_543' title='bbox 1880 2411 2091 2449; x_wconf 87' lang='lat' dir='ltr'><strong>omissiones,</strong></span> <span class='ocrx_word' id='word_1_544' title='bbox 2117 2422 2193 2453; x_wconf 88' lang='lat' dir='ltr'><strong>pra-</strong></span> 
     </span>
     <span class='ocr_line' id='line_1_92' title="bbox 1202 2454 2188 2496; baseline -0.001 -10"><span class='ocrx_word' id='word_1_545' title='bbox 1202 2465 1264 2486; x_wconf 88' lang='lat' dir='ltr'><strong>vae</strong></span> <span class='ocrx_word' id='word_1_546' title='bbox 1286 2455 1537 2496; x_wconf 42' lang='lat' dir='ltr'><strong>inclinatione&amp;</strong></span> <span class='ocrx_word' id='word_1_547' title='bbox 1573 2463 1605 2488; x_wconf 85' lang='lat' dir='ltr'><strong>et</strong></span> <span class='ocrx_word' id='word_1_548' title='bbox 1638 2457 1790 2487; x_wconf 86' lang='lat' dir='ltr'><strong>flammae</strong></span> <span class='ocrx_word' id='word_1_549' title='bbox 1813 2454 1975 2486; x_wconf 83' lang='lat' dir='ltr'><strong>malorum</strong></span> <span class='ocrx_word' id='word_1_550' title='bbox 1998 2454 2188 2494; x_wconf 85' lang='lat' dir='ltr'><strong>affectuum,</strong></span> 
     </span>
     <span class='ocr_line' id='line_1_93' title="bbox 1201 2497 2191 2543; baseline 0 -14"><span class='ocrx_word' id='word_1_551' title='bbox 1201 2497 1323 2540; x_wconf 78' lang='lat' dir='ltr'><strong>qribus</strong></span> <span class='ocrx_word' id='word_1_552' title='bbox 1347 2507 1457 2533; x_wconf 86' lang='lat' dir='ltr'><strong>tamen</strong></span> <span class='ocrx_word' id='word_1_553' title='bbox 1481 2506 1669 2543; x_wconf 84' lang='lat' dir='ltr'><strong>repugnant</strong></span> <span class='ocrx_word' id='word_1_554' title='bbox 1696 2500 1804 2530; x_wconf 86' lang='lat' dir='ltr'><strong>sancti</strong></span> <span class='ocrx_word' id='word_1_555' title='bbox 1834 2499 1978 2540; x_wconf 79' lang='lat' dir='ltr'><strong>Spiritu,</strong></span> <span class='ocrx_word' id='word_1_556' title='bbox 2007 2498 2191 2530; x_wconf 85' lang='lat' dir='ltr'><strong>retinentes</strong></span> 
     </span>
     <span class='ocr_line' id='line_1_94' title="bbox 1203 2542 2192 2583; baseline 0.001 -11"><span class='ocrx_word' id='word_1_557' title='bbox 1203 2542 1353 2575; x_wconf 87' lang='lat' dir='ltr'><strong>timorem</strong></span> <span class='ocrx_word' id='word_1_558' title='bbox 1376 2544 1458 2583; x_wconf 89' lang='lat' dir='ltr'><strong>Dei,</strong></span> <span class='ocrx_word' id='word_1_559' title='bbox 1493 2543 1592 2575; x_wconf 81' lang='lat' dir='ltr'><strong>fidem</strong></span> <span class='ocrx_word' id='word_1_560' title='bbox 1615 2549 1646 2575; x_wconf 90' lang='lat' dir='ltr'><strong>et</strong></span> <span class='ocrx_word' id='word_1_561' title='bbox 1668 2542 1933 2580; x_wconf 75' lang='lat' dir='ltr'><strong>invocationem,</strong></span> <span class='ocrx_word' id='word_1_562' title='bbox 1966 2551 2030 2573; x_wconf 88' lang='lat' dir='ltr'><strong>nec</strong></span> <span class='ocrx_word' id='word_1_563' title='bbox 2054 2547 2192 2573; x_wconf 89' lang='lat' dir='ltr'><strong>ruentes</strong></span> 
     </span>
     <span class='ocr_line' id='line_1_95' title="bbox 1205 2584 2192 2627; baseline -0.001 -11"><span class='ocrx_word' id='word_1_564' title='bbox 1205 2592 1324 2619; x_wconf 86' lang='lat' dir='ltr'><strong>contra</strong></span> <span class='ocrx_word' id='word_1_565' title='bbox 1354 2588 1609 2625; x_wconf 77' lang='lat' dir='ltr'><strong>conscientiam,</strong></span> <span class='ocrx_word' id='word_1_566' title='bbox 1644 2586 1705 2618; x_wconf 87' lang='lat' dir='ltr'><strong>sed</strong></span> <span class='ocrx_word' id='word_1_567' title='bbox 1728 2584 1944 2627; x_wconf 87' lang='lat' dir='ltr'><strong>deplorantes</strong></span> <span class='ocrx_word' id='word_1_568' title='bbox 1973 2589 2122 2616; x_wconf 89' lang='lat' dir='ltr'><strong>nostram</strong></span> <span class='ocrx_word' id='word_1_569' title='bbox 2143 2585 2192 2616; x_wconf 89' lang='lat' dir='ltr'><strong>in-</strong></span> 
     </span>
     <span class='ocr_line' id='line_1_96' title="bbox 1203 2628 2192 2672; baseline -0.005 -9"><span class='ocrx_word' id='word_1_570' title='bbox 1203 2628 1410 2671; x_wconf 77' lang='lat' dir='ltr'><strong>firmitatem,</strong></span> <span class='ocrx_word' id='word_1_571' title='bbox 1439 2642 1481 2664; x_wconf 83' lang='lat' dir='ltr'><strong>ac</strong></span> <span class='ocrx_word' id='word_1_572' title='bbox 1504 2636 1655 2672; x_wconf 83' lang='lat' dir='ltr'><strong>petentes</strong></span> <span class='ocrx_word' id='word_1_573' title='bbox 1683 2635 1716 2662; x_wconf 87' lang='lat' dir='ltr'><strong>et</strong></span> <span class='ocrx_word' id='word_1_574' title='bbox 1744 2629 1918 2661; x_wconf 88' lang='lat' dir='ltr'><strong>credentes</strong></span> <span class='ocrx_word' id='word_1_575' title='bbox 1947 2628 2192 2666; x_wconf 83' lang='lat' dir='ltr'><strong>remissionem,</strong></span> 
     </span>
    </p>
   </div>
   <div class='ocr_carea' id='block_1_37' title="bbox 1973 2689 1990 2715">
    <p class='ocr_par' dir='ltr' id='par_1_39' title="bbox 1973 2689 1990 2715">
     <span class='ocr_line' id='line_1_97' title="bbox 1973 2689 1990 2715; baseline 0 0"><span class='ocrx_word' id='word_1_576' title='bbox 1973 2689 1990 2715; x_wconf 76' lang='lat'>3</span> 
     </span>
    </p>
   </div>
  </div>
 </body>
</html>
