2383 2990
200 142 261 174 139

198 235 345 266 homines
368 234 452 263 inter
475 242 514 263 se
537 230 717 272 copulavit,
740 237 775 261 ut
798 229 853 261 illa
871 231 944 271 ipsa
973 228 1084 262 officia
1111 231 1178 262 sint

196 277 353 308 exercitia
376 274 610 311 confessionis,
646 280 678 305 et
701 279 903 310 monstrent,
937 274 1015 314 quid
1039 274 1079 304 de
1103 273 1176 305 Deo

195 320 386 351 sentiamus.
450 318 534 361 Huc·
552 317 693 357 pertinet
724 317 846 347 dictum
877 315 1014 347 Christi:
1042 316 1176 354 ,Luceat

195 362 251 394 lux
273 370 386 392 vestra
411 370 522 391 eoram
546 359 751 397 hominibus,
786 365 821 390 ut
850 357 1055 400 glorificetur
1078 359 1176 391 Pater

195 404 363 437 coelestis,
407 403 566 443 Proponit
588 402 705 440 finem,
739 403 781 433 ad
805 412 903 443 quem
925 401 1042 433 referri
1060 412 1176 433 omnes

195 449 347 479 actiones
367 447 505 484 debent,
541 444 713 483 videlicet,
747 451 782 476 ut
811 446 1001 476 innotescat
1023 456 1063 476 ac
1087 445 1175 476 cele-

195 492 307 521 bretur
329 489 433 520 Deus.
500 488 543 519 Et
566 499 639 519 cnm
662 489 781 529 inquit:
814 487 942 519 Luceat
964 486 1022 519 lux
1052 494 1175 527 vestra,

194 532 263 564 vult
291 533 322 563 in
352 533 434 573 ipsis
464 530 562 563 factis
594 532 741 572 conspici
771 531 1015 562 contessionem
1045 537 1076 562 et
1100 542 1175 562 sen-

193 577 326 607 teutiam
344 582 495 606 nostram
518 575 560 605 de
583 573 670 605 Deo.
696 574 774 605 Ideo
787 575 921 605 dimicat
932 574 1174 612 Machabaeus,

193 625 227 650 ut
260 623 397 649 testetur
430 628 467 649 se
497 618 684 659 approbare
708 618 889 648 doctrinam
919 617 960 648 de
984 617 1057 648 Deo
1077 617 1175 648 tradi-

194 669 258 692 tam
277 659 401 701 populo
426 660 540 692 lsrael.
597 660 675 692 Ideo
700 660 824 691 Paulus
848 659 972 701 perfert
998 670 1174 691 aerumnas

193 711 223 736 et
247 704 458 744 supplicium,
478 710 513 736 ut
535 709 672 735 testetur
696 713 735 734 se
759 704 944 743 approbare
957 702 1175 745 Evangelium

192 749 233 778 de
256 746 338 779 Filio
363 747 436 778 Dei.
505 747 563 778 Sic
586 747 718 777 onmino
741 753 856 777 nostra
878 745 988 777 officia
1011 747 1042 776 in
1067 747 1174 777 socie—

192 796 259 821 tate
283 789 371 822 civili
394 791 458 821 sint
483 791 609 821 directa
633 790 674 820 ad
694 788 950 820 confessionem.
976 790 1174 826 Ostendant,

192 834 269 875 quid
294 834 437 865 sentiant
460 833 632 874 Principes
662 833 694 863 in
729 832 940 872 imperando,
976 832 1119 863 Senator
1141 832 1173 862 in

192 877 301 908 dando
326 875 478 913 consilio,
512 875 660 916 Populus
682 876 715 905 in
739 875 1016 915 obtemperandO,
1051 873 1175 916 singuli

190 921 223 950 in
237 920 475 950 contrahendo.
521 918 634 949 Voluit
654 918 749 949 Deus
767 917 965 958 multiplices
979 928 1056 948 esse
1072 918 1174 948 actio-

192 973 252 993 nes
282 963 380 1000 vitae,
416 969 449 992 ut
482 968 593 992 essent
618 962 816 991 occasiones
840 961 1015 991 exercendi
1046 961 1172 991 timoris

192 1005 266 1043 Dei,
302 1005 379 1036 fidei
413 1011 443 1036 et
479 1003 712 1035 consessionis.
779 1003 870 1034 Haec
894 1010 944 1033 est
969 1013 1069 1035 causa
1095 1013 1173 1034 vera

191 1049 362 1080 varietatis
387 1048 552 1078 actionum
576 1046 809 1084 humanarum,
824 1057 918 1087 >qnae
938 1047 1068 1088 quidem
1093 1045 1174 1076 flunt

193 1091 303 1123 cultus
327 1091 402 1129 Dei,
426 1092 454 1122 si
478 1098 553 1121 sunt
579 1090 731 1121 divinitus
756 1095 966 1130 praeceptae,
990 1100 1029 1120 ac
1054 1099 1174 1130 regun-

192 1142 245 1166 tur
268 1135 371 1165 verbo
395 1133 476 1171 Dei,
509 1140 542 1164 et
566 1134 729 1164 accedunt
759 1133 855 1163 timor
877 1132 959 1170 Dei,
994 1138 1025 1163 et
1049 1132 1173 1174 agnitio

191 1176 263 1209 Filii
285 1177 348 1208 Dei
373 1187 413 1207 ac
436 1176 531 1213 tides,
556 1182 587 1207 et
609 1174 798 1206 referuntur
821 1176 862 1206 ad
882 1175 1023 1217 gloriam
1041 1175 1116 1212 Dei,
1138 1180 1174 1205 ut

191 1221 313 1252 dictum
347 1226 409 1250 est.
472 1218 628 1250 Monachi
662 1219 844 1259 vituperant
883 1218 995 1250 officia
1027 1217 1174 1258 politica,

191 1264 306 1304 eisque
330 1263 543 1294 detraxerunt
557 1261 825 1292 honestissimum
848 1260 978 1292 titulum
1001 1272 1042 1292 ac
1061 1271 1173 1291 veram

190 1306 333 1343 laudem,
359 1304 508 1337 videlicet
533 1304 640 1336 cultus
664 1304 736 1335 Dei.
803 1304 845 1335 Et
872 1303 938 1335 hoc
961 1305 1174 1344 praeconium

191 1352 428 1381 transtulemnt
450 1349 492 1379 ad
515 1348 733 1385 ceremonias,
757 1352 813 1378 aut
835 1348 1038 1379 monasticas
1058 1357 1174 1387 super-

192 1393 352 1423 stitiones.
399 1391 495 1423 Hunc
525 1401 672 1422 errorem
703 1400 806 1431 saepe
826 1390 1070 1431 reprehendunt
1094 1391 1174 1421 Pro-

190 1435 321 1477 phetae,
346 1440 383 1466 ut
406 1434 534 1465 Oseas:
558 1433 821 1465 Misericordiam
846 1433 935 1471 volo,
959 1444 1025 1464 non
1049 1432 1174 1464 sacrifi-

192 1479 290 1510 cium.
334 1478 415 1508 Item
437 1477 572 1508 Esaias:
596 1477 740 1508 Iudicate
763 1477 882 1507 viduae
906 1483 969 1507 etc.
1003 1477 1072 1507 Sed
1097 1486 1174 1507 con-

190 1521 271 1552 tenti
295 1521 396 1551 simus
421 1520 543 1551 Christi
565 1519 768 1557 testimonio,
794 1520 848 1559 qui
870 1518 1056 1550 honorifice
1079 1524 1174 1550 ornat

191 1564 375 1595 secundam
398 1562 555 1601 tabulam,
580 1563 732 1603 inquiens
755 1561 873 1598 Matth.
887 1562 939 1594 22.
986 1563 1176 1594 Secundum

193 1613 298 1638 autem
334 1605 482 1637 SIMILE
527 1605 643 1643 HUIC,
678 1604 789 1646 Dilige
823 1606 1007 1646 proximum
1034 1606 1175 1636 sicutte

189 1651 310 1690 ipsum.
357 1648 610 1680 Consideranda
634 1655 684 1680 est
707 1650 793 1679 enim
816 1647 993 1688 Emphasis
1016 1649 1048 1679 in
1072 1649 1175 1679 xerbo

191 1692 316 1724 Simile.
374 1692 468 1723 Haud
488 1693 585 1723 dubie
609 1693 743 1722 taxabat
769 1692 953 1732 opinionem
978 1691 1175 1733 Hypocrita-

192 1747 274 1773 rum,
298 1736 352 1776 qui
377 1745 414 1766 se
434 1735 616 1766 efferebant
628 1740 762 1775 propter
775 1735 992 1772 ceremonias,
1018 1741 1050 1765 et
1068 1733 1174 1765 levius

192 1780 380 1811 sentiebant
414 1779 455 1809 de
491 1776 643 1809 civilibus
679 1776 815 1815 officiis,
852 1777 959 1818 qualis
983 1777 1175 1820 arrogantia

192 1832 279 1853 nunc
292 1832 425 1863 quoque
438 1822 470 1852 in
485 1821 662 1852 Monachis
687 1826 750 1858 est,
774 1826 805 1852 et
818 1821 971 1859 caeteris,
986 1821 1041 1862 qui
1054 1830 1175 1861 magno

191 1865 297 1906 pretio
309 1865 434 1896 Missas
458 1865 614 1895 vendunt.
645 1863 691 1894 At.
714 1862 868 1895 Christus
890 1869 1051 1895 monstrat
1075 1873 1175 1894 veros

192 1907 311 1939 cultus.
358 1907 482 1938 Omnes
505 1906 694 1938 fatebantur
706 1908 844 1947 primum
861 1914 1074 1948 praeceptum
1098 1916 1175 1937 con-

193 1952 317 1982 cionari
342 1952 382 1981 de
408 1950 552 1981 cultibus
575 1950 651 1987 Det,
675 1950 736 1981 Hic
756 1951 844 1981 addit
870 1949 1042 1987 Christus,
1068 1948 1174 1980 simile

193 2004 268 2024 esse
291 2001 504 2034 praeceptum
530 1995 570 2023 de
595 1992 772 2024 dilectione
795 1994 944 2033 proximi.
977 1993 1068 2034 Ergo
1081 1992 1173 2024 Deus

192 2047 258 2068 non
283 2038 389 2068 minus
415 2035 483 2068 ⁷-xult
510 2036 575 2068 coli
600 2035 720 2067 officiis
745 2036 913 2067 secundae
932 2035 1065 2067 tabulae
1077 2046 1175 2077 quam

192 2080 327 2120 primae.
358 2079 449 2111 Haec
473 2091 539 2110 vox
563 2078 685 2110 Christi
709 2080 872 2110 exuscitet
895 2090 971 2116 nos,
995 2085 1027 2109 ut
1052 2079 1175 2110 maiore

193 2123 302 2153 studio
326 2123 408 2153 haec
432 2121 539 2153 civilia
564 2121 674 2153 officia
697 2128 926 2162 praestemus,
961 2122 1037 2162 quia
1059 2123 1173 2162 inquit.

194 2165 268 2195 Hoc
301 2166 488 2196 mandatum
523 2164 627 2196 simile
663 2172 713 2195 est
747 2164 860 2203 alteri,
902 2166 999 2195 docet
1033 2165 1173 2205 flagitari

193 2207 278 2239 haec
302 2208 425 2246 officia,
449 2216 478 2239 et
504 2207 636 2249 placere
660 2208 733 2239 Deo
757 2218 822 2238 non
846 2209 966 2245 minus,
1001 2218 1098 2249 quam
1122 2218 1173 2245 ea,

195 2261 279 2292 quae
303 2252 400 2282 docet
425 2253 527 2292 prima
551 2250 673 2282 tabula.
727 2251 794 2281 Sed
822 2252 938 2282 intueri
964 2251 1103 2282 debent.
1136 2261 1174 2281 at·

195 2294 311 2325 referri
334 2295 377 2325 ad
401 2296 471 2326 eius
495 2294 648 2336 gloriam,
672 2300 706 2325 ut
731 2295 852 2325 dictum
879 2300 939 2325 est.

197 2424 310 2474 Quae
364 2435 457 2466 sunt
494 2432 726 2481 parent-um,
773 2426 1080 2479 magistratuum
1136 2433 1177 2465 et,

329 2486 496 2526 aliorum
532 2486 852 2539 gubernatormn
886 2485 1043 2525 officia?

281 2591 400 2624 Mirum
423 2594 525 2625 videri
548 2599 674 2635 potest,
705 2604 762 2625 cur
787 2594 975 2625 nominatim
1005 2602 1174 2634 expresse-

799 138 912 167 Puu..
935 138 1037 167 MEL.
1061 134 1251 168 SCR1PTA
1272 135 1553 168 DOGMATch.

1199 589 1203 640 i

2150 138 2212 170 140

1229 231 1270 262 rit
1293 229 1442 262 officium
1464 230 1684 268 subditorum,
1720 240 1795 261 cum
1818 231 1969 262 videatur
1992 234 2083 273 prius
2107 231 2213 264 fuisso

1229 274 1404 304 dicendum
1427 274 1468 304 de
1492 271 1604 304 officio
1628 273 1874 314 gubernatoris.
1912 274 1981 305 Sed
2004 285 2107 307 causa
2128 277 2213 307 haee

1229 322 1290 354 est,
1324 317 1401 358 quia
1435 314 1581 347 officium
1615 317 1848 357 gubernatoris
1883 327 2078 358 expressum
2105 319 2212 350 estin

1227 360 1311 401 ipsis
1346 360 1535 400 praeceptis
1571 357 1705 400 reliquis
1740 359 1906 399 prioribus
1930 367 1963 391 et
1985 362 2211 402 sequentibus,

1228 409 1385 442 parentes
1419 408 1452 433 et
1481 402 1695 443 magistratus
1719 400 1790 433 vult.
1813 412 1890 433 esse
1912 405 2072 435 custodes
2095 403 2210 436 harum

1227 444 1350 487 legum,
1373 452 1406 476 et
1427 446 1515 476 iuxta
1539 444 1601 476 has
1623 443 1720 486 leges
1744 454 1863 485 regere
1886 456 1957 483 eos,
1980 447 2100 487 quibus
2118 457 2212 489 prae-

1228 495 1324 526 sunt,
1360 494 1475 519 curent
1505 497 1564 518 eos
1588 488 1701 519 doceri
1725 488 1765 517 de
1788 487 1882 524 Deo,
1918 494 1950 520 et
1972 490 2147 522 assuefieri
2168 491 2209 522 ad

1228 541 1341 562 veram
1373 531 1616 562 invocationem
1650 529 1713 561 Dei
1748 536 1780 561 et
1815 532 2021 562 ceremonias
2056 533 2211 565 diffinitus

1227 575 1385 612 traditaS,
1422 572 1464 605 ali
1489 579 1521 604 et.
1545 572 1729 611 coherceri,
1763 583 1804 604 ne
1827 573 2019 614 polluantur
2041 577 2211 614 caedibus,

1227 616 1430 655 libidinibus,
1451 616 1559 654 furiis,
1582 615 1786 647 mendaciis.
1830 616 1927 648 Hanc
1951 627 2026 648 esse
2050 628 2212 650 summam

1229 658 1329 690 officii
1347 666 1519 700 parentum
1536 665 1568 690 et
1590 660 1843 701 magistratuum
1865 658 1962 691 facile
1984 667 2097 702 potest
2118 659 2211 693 intel—

1226 702 1294 744 ligi.
1352 703 1464 744 ltaque
1489 712 1562 733 cum
1585 700 1638 732 lex
1662 703 1735 743 ipsa
1760 708 1851 733 esset
1874 713 1939 733 vox
1965 704 2211 744 gubernatoriS‚

1227 756 1294 776 non
1317 744 1377 776 fuit
1400 755 1484 786 opus
1509 745 1644 783 addere,
1667 745 1744 786 quid
1769 746 1809 776 sit
1832 744 2019 777 faciendum
2037 748 2212 789 magistra·

1226 789 1283 820 tui.
1328 788 1378 819 Ac
1402 798 1535 828 semper
1557 788 1699 818 tenenda
1723 794 1773 818 est
1795 787 1880 819 haec
1903 790 2126 821 eruditissima
2155 790 2210 821 de-

1226 831 1347 869 finitio,
1382 841 1468 872 quae
1502 836 1592 861 extat
1615 830 1703 871 apud
1726 830 1956 862 Aristotelem:
1991 832 2210 874 Magistratus

1226 881 1279 906 est
1301 880 1416 905 custos
1439 873 1535 915 legis.
1582 875 1628 904 lta
1651 873 1789 904 dicimus
1812 880 1969 914 parentes
1993 885 2072 907 esse
2101 881 2215 910 custo—

1227 918 1286 948 des
1321 916 1407 959 legis
1440 918 1472 947 in
1508 917 1723 947 oeconomica
1763 916 1955 956 disciplina,
1994 919 2210 960 magistratus

1225 959 1348 1001 publici
1371 967 1448 990 sunt
1467 959 1624 990 custodes
1658 958 1744 1000 legis
1775 960 1807 989 in
1829 959 1963 1000 publica
1988 961 2130 992 civitatis
2152 972 2210 1003 gu-

1227 1004 1433 1040 bernatione,
1457 1012 1554 1043 quam
1578 1002 1661 1032 tueri
1686 1008 1817 1043 oportet
1830 1002 2002 1044 suppliciis
2021 1013 2209 1045 corporum.

1225 1046 1297 1077 Etsi
1320 1052 1430 1077 autem
1453 1043 1648 1086 Decalogus
1673 1046 1793 1076 breves
1817 1045 1915 1076 habet
1939 1048 2134 1085 sententias,
2164 1053 2211 1078 ta-

1226 1100 1300 1120 men
1320 1089 1491 1119 sciendum
1516 1094 1584 1124 est,
1608 1089 1773 1128 ingentem
1808 1087 1927 1120 molem
1946 1090 2156 1131 negotiomm
2179 1097 2213 1122 et

1227 1142 1364 1173 operum
1387 1131 1634 1170 comprehendi.
1658 1129 1783 1161 Paulus
1808 1132 1905 1162 etiam
1930 1133 2077 1164 breviter
2101 1131 2213 1164 officia

1226 1180 1399 1216 parentum
1423 1172 1619 1214 complexus
1643 1179 1712 1211 est,
1747 1174 1916 1214 inquiens:
1950 1174 2100 1207 Educate
2123 1175 2212 1208 filios

1226 1219 1257 1248 in
1279 1217 1429 1248 doctrina
1453 1224 1485 1247 et
1509 1216 1727 1257 castigatione
1750 1215 1894 1247 Domini.
1945 1217 2023 1248 Tria
2049 1218 2213 1250 beneficia

1228 1260 1408 1301 coniungit,
1430 1266 1464 1290 ut
1487 1258 1590 1296 alant,
1612 1265 1646 1290 ut
1670 1259 1833 1296 erudiant,
1856 1266 1891 1290 ut
1915 1261 2097 1302 castigent,
2119 1262 2212 1293 iuxta

1228 1304 1412 1335 doctrinam
1437 1301 1627 1333 coelestem.

1606 1356 1620 1366 f

1314 1389 1367 1420 De
1391 1399 1471 1420 cura
1490 1387 1601 1419 alendi
1624 1388 1721 1418 etiam
1745 1388 1953 1428 praecipiunt
1979 1388 2145 1420 humanae
2166 1390 2211 1421 le-

1228 1443 1307 1475 ges,
1338 1438 1370 1465 et
1398 1432 1535 1473 puniunt
1565 1428 1791 1462 crudelitatem
1814 1436 2006 1471 parentum,
2036 1432 2092 1472 qui
2121 1431 2212 1464 velut

1229 1476 1319 1507 corvi
1351 1475 1508 1505 deserunt
1541 1483 1665 1514 parvos
1693 1479 1810 1511 natos,
1847 1483 1971 1514 eosque
2008 1484 2075 1505 non
2109 1473 2213 1506 alunt.

1229 1519 1297 1550 §ed
1320 1519 1395 1559 quia
1418 1517 1567 1548 homines
1583 1523 1777 1551 nascuntur.
1802 1524 1837 1546 ut.
1856 1517 1973 1547 notitia
1993 1517 2034 1548 de
2045 1516 2120 1548 Deo
2137 1528 2213 1559 pro-

1227 1567 1368 1603 pagetur
1391 1566 1423 1592 et
1448 1559 1653 1597 celebretur,
1685 1559 1760 1590 ideo
1783 1569 1850 1590 non
1873 1560 1956 1590 satis
1981 1565 2032 1591 est
2062 1566 2215 1592 natorum

1229 1614 1373 1645 corpora
1401 1602 1536 1641 fovere,
1570 1603 1631 1633 sed
1662 1602 1759 1633 etiam
1787 1602 1939 1633 addenda
1969 1609 2021 1634 est
2050 1604 2214 1641 doctrina,

1228 1649 1405 1688 praecipue
1429 1647 1547 1677 tradita
1579 1656 1599 1676 a
1628 1645 1721 1683 Deo,
1751 1646 1837 1677 sicut
1866 1644 1919 1675 hic
1949 1647 2052 1687 inquit
2076 1645 2212 1679 Paulus.

1229 1691 1269 1721 Et
1293 1689 1372 1721 alibi
1391 1691 1435 1720 ait.
1457 1689 1638 1730 scriptura:
1663 1688 1805 1719 Narrate
1829 1698 1867 1719 ea
1890 1687 1965 1719 filiis
1989 1690 2123 1720 vestris.
2148 1688 2212 1721 Cu-

1229 1740 1301 1764 rent
1325 1738 1480 1774 parentes
1504 1732 1588 1763 tradi
1613 1730 1724 1762 liberis
1740 1732 1916 1772 praecipue
1941 1732 2125 1764 doctrinam
2137 1742 2212 1764 coe·

1228 1776 1344 1807 lestem
1369 1776 1410 1806 de
1432 1775 1518 1813 Deo,
1543 1776 1584 1806 de
1607 1773 1684 1816 lege
1706 1774 1781 1812 Dei,
1805 1775 1845 1805 de
1868 1774 2054 1816 Evangelio
2085 1786 2126 1806 ac
2157 1776 2213 1806 be-

1228 1819 1355 1850 neficiis
1380 1819 1511 1849 donatis
1530 1819 1643 1860 generi
1666 1817 1810 1849 humano
1834 1824 1972 1859 propter
1995 1816 2111 1849 Filium
2136 1818 2212 1856 Dei,

1229 1863 1337 1894 lesum
1361 1861 1542 1899 Christum,
1565 1864 1776 1893 Servatorem
1807 1867 1972 1898 nostrum,
2003 1861 2044 1891 de
2072 1867 2213 1892 venturo

1228 1906 1361 1943 iudicio,
1386 1906 1426 1936 de
1450 1905 1517 1936 vita
1540 1910 1686 1935 aeterna.
1732 1903 1864 1934 Deinde
1892 1904 1988 1934 etiam
2013 1904 2144 1935 tradant
2155 1902 2214 1935 ali-

1229 1960 1325 1990 quam
1349 1954 1453 1979 artem
1476 1948 1564 1978 vitae
1582 1946 1705 1983 utilem,
1723 1945 1837 1977 literas
1859 1953 1916 1977 aut
1935 1944 2041 1977 aliam.

1315 2034 1409 2065 Sicut
1432 2034 1464 2064 in
1486 2031 1552 2063 alio
1571 2031 1647 2063 loco
1670 2031 1822 2062 homatur
1846 2029 1990 2068 Paulus,
2021 2037 2056 2062 ut
2089 2032 2132 2073 pii
2166 2032 2213 2063 di-

1228 2084 1323 2108 scant
1346 2083 1436 2107 artes
1459 2075 1631 2113 honestas,
1654 2081 1689 2105 ut
1711 2075 1819 2115 possit
1848 2084 1961 2105 eorum
1986 2084 2063 2105 esse
2086 2084 2168 2106 usus
2181 2075 2214 2106 in

1229 2119 1468 2163 gubernatione
1492 2117 1708 2159 Reipublicae
1739 2124 1771 2148 et
1790 2116 1863 2147 aliis
1886 2116 2037 2147 honestis
2069 2118 2212 2159 negotiis

1228 2164 1325 2194 huius
1350 2162 1531 2193 communis
1556 2162 1643 2191 vitae
1665 2161 1708 2190 ad
1721 2159 1828 2191 Titum
1846 2159 1976 2191 ultimo:
2000 2161 2212 2192 Mammam-

1228 2219 1284 2237 σαν
1301 2206 1332 2237 δὲ
1357 2208 1407 2236 καὶ
1428 2208 1455 2235 ot
1479 2204 1615 2245 ἡμέτεροι
1632 2204 1731 2246 scalpit·
1748 2205 1840 2243 ἔργων
1863 2206 2074 2244 προΐστασθαι
2097 2205 2140 2240 εἰς
2162 2203 2213 2240 τᾶς

1229 2250 1390 2288 ιῖιίιγκαιίις
1407 2252 1532 2288 χρὲίας,Δ
1547 2248 1595 2277 iva
1611 2246 1652 2285 μή
1673 2248 1748 2276 eim»
1765 2245 1905 2287 ἄκαρποι.
1954 2245 2096 2278 Discant
2108 2247 2211 2278 nostri

1229 2293 1380 2323 honestis
1404 2289 1524 2322 officiis
1559 2300 1718 2330 praeesse
1738 2290 1778 2325 ad
1803 2291 2018 2320 necessarios
2043 2299 2135 2328 usus,
2170 2299 2212 2321 ne

1230 2337 1294 2366 sint
1318 2333 1471 2370 inutiles,
1493 2334 1526 2364 id
1550 2339 1615 2370 est,
1642 2333 1768 2363 discant
1795 2331 1926 2369 literas,
1961 2331 2131 2373 religionis
2155 2333 2214 2363 do-

1230 2379 1387 2416 ctrinam,
1420 2378 1510 2414 iura,
1542 2376 1751 2413 medicinam,
1785 2382 1841 2406 aut
1873 2374 1954 2406 alias.
1988 2383 2079 2406 artes
2114 2374 2212 2406 laude

1230 2422 1366 2463 dignas,
1398 2425 1577 2451 exerceant
1605 2429 1642 2449 se
1672 2419 1704 2449 in
1729 2417 1859 2456 militia,
1889 2425 1923 2449 ut
1948 2418 2074 2449 servire
2096 2417 2213 2449 Eccle-

1229 2465 1299 2494 siae
1344 2470 1376 2494 et
1420 2461 1635 2503 Reipublicae
1680 2457 1822 2502 possint.
1867 2462 1941 2492 Non
1977 2459 2044 2491 vult
2087 2460 2213 2492 Paulus

1229 2507 1441 2539 Christianos
1467 2516 1505 2536 se
1535 2506 1659 2536 abdere
1688 2505 1721 2534 in
1744 2514 1886 2545 specus,
1922 2511 1954 2535 et
1981 2514 2058 2534 esse
2087 2503 2213 2535 inutilia

1230 2556 1337 2581 terrac
1361 2559 1480 2585 onera,
1514 2554 1548 2578 ut
1573 2545 1728 2579 Monachi
1760 2546 1838 2578 olim
1868 2556 1930 2577 suo
1961 2547 2028 2577 otio
2059 2545 2212 2578 consule-

1230 2594 1309 2624 bant
1332 2598 1363 2624 et
1400 2601 1481 2624 suae
1500 2589 1741 2632 tranquillitati,
1771 2590 1831 2621 sed
1856 2588 1925 2621 vult
1954 2600 2015 2621 nos
2039 2590 2212 2631 suscipere
