<?xml version="1.0" encoding="UTF-8"?>
<!DOCTYPE html PUBLIC "-//W3C//DTD XHTML 1.0 Transitional//EN"
    "http://www.w3.org/TR/xhtml1/DTD/xhtml1-transitional.dtd">
<html xmlns="http://www.w3.org/1999/xhtml" xml:lang="en" lang="en">
 <head>
  <title>
</title>
<meta http-equiv="Content-Type" content="text/html;charset=utf-8" />
  <meta name='ocr-system' content='tesseract 3.04.00' />
  <meta name='ocr-capabilities' content='ocr_page ocr_carea ocr_par ocr_line ocrx_word'/>
</head>
<body>
  <div class='ocr_page' id='page_1' title='image "./operaquaesupersu23melauoft_0260.png"; bbox 0 0 2383 2990; ppageno 0'>
   <div class='ocr_carea' id='block_1_1' title="bbox 154 135 219 168">
    <p class='ocr_par' dir='ltr' id='par_1_1' title="bbox 154 135 219 168">
     <span class='ocr_line' id='line_1_1' title="bbox 154 135 219 168; baseline -0.015 0"><span class='ocrx_word' id='word_1_1' title='bbox 154 135 219 168; x_wconf 81' lang='lat'>387</span> 
     </span>
    </p>
   </div>
   <div class='ocr_carea' id='block_1_2' title="bbox 130 228 1145 929">
    <p class='ocr_par' dir='ltr' id='par_1_2' title="bbox 130 228 1145 929">
     <span class='ocr_line' id='line_1_2' title="bbox 154 228 1144 272; baseline -0.002 -9"><span class='ocrx_word' id='word_1_2' title='bbox 154 237 249 264; x_wconf 84' lang='lat' dir='ltr'>stans</span> <span class='ocrx_word' id='word_1_3' title='bbox 290 230 400 262; x_wconf 83' lang='lat' dir='ltr'>onmia</span> <span class='ocrx_word' id='word_1_4' title='bbox 441 231 546 262; x_wconf 77' lang='lat' dir='ltr'>verbo</span> <span class='ocrx_word' id='word_1_5' title='bbox 587 230 756 272; x_wconf 85' lang='lat' dir='ltr'>potentiae</span> <span class='ocrx_word' id='word_1_6' title='bbox 790 240 884 262; x_wconf 84' lang='lat' dir='ltr'>suae.</span> <span class='ocrx_word' id='word_1_7' title='bbox 948 228 1083 262; x_wconf 84' lang='lat' dir='ltr'>coloss.</span> <span class='ocrx_word' id='word_1_8' title='bbox 1115 231 1144 261; x_wconf 90' lang='lat'>1.</span> 
     </span>
     <span class='ocr_line' id='line_1_3' title="bbox 155 272 1144 316; baseline -0.001 -10"><span class='ocrx_word' id='word_1_9' title='bbox 155 275 275 307; x_wconf 89' lang='lat' dir='ltr'>Omnia</span> <span class='ocrx_word' id='word_1_10' title='bbox 308 285 367 315; x_wconf 90' lang='lat' dir='ltr'>per</span> <span class='ocrx_word' id='word_1_11' title='bbox 400 275 507 316; x_wconf 91' lang='lat' dir='ltr'>ipsum</span> <span class='ocrx_word' id='word_1_12' title='bbox 542 275 740 305; x_wconf 86' lang='lat' dir='ltr'>consistunt.</span> <span class='ocrx_word' id='word_1_13' title='bbox 788 274 815 305; x_wconf 90' lang='lat' dir='ltr'>l.</span> <span class='ocrx_word' id='word_1_14' title='bbox 848 272 990 305; x_wconf 85' lang='lat' dir='ltr'>Timoth.</span> <span class='ocrx_word' id='word_1_15' title='bbox 1015 274 1045 305; x_wconf 89' lang='grc'>6.</span> <span class='ocrx_word' id='word_1_16' title='bbox 1091 273 1144 305; x_wconf 91' lang='lat' dir='ltr'>De</span> 
     </span>
     <span class='ocr_line' id='line_1_4' title="bbox 153 316 1144 359; baseline -0.002 -8"><span class='ocrx_word' id='word_1_17' title='bbox 153 319 228 351; x_wconf 92' lang='lat' dir='ltr'>Deo</span> <span class='ocrx_word' id='word_1_18' title='bbox 253 318 383 356; x_wconf 85' lang='lat' dir='ltr'>dicitur,</span> <span class='ocrx_word' id='word_1_19' title='bbox 408 319 461 359; x_wconf 90' lang='lat' dir='ltr'>qui</span> <span class='ocrx_word' id='word_1_20' title='bbox 486 317 631 348; x_wconf 76' lang='lat' dir='ltr'>vivificat</span> <span class='ocrx_word' id='word_1_21' title='bbox 658 317 778 349; x_wconf 90' lang='lat' dir='ltr'>onmia.</span> <span class='ocrx_word' id='word_1_22' title='bbox 830 317 921 349; x_wconf 83' lang='lat' dir='ltr'><strong>Hier.</strong></span> <span class='ocrx_word' id='word_1_23' title='bbox 957 317 1010 349; x_wconf 76' lang='lat'>23.</span> <span class='ocrx_word' id='word_1_24' title='bbox 1059 316 1144 349; x_wconf 91' lang='lat' dir='ltr'>Coe-</span> 
     </span>
     <span class='ocr_line' id='line_1_5' title="bbox 152 359 1144 403; baseline -0.002 -9"><span class='ocrx_word' id='word_1_25' title='bbox 152 361 220 394; x_wconf 91' lang='lat' dir='ltr'>lum</span> <span class='ocrx_word' id='word_1_26' title='bbox 245 368 275 393; x_wconf 92' lang='lat' dir='ltr'>et</span> <span class='ocrx_word' id='word_1_27' title='bbox 294 368 416 393; x_wconf 84' lang='lat' dir='ltr'>terram</span> <span class='ocrx_word' id='word_1_28' title='bbox 440 372 503 403; x_wconf 78' lang='lat' dir='ltr'>ego</span> <span class='ocrx_word' id='word_1_29' title='bbox 527 359 656 401; x_wconf 80' lang='lat' dir='ltr'>impleo.</span> <span class='ocrx_word' id='word_1_30' title='bbox 698 361 791 393; x_wconf 86' lang='lat' dir='ltr'>Haec</span> <span class='ocrx_word' id='word_1_31' title='bbox 810 371 921 393; x_wconf 85' lang='lat' dir='ltr'>rerum</span> <span class='ocrx_word' id='word_1_32' title='bbox 945 362 1144 392; x_wconf 78' lang='lat' dir='ltr'>sustentatio</span> 
     </span>
     <span class='ocr_line' id='line_1_6' title="bbox 153 404 1143 447; baseline -0.002 -9"><span class='ocrx_word' id='word_1_33' title='bbox 153 412 187 438; x_wconf 87' lang='lat' dir='ltr'>et</span> <span class='ocrx_word' id='word_1_34' title='bbox 221 405 447 442; x_wconf 78' lang='lat' dir='ltr'>conservatio,</span> <span class='ocrx_word' id='word_1_35' title='bbox 485 415 550 446; x_wconf 85' lang='lat' dir='ltr'>qua</span> <span class='ocrx_word' id='word_1_36' title='bbox 583 404 678 436; x_wconf 91' lang='lat' dir='ltr'>Deus</span> <span class='ocrx_word' id='word_1_37' title='bbox 707 406 803 436; x_wconf 89' lang='lat' dir='ltr'>adest</span> <span class='ocrx_word' id='word_1_38' title='bbox 834 406 893 436; x_wconf 89' lang='lat' dir='ltr'>toti</span> <span class='ocrx_word' id='word_1_39' title='bbox 917 405 1048 447; x_wconf 89' lang='lat' dir='ltr'>opificio</span> <span class='ocrx_word' id='word_1_40' title='bbox 1069 415 1143 443; x_wconf 90' lang='lat' dir='ltr'>suo,</span> 
     </span>
     <span class='ocr_line' id='line_1_7' title="bbox 154 447 1145 487; baseline -0.002 -6"><span class='ocrx_word' id='word_1_41' title='bbox 154 455 186 481; x_wconf 89' lang='lat' dir='ltr'>et</span> <span class='ocrx_word' id='word_1_42' title='bbox 210 459 319 480; x_wconf 88' lang='lat' dir='ltr'>rerum</span> <span class='ocrx_word' id='word_1_43' title='bbox 344 449 549 479; x_wconf 75' lang='lat' dir='ltr'>substantias</span> <span class='ocrx_word' id='word_1_44' title='bbox 574 455 700 487; x_wconf 69' lang='lat' dir='ltr'>servat,</span> <span class='ocrx_word' id='word_1_45' title='bbox 732 454 900 480; x_wconf 86' lang='lat' dir='ltr'>sustentat</span> <span class='ocrx_word' id='word_1_46' title='bbox 933 447 1074 487; x_wconf 85' lang='lat' dir='ltr'>coelum,</span> <span class='ocrx_word' id='word_1_47' title='bbox 1111 454 1145 479; x_wconf 89' lang='lat' dir='ltr'>et</span> 
     </span>
     <span class='ocr_line' id='line_1_8' title="bbox 152 490 1144 534; baseline -0.003 -10"><span class='ocrx_word' id='word_1_48' title='bbox 152 499 262 524; x_wconf 89' lang='lat' dir='ltr'>motus</span> <span class='ocrx_word' id='word_1_49' title='bbox 287 490 464 530; x_wconf 84' lang='lat' dir='ltr'>coelestes,</span> <span class='ocrx_word' id='word_1_50' title='bbox 488 491 666 523; x_wconf 86' lang='lat' dir='ltr'>foecundat</span> <span class='ocrx_word' id='word_1_51' title='bbox 692 498 828 531; x_wconf 87' lang='lat' dir='ltr'>terram,</span> <span class='ocrx_word' id='word_1_52' title='bbox 852 499 1009 534; x_wconf 78' lang='lat' dir='ltr'>procreat</span> <span class='ocrx_word' id='word_1_53' title='bbox 1028 491 1144 534; x_wconf 78' lang='lat' dir='ltr'>fruges</span> 
     </span>
     <span class='ocr_line' id='line_1_9' title="bbox 152 536 1144 574; baseline -0.001 -7"><span class='ocrx_word' id='word_1_54' title='bbox 152 537 185 567; x_wconf 91' lang='lat' dir='ltr'>in</span> <span class='ocrx_word' id='word_1_55' title='bbox 209 542 311 573; x_wconf 87' lang='lat' dir='ltr'>terra,</span> <span class='ocrx_word' id='word_1_56' title='bbox 337 540 430 566; x_wconf 89' lang='lat' dir='ltr'>creat</span> <span class='ocrx_word' id='word_1_57' title='bbox 453 536 553 567; x_wconf 82' lang='lat' dir='ltr'>vitam</span> <span class='ocrx_word' id='word_1_58' title='bbox 577 536 609 566; x_wconf 90' lang='grc'>111</span> <span class='ocrx_word' id='word_1_59' title='bbox 635 536 836 574; x_wconf 80' lang='lat' dir='ltr'>viventibuS,</span> <span class='ocrx_word' id='word_1_60' title='bbox 867 537 1054 567; x_wconf 90' lang='lat' dir='ltr'>nominatur</span> <span class='ocrx_word' id='word_1_61' title='bbox 1078 536 1144 566; x_wconf 91' lang='lat' dir='ltr'>usi-</span> 
     </span>
     <span class='ocr_line' id='line_1_10' title="bbox 151 577 1145 621; baseline -0.001 -11"><span class='ocrx_word' id='word_1_62' title='bbox 151 585 219 610; x_wconf 87' lang='lat' dir='ltr'>tata</span> <span class='ocrx_word' id='word_1_63' title='bbox 237 577 460 620; x_wconf 73' lang='lat' dir='ltr'>appellatione</span> <span class='ocrx_word' id='word_1_64' title='bbox 484 580 570 610; x_wconf 91' lang='lat' dir='ltr'>actio</span> <span class='ocrx_word' id='word_1_65' title='bbox 594 578 658 610; x_wconf 87' lang='lat' dir='ltr'>Dei</span> <span class='ocrx_word' id='word_1_66' title='bbox 682 578 850 621; x_wconf 86' lang='lat' dir='ltr'>generalis</span> <span class='ocrx_word' id='word_1_67' title='bbox 871 590 932 610; x_wconf 84' lang='lat' dir='ltr'>seu</span> <span class='ocrx_word' id='word_1_68' title='bbox 955 579 1145 620; x_wconf 85' lang='lat' dir='ltr'>praesentia</span> 
     </span>
     <span class='ocr_line' id='line_1_11' title="bbox 151 621 1144 664; baseline -0.003 -9"><span class='ocrx_word' id='word_1_69' title='bbox 151 621 364 655; x_wconf 85' lang='lat' dir='ltr'>universalis.</span> <span class='ocrx_word' id='word_1_70' title='bbox 431 621 508 653; x_wconf 89' lang='lat' dir='ltr'>Alia</span> <span class='ocrx_word' id='word_1_71' title='bbox 531 623 719 654; x_wconf 88' lang='lat' dir='ltr'>nominatur</span> <span class='ocrx_word' id='word_1_72' title='bbox 749 623 837 654; x_wconf 87' lang='lat' dir='ltr'>actio</span> <span class='ocrx_word' id='word_1_73' title='bbox 868 621 1035 664; x_wconf 73' lang='lat' dir='ltr'>specialiS,</span> <span class='ocrx_word' id='word_1_74' title='bbox 1059 632 1144 664; x_wconf 88' lang='lat' dir='ltr'>quae</span> 
     </span>
     <span class='ocr_line' id='line_1_12' title="bbox 151 665 1145 707; baseline 0 -11"><span class='ocrx_word' id='word_1_75' title='bbox 151 672 205 697; x_wconf 88' lang='lat' dir='ltr'>est</span> <span class='ocrx_word' id='word_1_76' title='bbox 240 666 476 701; x_wconf 82' lang='lat' dir='ltr'>sanctificatio,</span> <span class='ocrx_word' id='word_1_77' title='bbox 508 676 574 707; x_wconf 89' lang='lat' dir='ltr'>qua</span> <span class='ocrx_word' id='word_1_78' title='bbox 608 666 641 697; x_wconf 93' lang='lat' dir='ltr'>in</span> <span class='ocrx_word' id='word_1_79' title='bbox 675 665 829 698; x_wconf 76' lang='lat' dir='ltr'>Ecclesia</span> <span class='ocrx_word' id='word_1_80' title='bbox 854 677 913 707; x_wconf 90' lang='lat' dir='ltr'>per</span> <span class='ocrx_word' id='word_1_81' title='bbox 938 665 1088 697; x_wconf 79' lang='lat' dir='ltr'>Verbum</span> <span class='ocrx_word' id='word_1_82' title='bbox 1113 670 1145 696; x_wconf 87' lang='lat' dir='ltr'>et</span> 
     </span>
     <span class='ocr_line' id='line_1_13' title="bbox 130 710 1144 751; baseline -0.002 -10"><span class='ocrx_word' id='word_1_83' title='bbox 130 710 306 751; x_wconf 51' lang='lat' dir='ltr'>,Spiritum</span> <span class='ocrx_word' id='word_1_84' title='bbox 329 715 481 740; x_wconf 84' lang='lat' dir='ltr'>sanctum</span> <span class='ocrx_word' id='word_1_85' title='bbox 506 710 630 740; x_wconf 86' lang='lat' dir='ltr'>iustitia</span> <span class='ocrx_word' id='word_1_86' title='bbox 653 716 684 740; x_wconf 92' lang='lat' dir='ltr'>et</span> <span class='ocrx_word' id='word_1_87' title='bbox 709 711 777 741; x_wconf 84' lang='lat' dir='ltr'>vita</span> <span class='ocrx_word' id='word_1_88' title='bbox 801 716 937 740; x_wconf 86' lang='lat' dir='ltr'>aeterna</span> <span class='ocrx_word' id='word_1_89' title='bbox 967 710 1144 740; x_wconf 89' lang='lat' dir='ltr'>restituun-</span> 
     </span>
     <span class='ocr_line' id='line_1_14' title="bbox 151 751 1145 794; baseline -0.002 -10"><span class='ocrx_word' id='word_1_90' title='bbox 151 759 216 791; x_wconf 90' lang='lat' dir='ltr'>tur,</span> <span class='ocrx_word' id='word_1_91' title='bbox 241 758 273 784; x_wconf 93' lang='lat' dir='ltr'>et</span> <span class='ocrx_word' id='word_1_92' title='bbox 298 751 397 784; x_wconf 91' lang='lat' dir='ltr'>simul</span> <span class='ocrx_word' id='word_1_93' title='bbox 410 753 606 794; x_wconf 77' lang='lat' dir='ltr'>agnoscitur</span> <span class='ocrx_word' id='word_1_94' title='bbox 626 759 657 784; x_wconf 91' lang='lat' dir='ltr'>et</span> <span class='ocrx_word' id='word_1_95' title='bbox 680 754 857 784; x_wconf 86' lang='lat' dir='ltr'>invocatur</span> <span class='ocrx_word' id='word_1_96' title='bbox 875 752 982 790; x_wconf 77' lang='lat' dir='ltr'>Deus,</span> <span class='ocrx_word' id='word_1_97' title='bbox 1007 759 1038 783; x_wconf 89' lang='lat' dir='ltr'>et</span> <span class='ocrx_word' id='word_1_98' title='bbox 1062 752 1145 783; x_wconf 90' lang='lat' dir='ltr'>fiunt</span> 
     </span>
     <span class='ocr_line' id='line_1_15' title="bbox 151 795 1144 837; baseline -0.002 -9"><span class='ocrx_word' id='word_1_99' title='bbox 151 795 216 828; x_wconf 89' lang='lat' dir='ltr'>alia</span> <span class='ocrx_word' id='word_1_100' title='bbox 239 797 507 828; x_wconf 80' lang='lat' dir='ltr'>extraordinaria</span> <span class='ocrx_word' id='word_1_101' title='bbox 531 807 633 837; x_wconf 87' lang='lat' dir='ltr'>opera</span> <span class='ocrx_word' id='word_1_102' title='bbox 656 797 689 828; x_wconf 93' lang='lat' dir='ltr'>in</span> <span class='ocrx_word' id='word_1_103' title='bbox 712 796 879 834; x_wconf 76' lang='lat' dir='ltr'>Ecclesia,</span> <span class='ocrx_word' id='word_1_104' title='bbox 904 802 940 827; x_wconf 92' lang='lat' dir='ltr'>ut</span> <span class='ocrx_word' id='word_1_105' title='bbox 965 806 1144 826; x_wconf 88' lang='lat' dir='ltr'>conserva-</span> 
     </span>
     <span class='ocr_line' id='line_1_16' title="bbox 150 837 1144 882; baseline -0.001 -11"><span class='ocrx_word' id='word_1_106' title='bbox 150 841 196 872; x_wconf 86' lang='lat' dir='ltr'>tio</span> <span class='ocrx_word' id='word_1_107' title='bbox 220 841 253 871; x_wconf 92' lang='lat' dir='ltr'>in</span> <span class='ocrx_word' id='word_1_108' title='bbox 277 838 415 871; x_wconf 88' lang='lat' dir='ltr'>fornace</span> <span class='ocrx_word' id='word_1_109' title='bbox 438 839 659 882; x_wconf 82' lang='lat' dir='ltr'>Babylonica,</span> <span class='ocrx_word' id='word_1_110' title='bbox 694 851 734 871; x_wconf 87' lang='lat' dir='ltr'>ac</span> <span class='ocrx_word' id='word_1_111' title='bbox 769 846 860 871; x_wconf 90' lang='lat' dir='ltr'>certo</span> <span class='ocrx_word' id='word_1_112' title='bbox 886 837 1026 870; x_wconf 80' lang='lat' dir='ltr'>consilio</span> <span class='ocrx_word' id='word_1_113' title='bbox 1051 838 1144 870; x_wconf 87' lang='lat' dir='ltr'>Deus</span> 
     </span>
     <span class='ocr_line' id='line_1_17' title="bbox 150 881 974 929; baseline -0.002 -14"><span class='ocrx_word' id='word_1_114' title='bbox 150 889 184 915; x_wconf 91' lang='lat' dir='ltr'>et</span> <span class='ocrx_word' id='word_1_115' title='bbox 208 883 376 929; x_wconf 82' lang='lat' dir='ltr'>ordinaria</span> <span class='ocrx_word' id='word_1_116' title='bbox 400 893 514 924; x_wconf 88' lang='lat' dir='ltr'>opera,</span> <span class='ocrx_word' id='word_1_117' title='bbox 538 890 571 914; x_wconf 91' lang='lat' dir='ltr'>et</span> <span class='ocrx_word' id='word_1_118' title='bbox 595 883 861 915; x_wconf 85' lang='lat' dir='ltr'>extraordinaria</span> <span class='ocrx_word' id='word_1_119' title='bbox 884 881 974 914; x_wconf 85' lang='lat' dir='ltr'>facit.</span> 
     </span>
    </p>
   </div>
   <div class='ocr_carea' id='block_1_3' title="bbox 151 969 1145 1089">
    <p class='ocr_par' dir='ltr' id='par_1_3' title="bbox 151 969 1145 1089">
     <span class='ocr_line' id='line_1_18' title="bbox 240 969 1145 1001; baseline -0.001 0"><span class='ocrx_word' id='word_1_120' title='bbox 240 970 418 1001; x_wconf 86' lang='lat' dir='ltr'>Ordinaria</span> <span class='ocrx_word' id='word_1_121' title='bbox 453 971 632 1001; x_wconf 87' lang='lat' dir='ltr'>ostendunt</span> <span class='ocrx_word' id='word_1_122' title='bbox 666 969 754 1001; x_wconf 87' lang='lat' dir='ltr'>hanc</span> <span class='ocrx_word' id='word_1_123' title='bbox 787 976 942 1001; x_wconf 87' lang='lat' dir='ltr'>naturam</span> <span class='ocrx_word' id='word_1_124' title='bbox 971 979 1039 1000; x_wconf 90' lang='lat' dir='ltr'>non</span> <span class='ocrx_word' id='word_1_125' title='bbox 1063 979 1145 1001; x_wconf 89' lang='lat' dir='ltr'>casu</span> 
     </span>
     <span class='ocr_line' id='line_1_19' title="bbox 151 1013 1145 1055; baseline -0.002 -9"><span class='ocrx_word' id='word_1_126' title='bbox 151 1013 369 1051; x_wconf 67' lang='lat' dir='ltr'>confluxisse,</span> <span class='ocrx_word' id='word_1_127' title='bbox 404 1014 464 1045; x_wconf 90' lang='lat' dir='ltr'>sed</span> <span class='ocrx_word' id='word_1_128' title='bbox 509 1014 694 1055; x_wconf 84' lang='lat' dir='ltr'>sapientem</span> <span class='ocrx_word' id='word_1_129' title='bbox 729 1013 954 1052; x_wconf 89' lang='lat' dir='ltr'>conditorem,</span> <span class='ocrx_word' id='word_1_130' title='bbox 996 1019 1145 1049; x_wconf 86' lang='lat' dir='ltr'>autorem</span> 
     </span>
     <span class='ocr_line' id='line_1_20' title="bbox 152 1058 390 1089; baseline -0.008 0"><span class='ocrx_word' id='word_1_131' title='bbox 152 1068 229 1089; x_wconf 90' lang='lat' dir='ltr'>esse</span> <span class='ocrx_word' id='word_1_132' title='bbox 254 1058 390 1089; x_wconf 84' lang='lat' dir='ltr'>ordinis.</span> 
     </span>
    </p>
   </div>
   <div class='ocr_carea' id='block_1_4' title="bbox 149 1133 1145 1396">
    <p class='ocr_par' dir='ltr' id='par_1_4' title="bbox 149 1133 1145 1396">
     <span class='ocr_line' id='line_1_21' title="bbox 237 1133 1145 1166; baseline 0 -1"><span class='ocrx_word' id='word_1_133' title='bbox 237 1135 512 1166; x_wconf 81' lang='lat' dir='ltr'>Extraordinaria</span> <span class='ocrx_word' id='word_1_134' title='bbox 536 1135 717 1166; x_wconf 87' lang='lat' dir='ltr'>ostendunt</span> <span class='ocrx_word' id='word_1_135' title='bbox 739 1133 828 1166; x_wconf 89' lang='lat' dir='ltr'>hunc</span> <span class='ocrx_word' id='word_1_136' title='bbox 842 1134 1047 1166; x_wconf 87' lang='lat' dir='ltr'>conditorem</span> <span class='ocrx_word' id='word_1_137' title='bbox 1067 1144 1145 1166; x_wconf 90' lang='lat' dir='ltr'>esse</span> 
     </span>
     <span class='ocr_line' id='line_1_22' title="bbox 151 1177 1144 1217; baseline -0.002 -6"><span class='ocrx_word' id='word_1_138' title='bbox 151 1180 332 1211; x_wconf 76' lang='lat' dir='ltr'>essentiam</span> <span class='ocrx_word' id='word_1_139' title='bbox 367 1178 558 1209; x_wconf 80' lang='lat' dir='ltr'>distinctam</span> <span class='ocrx_word' id='word_1_140' title='bbox 591 1189 610 1209; x_wconf 88' lang='lat' dir='ltr'>a</span> <span class='ocrx_word' id='word_1_141' title='bbox 645 1179 787 1217; x_wconf 90' lang='lat' dir='ltr'>mundo,</span> <span class='ocrx_word' id='word_1_142' title='bbox 825 1184 855 1209; x_wconf 91' lang='lat' dir='ltr'>et</span> <span class='ocrx_word' id='word_1_143' title='bbox 892 1188 968 1209; x_wconf 90' lang='lat' dir='ltr'>esse</span> <span class='ocrx_word' id='word_1_144' title='bbox 1002 1177 1144 1210; x_wconf 87' lang='lat' dir='ltr'>liberum</span> 
     </span>
     <span class='ocr_line' id='line_1_23' title="bbox 149 1221 1145 1265; baseline -0.001 -11"><span class='ocrx_word' id='word_1_145' title='bbox 149 1233 267 1265; x_wconf 83' lang='lat' dir='ltr'>agens,</span> <span class='ocrx_word' id='word_1_146' title='bbox 300 1228 332 1253; x_wconf 90' lang='lat' dir='ltr'>et</span> <span class='ocrx_word' id='word_1_147' title='bbox 364 1232 468 1263; x_wconf 86' lang='lat' dir='ltr'>posse</span> <span class='ocrx_word' id='word_1_148' title='bbox 502 1221 599 1253; x_wconf 87' lang='lat' dir='ltr'>aliter</span> <span class='ocrx_word' id='word_1_149' title='bbox 622 1232 742 1264; x_wconf 87' lang='lat' dir='ltr'>agere,</span> <span class='ocrx_word' id='word_1_150' title='bbox 776 1233 875 1264; x_wconf 88' lang='lat' dir='ltr'>quam</span> <span class='ocrx_word' id='word_1_151' title='bbox 908 1222 995 1253; x_wconf 89' lang='lat' dir='ltr'>cient</span> <span class='ocrx_word' id='word_1_152' title='bbox 1020 1231 1145 1253; x_wconf 87' lang='lat' dir='ltr'>causae</span> 
     </span>
     <span class='ocr_line' id='line_1_24' title="bbox 149 1263 1144 1303; baseline -0.001 -6"><span class='ocrx_word' id='word_1_153' title='bbox 149 1266 331 1303; x_wconf 84' lang='lat' dir='ltr'>secundae,</span> <span class='ocrx_word' id='word_1_154' title='bbox 356 1272 387 1296; x_wconf 90' lang='lat' dir='ltr'>et</span> <span class='ocrx_word' id='word_1_155' title='bbox 410 1263 512 1296; x_wconf 89' lang='lat' dir='ltr'>multa</span> <span class='ocrx_word' id='word_1_156' title='bbox 541 1266 707 1297; x_wconf 88' lang='lat' dir='ltr'>moderari</span> <span class='ocrx_word' id='word_1_157' title='bbox 730 1266 762 1297; x_wconf 87' lang='lat' dir='ltr'>in</span> <span class='ocrx_word' id='word_1_158' title='bbox 787 1271 906 1297; x_wconf 88' lang='lat' dir='ltr'>natura</span> <span class='ocrx_word' id='word_1_159' title='bbox 930 1276 992 1297; x_wconf 89' lang='lat' dir='ltr'>suo</span> <span class='ocrx_word' id='word_1_160' title='bbox 1016 1263 1144 1297; x_wconf 88' lang='lat' dir='ltr'>liberri-</span> 
     </span>
     <span class='ocr_line' id='line_1_25' title="bbox 149 1308 1145 1352; baseline -0.001 -11"><span class='ocrx_word' id='word_1_161' title='bbox 149 1320 204 1341; x_wconf 93' lang='lat' dir='ltr'>mo</span> <span class='ocrx_word' id='word_1_162' title='bbox 228 1308 382 1348; x_wconf 78' lang='lat' dir='ltr'>consilio,</span> <span class='ocrx_word' id='word_1_163' title='bbox 402 1310 650 1340; x_wconf 77' lang='lat' dir='ltr'>observandum</span> <span class='ocrx_word' id='word_1_164' title='bbox 675 1315 727 1340; x_wconf 91' lang='lat' dir='ltr'>est</span> <span class='ocrx_word' id='word_1_165' title='bbox 749 1310 849 1352; x_wconf 82' lang='lat' dir='ltr'>igitur</span> <span class='ocrx_word' id='word_1_166' title='bbox 872 1319 959 1351; x_wconf 90' lang='lat' dir='ltr'>quae</span> <span class='ocrx_word' id='word_1_167' title='bbox 984 1309 1073 1341; x_wconf 89' lang='lat' dir='ltr'>dicta</span> <span class='ocrx_word' id='word_1_168' title='bbox 1095 1308 1145 1340; x_wconf 91' lang='lat' dir='ltr'>lo-</span> 
     </span>
     <span class='ocr_line' id='line_1_26' title="bbox 150 1351 1143 1396; baseline -0.002 -11"><span class='ocrx_word' id='word_1_169' title='bbox 150 1358 294 1396; x_wconf 84' lang='lat' dir='ltr'>quantur</span> <span class='ocrx_word' id='word_1_170' title='bbox 317 1354 358 1384; x_wconf 89' lang='lat' dir='ltr'>de</span> <span class='ocrx_word' id='word_1_171' title='bbox 380 1351 563 1384; x_wconf 82' lang='lat' dir='ltr'>universali</span> <span class='ocrx_word' id='word_1_172' title='bbox 586 1353 788 1395; x_wconf 86' lang='lat' dir='ltr'>praesentia,</span> <span class='ocrx_word' id='word_1_173' title='bbox 812 1363 898 1395; x_wconf 87' lang='lat' dir='ltr'>quae</span> <span class='ocrx_word' id='word_1_174' title='bbox 928 1353 968 1384; x_wconf 90' lang='lat' dir='ltr'>de</span> <span class='ocrx_word' id='word_1_175' title='bbox 992 1351 1143 1394; x_wconf 89' lang='lat' dir='ltr'>speciali.</span> 
     </span>
    </p>
   </div>
   <div class='ocr_carea' id='block_1_5' title="bbox 526 1516 771 1550">
    <p class='ocr_par' dir='ltr' id='par_1_5' title="bbox 526 1516 771 1550">
     <span class='ocr_line' id='line_1_27' title="bbox 526 1516 771 1550; baseline 0 -1"><span class='ocrx_word' id='word_1_176' title='bbox 526 1516 590 1549; x_wconf 92' lang='lat' dir='ltr'>DE</span> <span class='ocrx_word' id='word_1_177' title='bbox 614 1516 771 1550; x_wconf 82' lang='lat' dir='ltr'>SEXTO.</span> 
     </span>
    </p>
   </div>
   <div class='ocr_carea' id='block_1_6' title="bbox 326 1625 970 1667">
    <p class='ocr_par' dir='ltr' id='par_1_6' title="bbox 326 1625 970 1667">
     <span class='ocr_line' id='line_1_28' title="bbox 326 1625 970 1667; baseline -0.003 0"><span class='ocrx_word' id='word_1_178' title='bbox 326 1625 398 1667; x_wconf 93' lang='lat' dir='ltr'>An</span> <span class='ocrx_word' id='word_1_179' title='bbox 431 1625 568 1666; x_wconf 84' lang='lat' dir='ltr'>omnia</span> <span class='ocrx_word' id='word_1_180' title='bbox 598 1626 701 1666; x_wconf 78' lang='lat' dir='ltr'>fiant</span> <span class='ocrx_word' id='word_1_181' title='bbox 732 1625 970 1666; x_wconf 79' lang='lat' dir='ltr'>necessario.</span> 
     </span>
    </p>
   </div>
   <div class='ocr_carea' id='block_1_7' title="bbox 152 1734 1147 1942">
    <p class='ocr_par' dir='ltr' id='par_1_7' title="bbox 152 1734 1147 1942">
     <span class='ocr_line' id='line_1_29' title="bbox 241 1734 1146 1773; baseline -0.001 -6"><span class='ocrx_word' id='word_1_182' title='bbox 241 1734 324 1767; x_wconf 91' lang='lat' dir='ltr'>Cum</span> <span class='ocrx_word' id='word_1_183' title='bbox 346 1735 441 1767; x_wconf 88' lang='lat' dir='ltr'>Deus</span> <span class='ocrx_word' id='word_1_184' title='bbox 466 1741 631 1768; x_wconf 84' lang='lat' dir='ltr'>sustentet</span> <span class='ocrx_word' id='word_1_185' title='bbox 644 1741 747 1767; x_wconf 87' lang='lat' dir='ltr'>totam</span> <span class='ocrx_word' id='word_1_186' title='bbox 766 1741 916 1767; x_wconf 88' lang='lat' dir='ltr'>naturam</span> <span class='ocrx_word' id='word_1_187' title='bbox 936 1745 1059 1773; x_wconf 89' lang='lat' dir='ltr'>rerum,</span> <span class='ocrx_word' id='word_1_188' title='bbox 1083 1735 1146 1766; x_wconf 90' lang='lat' dir='ltr'>ori-</span> 
     </span>
     <span class='ocr_line' id='line_1_30' title="bbox 152 1780 1147 1822; baseline -0.001 -11"><span class='ocrx_word' id='word_1_189' title='bbox 152 1785 253 1812; x_wconf 88' lang='lat' dir='ltr'>untur</span> <span class='ocrx_word' id='word_1_190' title='bbox 277 1780 492 1821; x_wconf 81' lang='lat' dir='ltr'>quaestiones</span> <span class='ocrx_word' id='word_1_191' title='bbox 505 1780 672 1822; x_wconf 89' lang='lat' dir='ltr'>quomodo</span> <span class='ocrx_word' id='word_1_192' title='bbox 692 1786 932 1818; x_wconf 84' lang='lat' dir='ltr'>sustententur,</span> <span class='ocrx_word' id='word_1_193' title='bbox 957 1789 1000 1810; x_wconf 90' lang='lat' dir='ltr'>an</span> <span class='ocrx_word' id='word_1_194' title='bbox 1019 1780 1067 1810; x_wconf 85' lang='lat' dir='ltr'>sit</span> <span class='ocrx_word' id='word_1_195' title='bbox 1092 1789 1147 1810; x_wconf 88' lang='lat' dir='ltr'>ne-</span> 
     </span>
     <span class='ocr_line' id='line_1_31' title="bbox 153 1822 1147 1861; baseline -0.001 -7"><span class='ocrx_word' id='word_1_196' title='bbox 153 1833 252 1854; x_wconf 88' lang='lat' dir='ltr'>cesse</span> <span class='ocrx_word' id='word_1_197' title='bbox 287 1824 396 1855; x_wconf 86' lang='lat' dir='ltr'>onmia</span> <span class='ocrx_word' id='word_1_198' title='bbox 424 1822 503 1855; x_wconf 88' lang='lat' dir='ltr'>ferri</span> <span class='ocrx_word' id='word_1_199' title='bbox 528 1829 560 1854; x_wconf 89' lang='lat' dir='ltr'>et</span> <span class='ocrx_word' id='word_1_200' title='bbox 584 1823 667 1861; x_wconf 91' lang='lat' dir='ltr'>fieri,</span> <span class='ocrx_word' id='word_1_201' title='bbox 701 1823 788 1855; x_wconf 90' lang='lat' dir='ltr'>sicut</span> <span class='ocrx_word' id='word_1_202' title='bbox 810 1822 962 1855; x_wconf 84' lang='lat' dir='ltr'>feruntur</span> <span class='ocrx_word' id='word_1_203' title='bbox 991 1828 1023 1853; x_wconf 88' lang='lat' dir='ltr'>et</span> <span class='ocrx_word' id='word_1_204' title='bbox 1053 1822 1147 1854; x_wconf 89' lang='lat' dir='ltr'>fiunt.</span> 
     </span>
     <span class='ocr_line' id='line_1_32' title="bbox 152 1866 1147 1909; baseline -0.001 -11"><span class='ocrx_word' id='word_1_205' title='bbox 152 1867 246 1906; x_wconf 84' lang='lat' dir='ltr'>Item,</span> <span class='ocrx_word' id='word_1_206' title='bbox 282 1878 368 1909; x_wconf 84' lang='lat' dir='ltr'>quae</span> <span class='ocrx_word' id='word_1_207' title='bbox 402 1868 445 1898; x_wconf 83' lang='lat' dir='ltr'>sit</span> <span class='ocrx_word' id='word_1_208' title='bbox 475 1877 579 1899; x_wconf 85' lang='lat' dir='ltr'>causa</span> <span class='ocrx_word' id='word_1_209' title='bbox 602 1868 749 1908; x_wconf 88' lang='lat' dir='ltr'>peccati,</span> <span class='ocrx_word' id='word_1_210' title='bbox 785 1867 813 1898; x_wconf 90' lang='lat' dir='ltr'>si</span> <span class='ocrx_word' id='word_1_211' title='bbox 836 1866 932 1898; x_wconf 90' lang='lat' dir='ltr'>Deus</span> <span class='ocrx_word' id='word_1_212' title='bbox 957 1867 1028 1908; x_wconf 87' lang='lat' dir='ltr'>ipse</span> <span class='ocrx_word' id='word_1_213' title='bbox 1052 1867 1147 1898; x_wconf 89' lang='lat' dir='ltr'>adest</span> 
     </span>
     <span class='ocr_line' id='line_1_33' title="bbox 152 1917 303 1942; baseline 0 0"><span class='ocrx_word' id='word_1_214' title='bbox 152 1917 303 1942; x_wconf 86' lang='lat' dir='ltr'>naturae.</span> 
     </span>
    </p>
   </div>
   <div class='ocr_carea' id='block_1_8' title="bbox 152 1988 1149 2468">
    <p class='ocr_par' dir='ltr' id='par_1_8' title="bbox 152 1988 1149 2468">
     <span class='ocr_line' id='line_1_34' title="bbox 239 1988 1148 2030; baseline -0.001 -10"><span class='ocrx_word' id='word_1_215' title='bbox 239 1988 315 2020; x_wconf 79' lang='lat' dir='ltr'>Etsi</span> <span class='ocrx_word' id='word_1_216' title='bbox 347 1995 457 2021; x_wconf 87' lang='lat' dir='ltr'>autem</span> <span class='ocrx_word' id='word_1_217' title='bbox 491 1991 612 2021; x_wconf 85' lang='lat' dir='ltr'>multae</span> <span class='ocrx_word' id='word_1_218' title='bbox 647 1989 807 2030; x_wconf 80' lang='lat' dir='ltr'>spinosae</span> <span class='ocrx_word' id='word_1_219' title='bbox 839 1988 1080 2030; x_wconf 83' lang='lat' dir='ltr'>disputationes</span> <span class='ocrx_word' id='word_1_220' title='bbox 1115 1988 1148 2019; x_wconf 89' lang='lat' dir='ltr'>in</span> 
     </span>
     <span class='ocr_line' id='line_1_35' title="bbox 153 2030 1148 2075; baseline -0.003 -10"><span class='ocrx_word' id='word_1_221' title='bbox 153 2032 207 2065; x_wconf 91' lang='lat' dir='ltr'>his</span> <span class='ocrx_word' id='word_1_222' title='bbox 233 2034 485 2075; x_wconf 81' lang='lat' dir='ltr'>quaestionibus</span> <span class='ocrx_word' id='word_1_223' title='bbox 508 2040 619 2064; x_wconf 88' lang='lat' dir='ltr'>motae</span> <span class='ocrx_word' id='word_1_224' title='bbox 643 2038 732 2071; x_wconf 83' lang='lat' dir='ltr'>sunt,</span> <span class='ocrx_word' id='word_1_225' title='bbox 757 2038 865 2063; x_wconf 90' lang='lat' dir='ltr'>tamen</span> <span class='ocrx_word' id='word_1_226' title='bbox 881 2030 1058 2073; x_wconf 79' lang='lat' dir='ltr'>explicatio</span> <span class='ocrx_word' id='word_1_227' title='bbox 1072 2032 1148 2062; x_wconf 89' lang='lat' dir='ltr'>sim-</span> 
     </span>
     <span class='ocr_line' id='line_1_36' title="bbox 152 2075 1149 2119; baseline -0.001 -12"><span class='ocrx_word' id='word_1_228' title='bbox 152 2075 272 2119; x_wconf 85' lang='lat' dir='ltr'>plicior</span> <span class='ocrx_word' id='word_1_229' title='bbox 295 2084 403 2115; x_wconf 87' lang='lat' dir='ltr'>esset,</span> <span class='ocrx_word' id='word_1_230' title='bbox 426 2078 454 2108; x_wconf 91' lang='lat' dir='ltr'>si</span> <span class='ocrx_word' id='word_1_231' title='bbox 477 2077 560 2109; x_wconf 88' lang='lat' dir='ltr'>haec</span> <span class='ocrx_word' id='word_1_232' title='bbox 584 2076 761 2118; x_wconf 79' lang='lat' dir='ltr'>responsio</span> <span class='ocrx_word' id='word_1_233' title='bbox 791 2086 924 2117; x_wconf 85' lang='lat' dir='ltr'>semper</span> <span class='ocrx_word' id='word_1_234' title='bbox 946 2076 978 2106; x_wconf 90' lang='lat' dir='ltr'>in</span> <span class='ocrx_word' id='word_1_235' title='bbox 1010 2085 1149 2115; x_wconf 85' lang='lat' dir='ltr'>conspe-</span> 
     </span>
     <span class='ocr_line' id='line_1_37' title="bbox 154 2118 1148 2162; baseline -0.003 -10"><span class='ocrx_word' id='word_1_236' title='bbox 154 2127 211 2152; x_wconf 84' lang='lat' dir='ltr'>ctu</span> <span class='ocrx_word' id='word_1_237' title='bbox 235 2126 337 2159; x_wconf 88' lang='lat' dir='ltr'>esset,</span> <span class='ocrx_word' id='word_1_238' title='bbox 372 2120 480 2152; x_wconf 90' lang='lat' dir='ltr'>Deum</span> <span class='ocrx_word' id='word_1_239' title='bbox 505 2132 583 2153; x_wconf 81' lang='lat' dir='ltr'>esse</span> <span class='ocrx_word' id='word_1_240' title='bbox 606 2131 712 2162; x_wconf 77' lang='lat' dir='ltr'>agens</span> <span class='ocrx_word' id='word_1_241' title='bbox 737 2119 954 2157; x_wconf 86' lang='lat' dir='ltr'>liberrimum,</span> <span class='ocrx_word' id='word_1_242' title='bbox 990 2125 1021 2150; x_wconf 87' lang='lat' dir='ltr'>et</span> <span class='ocrx_word' id='word_1_243' title='bbox 1044 2118 1148 2150; x_wconf 87' lang='lat' dir='ltr'>libere</span> 
     </span>
     <span class='ocr_line' id='line_1_38' title="bbox 153 2165 1148 2205; baseline -0.003 -9"><span class='ocrx_word' id='word_1_244' title='bbox 153 2165 275 2196; x_wconf 84' lang='lat' dir='ltr'>adesse</span> <span class='ocrx_word' id='word_1_245' title='bbox 299 2165 410 2195; x_wconf 88' lang='lat' dir='ltr'>causis</span> <span class='ocrx_word' id='word_1_246' title='bbox 431 2165 601 2203; x_wconf 69' lang='lat' dir='ltr'>secundis,</span> <span class='ocrx_word' id='word_1_247' title='bbox 626 2170 657 2195; x_wconf 91' lang='lat' dir='ltr'>et</span> <span class='ocrx_word' id='word_1_248' title='bbox 682 2175 756 2195; x_wconf 86' lang='lat' dir='ltr'>cum</span> <span class='ocrx_word' id='word_1_249' title='bbox 781 2167 829 2195; x_wconf 87' lang='lat' dir='ltr'>eis</span> <span class='ocrx_word' id='word_1_250' title='bbox 854 2173 955 2205; x_wconf 80' lang='lat' dir='ltr'>agere</span> <span class='ocrx_word' id='word_1_251' title='bbox 983 2169 1148 2204; x_wconf 89' lang='lat' dir='ltr'>quatenus</span> 
     </span>
     <span class='ocr_line' id='line_1_39' title="bbox 153 2206 1147 2251; baseline -0.003 -12"><span class='ocrx_word' id='word_1_252' title='bbox 153 2209 228 2251; x_wconf 89' lang='lat' dir='ltr'>ipse</span> <span class='ocrx_word' id='word_1_253' title='bbox 257 2218 318 2239; x_wconf 88' lang='lat' dir='ltr'>sua</span> <span class='ocrx_word' id='word_1_254' title='bbox 353 2209 514 2239; x_wconf 81' lang='lat' dir='ltr'>immensa</span> <span class='ocrx_word' id='word_1_255' title='bbox 548 2209 694 2240; x_wconf 89' lang='lat' dir='ltr'>bonitate</span> <span class='ocrx_word' id='word_1_256' title='bbox 730 2215 761 2238; x_wconf 90' lang='lat' dir='ltr'>et</span> <span class='ocrx_word' id='word_1_257' title='bbox 792 2208 954 2248; x_wconf 81' lang='lat' dir='ltr'>sapientia</span> <span class='ocrx_word' id='word_1_258' title='bbox 983 2206 1147 2248; x_wconf 83' lang='lat' dir='ltr'>agendum</span> 
     </span>
     <span class='ocr_line' id='line_1_40' title="bbox 155 2249 1148 2292; baseline -0.003 -9"><span class='ocrx_word' id='word_1_259' title='bbox 155 2263 235 2284; x_wconf 89' lang='lat' dir='ltr'>esse</span> <span class='ocrx_word' id='word_1_260' title='bbox 258 2251 393 2283; x_wconf 87' lang='lat' dir='ltr'>iudicat.</span> <span class='ocrx_word' id='word_1_261' title='bbox 440 2252 533 2283; x_wconf 88' lang='lat' dir='ltr'>Haec</span> <span class='ocrx_word' id='word_1_262' title='bbox 558 2252 669 2283; x_wconf 75' lang='lat' dir='ltr'>brevis</span> <span class='ocrx_word' id='word_1_263' title='bbox 695 2252 871 2292; x_wconf 82' lang='lat' dir='ltr'>responsio</span> <span class='ocrx_word' id='word_1_264' title='bbox 891 2249 1010 2282; x_wconf 84' lang='lat' dir='ltr'>liberat</span> <span class='ocrx_word' id='word_1_265' title='bbox 1043 2251 1148 2281; x_wconf 78' lang='lat' dir='ltr'>bonas</span> 
     </span>
     <span class='ocr_line' id='line_1_41' title="bbox 154 2293 1149 2337; baseline -0.002 -11"><span class='ocrx_word' id='word_1_266' title='bbox 154 2302 282 2328; x_wconf 86' lang='lat' dir='ltr'>mentes</span> <span class='ocrx_word' id='word_1_267' title='bbox 319 2306 338 2326; x_wconf 90' lang='lat' dir='ltr'>a</span> <span class='ocrx_word' id='word_1_268' title='bbox 372 2294 484 2326; x_wconf 80' lang='lat' dir='ltr'>multis</span> <span class='ocrx_word' id='word_1_269' title='bbox 509 2296 780 2337; x_wconf 80' lang='lat' dir='ltr'>quaestionibus,</span> <span class='ocrx_word' id='word_1_270' title='bbox 816 2300 847 2326; x_wconf 91' lang='lat' dir='ltr'>et</span> <span class='ocrx_word' id='word_1_271' title='bbox 873 2293 1062 2325; x_wconf 60' lang='lat' dir='ltr'>vult‘Deus</span> <span class='ocrx_word' id='word_1_272' title='bbox 1082 2305 1149 2324; x_wconf 90' lang='lat' dir='ltr'>mo-</span> 
     </span>
     <span class='ocr_line' id='line_1_42' title="bbox 156 2338 1149 2381; baseline -0.003 -11"><span class='ocrx_word' id='word_1_273' title='bbox 156 2340 233 2370; x_wconf 88' lang='lat' dir='ltr'>dum</span> <span class='ocrx_word' id='word_1_274' title='bbox 267 2349 346 2370; x_wconf 89' lang='lat' dir='ltr'>esse</span> <span class='ocrx_word' id='word_1_275' title='bbox 381 2339 641 2381; x_wconf 79' lang='lat' dir='ltr'>disputationum</span> <span class='ocrx_word' id='word_1_276' title='bbox 677 2345 708 2370; x_wconf 87' lang='lat' dir='ltr'>et</span> <span class='ocrx_word' id='word_1_277' title='bbox 739 2339 928 2370; x_wconf 78' lang='lat' dir='ltr'>consistere</span> <span class='ocrx_word' id='word_1_278' title='bbox 953 2347 1015 2368; x_wconf 88' lang='lat' dir='ltr'>nos</span> <span class='ocrx_word' id='word_1_279' title='bbox 1035 2338 1066 2368; x_wconf 89' lang='lat' dir='ltr'>in</span> <span class='ocrx_word' id='word_1_280' title='bbox 1093 2348 1149 2368; x_wconf 79' lang='lat' dir='ltr'>ex-</span> 
     </span>
     <span class='ocr_line' id='line_1_43' title="bbox 155 2380 1148 2424; baseline -0.001 -12"><span class='ocrx_word' id='word_1_281' title='bbox 155 2383 283 2424; x_wconf 75' lang='lat' dir='ltr'>pressis</span> <span class='ocrx_word' id='word_1_282' title='bbox 307 2383 503 2414; x_wconf 68' lang='lat' dir='ltr'>testimoniis</span> <span class='ocrx_word' id='word_1_283' title='bbox 529 2383 661 2421; x_wconf 70' lang='lat' dir='ltr'>divinis,</span> <span class='ocrx_word' id='word_1_284' title='bbox 698 2383 788 2414; x_wconf 83' lang='lat' dir='ltr'>iuxta</span> <span class='ocrx_word' id='word_1_285' title='bbox 823 2383 961 2413; x_wconf 85' lang='lat' dir='ltr'>dictum:</span> <span class='ocrx_word' id='word_1_286' title='bbox 995 2380 1148 2412; x_wconf 86' lang='lat' dir='ltr'>Lucerna</span> 
     </span>
     <span class='ocr_line' id='line_1_44' title="bbox 156 2426 696 2468; baseline 0.002 -12"><span class='ocrx_word' id='word_1_287' title='bbox 156 2427 297 2468; x_wconf 84' lang='lat' dir='ltr'>pedibus</span> <span class='ocrx_word' id='word_1_288' title='bbox 321 2426 404 2458; x_wconf 87' lang='lat' dir='ltr'>meis</span> <span class='ocrx_word' id='word_1_289' title='bbox 428 2428 569 2459; x_wconf 81' lang='lat' dir='ltr'>verbum</span> <span class='ocrx_word' id='word_1_290' title='bbox 593 2433 696 2458; x_wconf 88' lang='lat' dir='ltr'>tuum.</span> 
     </span>
    </p>
   </div>
   <div class='ocr_carea' id='block_1_9' title="bbox 157 2502 1150 2678">
    <p class='ocr_par' dir='ltr' id='par_1_9' title="bbox 157 2502 1150 2678">
     <span class='ocr_line' id='line_1_45' title="bbox 246 2502 1149 2546; baseline -0.001 -12"><span class='ocrx_word' id='word_1_291' title='bbox 246 2502 350 2535; x_wconf 85' lang='lat' dir='ltr'>Stoici</span> <span class='ocrx_word' id='word_1_292' title='bbox 373 2503 551 2546; x_wconf 76' lang='lat' dir='ltr'>alligarunt</span> <span class='ocrx_word' id='word_1_293' title='bbox 576 2503 683 2536; x_wconf 89' lang='lat' dir='ltr'>Deum</span> <span class='ocrx_word' id='word_1_294' title='bbox 707 2504 748 2535; x_wconf 81' lang='lat' dir='ltr'>ad</span> <span class='ocrx_word' id='word_1_295' title='bbox 769 2514 891 2535; x_wconf 86' lang='lat' dir='ltr'>causas</span> <span class='ocrx_word' id='word_1_296' title='bbox 915 2503 1095 2541; x_wconf 87' lang='lat' dir='ltr'>secundas,</span> <span class='ocrx_word' id='word_1_297' title='bbox 1118 2502 1149 2533; x_wconf 88' lang='lat' dir='ltr'>id</span> 
     </span>
     <span class='ocr_line' id='line_1_46' title="bbox 157 2546 1149 2589; baseline -0.001 -12"><span class='ocrx_word' id='word_1_298' title='bbox 157 2552 222 2585; x_wconf 85' lang='lat' dir='ltr'>est,</span> <span class='ocrx_word' id='word_1_299' title='bbox 246 2546 410 2578; x_wconf 79' lang='lat' dir='ltr'>tinxerunt</span> <span class='ocrx_word' id='word_1_300' title='bbox 436 2548 545 2579; x_wconf 88' lang='lat' dir='ltr'>Deum</span> <span class='ocrx_word' id='word_1_301' title='bbox 569 2547 649 2579; x_wconf 88' lang='grc'><strong>1111111</strong></span> <span class='ocrx_word' id='word_1_302' title='bbox 672 2546 893 2579; x_wconf 84' lang='lat' dir='ltr'>aliterfacere</span> <span class='ocrx_word' id='word_1_303' title='bbox 913 2557 1028 2589; x_wconf 75' lang='lat' dir='ltr'>posse.</span> <span class='ocrx_word' id='word_1_304' title='bbox 1052 2557 1149 2588; x_wconf 83' lang='lat' dir='ltr'>quam</span> 
     </span>
     <span class='ocr_line' id='line_1_47' title="bbox 157 2589 1150 2628; baseline -0.002 -6"><span class='ocrx_word' id='word_1_305' title='bbox 157 2596 194 2622; x_wconf 88' lang='lat' dir='ltr'>ut</span> <span class='ocrx_word' id='word_1_306' title='bbox 218 2600 342 2621; x_wconf 86' lang='lat' dir='ltr'>causae</span> <span class='ocrx_word' id='word_1_307' title='bbox 364 2592 532 2623; x_wconf 86' lang='lat' dir='ltr'>secundae</span> <span class='ocrx_word' id='word_1_308' title='bbox 556 2602 617 2623; x_wconf 88' lang='lat' dir='ltr'>sua</span> <span class='ocrx_word' id='word_1_309' title='bbox 640 2598 758 2623; x_wconf 83' lang='lat' dir='ltr'>natura</span> <span class='ocrx_word' id='word_1_310' title='bbox 783 2592 884 2628; x_wconf 83' lang='lat' dir='ltr'>cient,</span> <span class='ocrx_word' id='word_1_311' title='bbox 921 2597 954 2622; x_wconf 93' lang='lat' dir='ltr'>ut</span> <span class='ocrx_word' id='word_1_312' title='bbox 991 2601 1065 2621; x_wconf 89' lang='lat' dir='ltr'>cum</span> <span class='ocrx_word' id='word_1_313' title='bbox 1089 2589 1150 2620; x_wconf 83' lang='lat' dir='ltr'>Sa-</span> 
     </span>
     <span class='ocr_line' id='line_1_48' title="bbox 158 2633 1150 2678; baseline -0.001 -13"><span class='ocrx_word' id='word_1_314' title='bbox 158 2644 196 2665; x_wconf 90' lang='lat' dir='ltr'>ra</span> <span class='ocrx_word' id='word_1_315' title='bbox 230 2634 275 2665; x_wconf 85' lang='lat' dir='ltr'>sit</span> <span class='ocrx_word' id='word_1_316' title='bbox 308 2633 431 2665; x_wconf 82' lang='lat' dir='ltr'>sterilis</span> <span class='ocrx_word' id='word_1_317' title='bbox 468 2641 499 2666; x_wconf 91' lang='lat' dir='ltr'>et</span> <span class='ocrx_word' id='word_1_318' title='bbox 532 2646 636 2674; x_wconf 87' lang='lat' dir='ltr'>anus,</span> <span class='ocrx_word' id='word_1_319' title='bbox 669 2636 819 2678; x_wconf 83' lang='lat' dir='ltr'>cogitant</span> <span class='ocrx_word' id='word_1_320' title='bbox 840 2633 1048 2676; x_wconf 82' lang='lat' dir='ltr'>impossibile</span> <span class='ocrx_word' id='word_1_321' title='bbox 1073 2643 1150 2665; x_wconf 86' lang='lat' dir='ltr'>esse</span> 
     </span>
    </p>
   </div>
   <div class='ocr_carea' id='block_1_10' title="bbox 795 118 1551 166">
    <p class='ocr_par' dir='ltr' id='par_1_10' title="bbox 795 118 1551 166">
     <span class='ocr_line' id='line_1_49' title="bbox 795 118 1551 166; baseline 0 -2"><span class='ocrx_word' id='word_1_322' title='bbox 795 132 910 165; x_wconf 86' lang='lat' dir='ltr'>PHIL.</span> <span class='ocrx_word' id='word_1_323' title='bbox 933 132 1038 165; x_wconf 86' lang='lat' dir='ltr'><strong>MEL.</strong></span> <span class='ocrx_word' id='word_1_324' title='bbox 1062 132 1252 166; x_wconf 88' lang='lat' dir='ltr'>SCRIPTA</span> <span class='ocrx_word' id='word_1_325' title='bbox 1271 118 1551 166; x_wconf 63' lang='lat' dir='ltr'>DOGniATICA.</span> 
     </span>
    </p>
   </div>
   <div class='ocr_carea' id='block_1_11' title="bbox 2125 135 2190 169">
    <p class='ocr_par' dir='ltr' id='par_1_11' title="bbox 2125 135 2190 169">
     <span class='ocr_line' id='line_1_50' title="bbox 2125 135 2190 169; baseline 0.015 -1"><span class='ocrx_word' id='word_1_326' title='bbox 2125 135 2190 169; x_wconf 81' lang='lat'>388</span> 
     </span>
    </p>
   </div>
   <div class='ocr_carea' id='block_1_12' title="bbox 1197 228 2192 619">
    <p class='ocr_par' dir='ltr' id='par_1_12' title="bbox 1197 228 2192 619">
     <span class='ocr_line' id='line_1_51' title="bbox 1198 228 2190 262; baseline 0.001 -1"><span class='ocrx_word' id='word_1_327' title='bbox 1198 229 1270 261; x_wconf 89' lang='lat' dir='ltr'>fieri</span> <span class='ocrx_word' id='word_1_328' title='bbox 1296 240 1369 261; x_wconf 89' lang='lat' dir='ltr'>eam</span> <span class='ocrx_word' id='word_1_329' title='bbox 1394 235 1550 260; x_wconf 88' lang='lat' dir='ltr'>matrem:</span> <span class='ocrx_word' id='word_1_330' title='bbox 1574 228 1619 259; x_wconf 88' lang='lat' dir='ltr'>ita</span> <span class='ocrx_word' id='word_1_331' title='bbox 1643 239 1758 260; x_wconf 90' lang='lat' dir='ltr'>omnes</span> <span class='ocrx_word' id='word_1_332' title='bbox 1782 228 1934 262; x_wconf 88' lang='lat' dir='ltr'>homines</span> <span class='ocrx_word' id='word_1_333' title='bbox 1957 231 1990 261; x_wconf 90' lang='lat' dir='ltr'>in</span> <span class='ocrx_word' id='word_1_334' title='bbox 2010 230 2077 262; x_wconf 84' lang='lat' dir='ltr'>hac</span> <span class='ocrx_word' id='word_1_335' title='bbox 2095 236 2190 262; x_wconf 90' lang='lat' dir='ltr'>natu-</span> 
     </span>
     <span class='ocr_line' id='line_1_52' title="bbox 1198 271 2190 315; baseline 0.001 -11"><span class='ocrx_word' id='word_1_336' title='bbox 1198 272 1260 304; x_wconf 91' lang='lat' dir='ltr'>rali</span> <span class='ocrx_word' id='word_1_337' title='bbox 1285 273 1430 315; x_wconf 85' lang='lat' dir='ltr'>caligine</span> <span class='ocrx_word' id='word_1_338' title='bbox 1453 273 1620 303; x_wconf 88' lang='lat' dir='ltr'>intuentes</span> <span class='ocrx_word' id='word_1_339' title='bbox 1645 271 1793 311; x_wconf 80' lang='lat' dir='ltr'>ordinem</span> <span class='ocrx_word' id='word_1_340' title='bbox 1818 280 1966 312; x_wconf 87' lang='lat' dir='ltr'>naturae,</span> <span class='ocrx_word' id='word_1_341' title='bbox 1991 272 2190 305; x_wconf 88' lang='lat' dir='ltr'>delabuntur</span> 
     </span>
     <span class='ocr_line' id='line_1_53' title="bbox 1197 316 2190 358; baseline 0.002 -11"><span class='ocrx_word' id='word_1_342' title='bbox 1197 317 1230 348; x_wconf 90' lang='lat' dir='ltr'>in</span> <span class='ocrx_word' id='word_1_343' title='bbox 1254 317 1343 347; x_wconf 88' lang='lat' dir='ltr'>hanc</span> <span class='ocrx_word' id='word_1_344' title='bbox 1379 316 1667 358; x_wconf 80' lang='lat' dir='ltr'>imaginationem,</span> <span class='ocrx_word' id='word_1_345' title='bbox 1696 322 1730 347; x_wconf 92' lang='lat' dir='ltr'>ut</span> <span class='ocrx_word' id='word_1_346' title='bbox 1766 318 1951 348; x_wconf 74' lang='lat' dir='ltr'>existiment</span> <span class='ocrx_word' id='word_1_347' title='bbox 1986 317 2062 348; x_wconf 87' lang='grc'><strong>1111111</strong></span> <span class='ocrx_word' id='word_1_348' title='bbox 2094 316 2190 350; x_wconf 86' lang='lat' dir='ltr'>aliter</span> 
     </span>
     <span class='ocr_line' id='line_1_54' title="bbox 1198 359 2191 403; baseline 0.001 -12"><span class='ocrx_word' id='word_1_349' title='bbox 1198 360 1281 398; x_wconf 85' lang='lat' dir='ltr'>fieri,</span> <span class='ocrx_word' id='word_1_350' title='bbox 1318 370 1416 401; x_wconf 89' lang='lat' dir='ltr'>quam</span> <span class='ocrx_word' id='word_1_351' title='bbox 1450 366 1486 390; x_wconf 91' lang='lat' dir='ltr'>ut</span> <span class='ocrx_word' id='word_1_352' title='bbox 1520 359 1576 390; x_wconf 88' lang='lat' dir='ltr'>hic</span> <span class='ocrx_word' id='word_1_353' title='bbox 1611 360 1693 390; x_wconf 89' lang='lat' dir='ltr'>ordo</span> <span class='ocrx_word' id='word_1_354' title='bbox 1718 361 1791 391; x_wconf 89' lang='lat' dir='ltr'>ciet.</span> <span class='ocrx_word' id='word_1_355' title='bbox 1858 360 1930 392; x_wconf 83' lang='lat' dir='ltr'>Hac</span> <span class='ocrx_word' id='word_1_356' title='bbox 1954 361 2191 403; x_wconf 69' lang='lat' dir='ltr'>imaginatione</span> 
     </span>
     <span class='ocr_line' id='line_1_55' title="bbox 1197 402 2190 446; baseline 0.001 -12"><span class='ocrx_word' id='word_1_357' title='bbox 1197 403 1348 445; x_wconf 87' lang='lat' dir='ltr'>impediri</span> <span class='ocrx_word' id='word_1_358' title='bbox 1372 404 1616 434; x_wconf 83' lang='lat' dir='ltr'>invocationem</span> <span class='ocrx_word' id='word_1_359' title='bbox 1641 402 1851 434; x_wconf 81' lang='lat' dir='ltr'>manifestum</span> <span class='ocrx_word' id='word_1_360' title='bbox 1888 410 1956 442; x_wconf 83' lang='lat' dir='ltr'>est,</span> <span class='ocrx_word' id='word_1_361' title='bbox 1993 405 2069 446; x_wconf 90' lang='lat' dir='ltr'>quid</span> <span class='ocrx_word' id='word_1_362' title='bbox 2104 405 2190 436; x_wconf 89' lang='lat' dir='ltr'>enim</span> 
     </span>
     <span class='ocr_line' id='line_1_56' title="bbox 1197 447 2190 489; baseline 0.001 -11"><span class='ocrx_word' id='word_1_363' title='bbox 1197 447 1336 489; x_wconf 86' lang='lat' dir='ltr'>prodest</span> <span class='ocrx_word' id='word_1_364' title='bbox 1370 453 1484 488; x_wconf 84' lang='lat' dir='ltr'>petere</span> <span class='ocrx_word' id='word_1_365' title='bbox 1519 456 1570 484; x_wconf 91' lang='lat' dir='ltr'>ea,</span> <span class='ocrx_word' id='word_1_366' title='bbox 1607 457 1693 488; x_wconf 89' lang='lat' dir='ltr'>quae</span> <span class='ocrx_word' id='word_1_367' title='bbox 1717 447 1841 489; x_wconf 89' lang='lat' dir='ltr'>alioqui</span> <span class='ocrx_word' id='word_1_368' title='bbox 1864 449 2059 478; x_wconf 75' lang='lat' dir='ltr'>necessario</span> <span class='ocrx_word' id='word_1_369' title='bbox 2085 447 2190 480; x_wconf 72' lang='lat' dir='ltr'>fiunt?</span> 
     </span>
     <span class='ocr_line' id='line_1_57' title="bbox 1198 490 2192 532; baseline 0 -10"><span class='ocrx_word' id='word_1_370' title='bbox 1198 497 1232 522; x_wconf 81' lang='lat' dir='ltr'>et</span> <span class='ocrx_word' id='word_1_371' title='bbox 1254 491 1331 531; x_wconf 92' lang='lat' dir='ltr'>quid</span> <span class='ocrx_word' id='word_1_372' title='bbox 1354 490 1493 531; x_wconf 88' lang='lat' dir='ltr'>prodest</span> <span class='ocrx_word' id='word_1_373' title='bbox 1517 496 1631 531; x_wconf 87' lang='lat' dir='ltr'>petere</span> <span class='ocrx_word' id='word_1_374' title='bbox 1654 491 1929 532; x_wconf 79' lang='lat' dir='ltr'>gubernationem</span> <span class='ocrx_word' id='word_1_375' title='bbox 1953 491 2110 530; x_wconf 74' lang='lat' dir='ltr'>divinam,</span> <span class='ocrx_word' id='word_1_376' title='bbox 2135 497 2192 523; x_wconf 89' lang='lat' dir='ltr'>aut</span> 
     </span>
     <span class='ocr_line' id='line_1_58' title="bbox 1197 533 2191 576; baseline 0.001 -11"><span class='ocrx_word' id='word_1_377' title='bbox 1197 535 1437 576; x_wconf 80' lang='lat' dir='ltr'>mitigationem</span> <span class='ocrx_word' id='word_1_378' title='bbox 1467 533 1642 571; x_wconf 90' lang='lat' dir='ltr'>malorum,</span> <span class='ocrx_word' id='word_1_379' title='bbox 1678 535 1706 565; x_wconf 92' lang='lat' dir='ltr'>si</span> <span class='ocrx_word' id='word_1_380' title='bbox 1740 535 1858 565; x_wconf 89' lang='lat' dir='ltr'>mutari</span> <span class='ocrx_word' id='word_1_381' title='bbox 1883 544 2002 565; x_wconf 86' lang='lat' dir='ltr'>cursus</span> <span class='ocrx_word' id='word_1_382' title='bbox 2027 535 2191 566; x_wconf 88' lang='lat' dir='ltr'>secunda-</span> 
     </span>
     <span class='ocr_line' id='line_1_59' title="bbox 1197 579 1722 619; baseline 0.004 -11"><span class='ocrx_word' id='word_1_383' title='bbox 1197 589 1269 609; x_wconf 89' lang='lat' dir='ltr'>rum</span> <span class='ocrx_word' id='word_1_384' title='bbox 1295 587 1472 608; x_wconf 86' lang='lat' dir='ltr'>causarum</span> <span class='ocrx_word' id='word_1_385' title='bbox 1496 588 1562 608; x_wconf 90' lang='lat' dir='ltr'>non</span> <span class='ocrx_word' id='word_1_386' title='bbox 1586 579 1722 619; x_wconf 73' lang='lat' dir='ltr'>potest?</span> 
     </span>
    </p>
   </div>
   <div class='ocr_carea' id='block_1_13' title="bbox 1197 654 2193 958">
    <p class='ocr_par' dir='ltr' id='par_1_13' title="bbox 1197 654 2193 958">
     <span class='ocr_line' id='line_1_60' title="bbox 1285 654 2193 695; baseline 0.001 -9"><span class='ocrx_word' id='word_1_387' title='bbox 1285 655 1379 686; x_wconf 86' lang='lat' dir='ltr'>Haec</span> <span class='ocrx_word' id='word_1_388' title='bbox 1412 666 1486 687; x_wconf 91' lang='lat' dir='ltr'>cum</span> <span class='ocrx_word' id='word_1_389' title='bbox 1520 655 1644 687; x_wconf 86' lang='lat' dir='ltr'>Stoicis</span> <span class='ocrx_word' id='word_1_390' title='bbox 1680 656 1939 695; x_wconf 88' lang='lat' dir='ltr'>obiiciebantur,</span> <span class='ocrx_word' id='word_1_391' title='bbox 1974 654 2071 687; x_wconf 86' lang='lat' dir='ltr'>fateri</span> <span class='ocrx_word' id='word_1_392' title='bbox 2095 655 2193 688; x_wconf 86' lang='lat' dir='ltr'>etiam</span> 
     </span>
     <span class='ocr_line' id='line_1_61' title="bbox 1198 698 2193 741; baseline 0.001 -12"><span class='ocrx_word' id='word_1_393' title='bbox 1198 699 1296 740; x_wconf 88' lang='lat' dir='ltr'>impie</span> <span class='ocrx_word' id='word_1_394' title='bbox 1319 699 1487 730; x_wconf 83' lang='lat' dir='ltr'>audebant</span> <span class='ocrx_word' id='word_1_395' title='bbox 1506 710 1573 730; x_wconf 89' lang='lat' dir='ltr'>non</span> <span class='ocrx_word' id='word_1_396' title='bbox 1596 700 1948 741; x_wconf 68' lang='lat' dir='ltr'>nosti-ae2i11digentiae</span> <span class='ocrx_word' id='word_1_397' title='bbox 1968 709 2071 730; x_wconf 85' lang='lat' dir='ltr'>causa</span> <span class='ocrx_word' id='word_1_398' title='bbox 2083 698 2193 731; x_wconf 86' lang='lat' dir='ltr'>Deum</span> 
     </span>
     <span class='ocr_line' id='line_1_62' title="bbox 1197 743 2191 785; baseline -0.001 -11"><span class='ocrx_word' id='word_1_399' title='bbox 1197 743 1421 774; x_wconf 77' lang='lat' dir='ltr'>invocandum</span> <span class='ocrx_word' id='word_1_400' title='bbox 1456 752 1544 781; x_wconf 88' lang='lat' dir='ltr'>esse,</span> <span class='ocrx_word' id='word_1_401' title='bbox 1580 743 1641 775; x_wconf 88' lang='lat' dir='ltr'>sed</span> <span class='ocrx_word' id='word_1_402' title='bbox 1676 749 1803 775; x_wconf 87' lang='lat' dir='ltr'>tantum</span> <span class='ocrx_word' id='word_1_403' title='bbox 1839 744 2019 785; x_wconf 82' lang='lat' dir='ltr'>gratiarum</span> <span class='ocrx_word' id='word_1_404' title='bbox 2049 743 2191 774; x_wconf 88' lang='lat' dir='ltr'>actionis</span> 
     </span>
     <span class='ocr_line' id='line_1_63' title="bbox 1199 785 2190 828; baseline -0.001 -11"><span class='ocrx_word' id='word_1_405' title='bbox 1199 796 1314 824; x_wconf 89' lang='lat' dir='ltr'>causa,</span> <span class='ocrx_word' id='word_1_406' title='bbox 1349 786 1437 827; x_wconf 87' lang='lat' dir='ltr'>quod</span> <span class='ocrx_word' id='word_1_407' title='bbox 1471 785 1561 818; x_wconf 88' lang='lat' dir='ltr'>hunc</span> <span class='ocrx_word' id='word_1_408' title='bbox 1597 787 1745 818; x_wconf 83' lang='lat' dir='ltr'>ordinem</span> <span class='ocrx_word' id='word_1_409' title='bbox 1788 785 1966 828; x_wconf 67' lang='lat' dir='ltr'>physicum</span> <span class='ocrx_word' id='word_1_410' title='bbox 2001 792 2190 818; x_wconf 86' lang='lat' dir='ltr'>conservet.</span> 
     </span>
     <span class='ocr_line' id='line_1_64' title="bbox 1197 828 2192 872; baseline 0.001 -12"><span class='ocrx_word' id='word_1_411' title='bbox 1197 829 1277 860; x_wconf 85' lang='lat' dir='ltr'>Item</span> <span class='ocrx_word' id='word_1_412' title='bbox 1313 830 1391 871; x_wconf 90' lang='lat' dir='ltr'>quid</span> <span class='ocrx_word' id='word_1_413' title='bbox 1425 837 1568 870; x_wconf 79' lang='lat' dir='ltr'>prosunt</span> <span class='ocrx_word' id='word_1_414' title='bbox 1598 829 1755 868; x_wconf 82' lang='lat' dir='ltr'>consilia,</span> <span class='ocrx_word' id='word_1_415' title='bbox 1792 830 1904 872; x_wconf 81' lang='lat' dir='ltr'>leges,</span> <span class='ocrx_word' id='word_1_416' title='bbox 1953 836 1985 861; x_wconf 90' lang='lat' dir='ltr'>et</span> <span class='ocrx_word' id='word_1_417' title='bbox 2020 828 2192 861; x_wconf 64' lang='lat' dir='ltr'>diliventia</span> 
     </span>
     <span class='ocr_line' id='line_1_65' title="bbox 1200 872 2192 915; baseline 0.002 -12"><span class='ocrx_word' id='word_1_418' title='bbox 1200 873 1341 915; x_wconf 85' lang='lat' dir='ltr'>regendi</span> <span class='ocrx_word' id='word_1_419' title='bbox 1365 883 1489 911; x_wconf 80' lang='lat' dir='ltr'>mores,</span> <span class='ocrx_word' id='word_1_420' title='bbox 1520 874 1549 904; x_wconf 88' lang='lat' dir='ltr'>si</span> <span class='ocrx_word' id='word_1_421' title='bbox 1572 872 1655 905; x_wconf 92' lang='lat' dir='ltr'>nulli</span> <span class='ocrx_word' id='word_1_422' title='bbox 1677 880 1788 906; x_wconf 91' lang='lat' dir='ltr'>motus</span> <span class='ocrx_word' id='word_1_423' title='bbox 1808 875 1840 905; x_wconf 88' lang='lat' dir='ltr'>in</span> <span class='ocrx_word' id='word_1_424' title='bbox 1864 873 2018 906; x_wconf 89' lang='lat' dir='ltr'>humanis</span> <span class='ocrx_word' id='word_1_425' title='bbox 2041 884 2084 905; x_wconf 89' lang='lat' dir='ltr'>vo</span> <span class='ocrx_word' id='word_1_426' title='bbox 2100 879 2192 905; x_wconf 88' lang='lat' dir='ltr'>unta-</span> 
     </span>
     <span class='ocr_line' id='line_1_66' title="bbox 1198 916 1615 958; baseline 0.002 -11"><span class='ocrx_word' id='word_1_427' title='bbox 1198 917 1288 948; x_wconf 87' lang='lat' dir='ltr'>tibus</span> <span class='ocrx_word' id='word_1_428' title='bbox 1308 916 1427 948; x_wconf 90' lang='lat' dir='ltr'>mutari</span> <span class='ocrx_word' id='word_1_429' title='bbox 1449 917 1615 958; x_wconf 72' lang='lat' dir='ltr'>possunt‘.²</span> 
     </span>
    </p>
   </div>
   <div class='ocr_carea' id='block_1_14' title="bbox 1195 992 2195 2028">
    <p class='ocr_par' dir='ltr' id='par_1_14' title="bbox 1195 992 2195 2028">
     <span class='ocr_line' id='line_1_67' title="bbox 1195 992 2191 1037; baseline 0.002 -13"><span class='ocrx_word' id='word_1_430' title='bbox 1195 1032 1199 1035; x_wconf 10' lang='grc' dir='ltr'>ζ</span> <span class='ocrx_word' id='word_1_431' title='bbox 1285 992 1380 1025; x_wconf 88' lang='lat' dir='ltr'>Talia</span> <span class='ocrx_word' id='word_1_432' title='bbox 1402 995 1550 1026; x_wconf 89' lang='lat' dir='ltr'>absurda</span> <span class='ocrx_word' id='word_1_433' title='bbox 1573 1005 1647 1026; x_wconf 88' lang='lat' dir='ltr'>cum</span> <span class='ocrx_word' id='word_1_434' title='bbox 1667 1002 1850 1037; x_wconf 82' lang='lat' dir='ltr'>sequantur</span> <span class='ocrx_word' id='word_1_435' title='bbox 1869 1006 1909 1027; x_wconf 76' lang='lat' dir='ltr'>ex</span> <span class='ocrx_word' id='word_1_436' title='bbox 1933 995 2045 1027; x_wconf 87' lang='lat' dir='ltr'>Stoica</span> <span class='ocrx_word' id='word_1_437' title='bbox 2074 1005 2191 1027; x_wconf 89' lang='lat' dir='ltr'>neces-</span> 
     </span>
     <span class='ocr_line' id='line_1_68' title="bbox 1198 1037 2192 1081; baseline 0.002 -13"><span class='ocrx_word' id='word_1_438' title='bbox 1198 1038 1308 1075; x_wconf 87' lang='lat' dir='ltr'>sitate,</span> <span class='ocrx_word' id='word_1_439' title='bbox 1342 1043 1435 1069; x_wconf 88' lang='lat' dir='ltr'>recte</span> <span class='ocrx_word' id='word_1_440' title='bbox 1470 1038 1623 1069; x_wconf 87' lang='lat' dir='ltr'>docenda</span> <span class='ocrx_word' id='word_1_441' title='bbox 1659 1044 1712 1070; x_wconf 90' lang='lat' dir='ltr'>est</span> <span class='ocrx_word' id='word_1_442' title='bbox 1736 1037 1901 1077; x_wconf 87' lang='lat' dir='ltr'>Ecclesia,</span> <span class='ocrx_word' id='word_1_443' title='bbox 1932 1039 2083 1081; x_wconf 88' lang='lat' dir='ltr'>Suntque</span> <span class='ocrx_word' id='word_1_444' title='bbox 2106 1038 2192 1070; x_wconf 84' lang='lat' dir='ltr'>haec</span> 
     </span>
     <span class='ocr_line' id='line_1_69' title="bbox 1197 1081 2192 1124; baseline 0.001 -12"><span class='ocrx_word' id='word_1_445' title='bbox 1197 1091 1278 1112; x_wconf 88' lang='lat' dir='ltr'>vera</span> <span class='ocrx_word' id='word_1_446' title='bbox 1301 1081 1464 1122; x_wconf 88' lang='lat' dir='ltr'>principia</span> <span class='ocrx_word' id='word_1_447' title='bbox 1487 1081 1675 1113; x_wconf 81' lang='lat' dir='ltr'>firmissime</span> <span class='ocrx_word' id='word_1_448' title='bbox 1698 1082 1853 1121; x_wconf 86' lang='lat' dir='ltr'>tenenda,</span> <span class='ocrx_word' id='word_1_449' title='bbox 1887 1082 1983 1114; x_wconf 90' lang='lat' dir='ltr'>Deus</span> <span class='ocrx_word' id='word_1_450' title='bbox 2009 1089 2059 1113; x_wconf 90' lang='lat' dir='ltr'>est</span> <span class='ocrx_word' id='word_1_451' title='bbox 2084 1092 2192 1124; x_wconf 83' lang='lat' dir='ltr'>agens</span> 
     </span>
     <span class='ocr_line' id='line_1_70' title="bbox 1197 1123 2192 1167; baseline 0.001 -12"><span class='ocrx_word' id='word_1_452' title='bbox 1197 1123 1412 1162; x_wconf 89' lang='lat' dir='ltr'>liberrimum,</span> <span class='ocrx_word' id='word_1_453' title='bbox 1437 1131 1469 1156; x_wconf 91' lang='lat' dir='ltr'>et</span> <span class='ocrx_word' id='word_1_454' title='bbox 1491 1125 1587 1156; x_wconf 82' lang='lat' dir='ltr'>adest</span> <span class='ocrx_word' id='word_1_455' title='bbox 1617 1135 1680 1156; x_wconf 90' lang='lat' dir='ltr'>suo</span> <span class='ocrx_word' id='word_1_456' title='bbox 1711 1125 1855 1167; x_wconf 85' lang='lat' dir='ltr'>opificio,</span> <span class='ocrx_word' id='word_1_457' title='bbox 1891 1136 1956 1157; x_wconf 94' lang='lat' dir='ltr'>non</span> <span class='ocrx_word' id='word_1_458' title='bbox 1987 1132 2023 1157; x_wconf 89' lang='lat' dir='ltr'>ut</span> <span class='ocrx_word' id='word_1_459' title='bbox 2057 1126 2192 1158; x_wconf 86' lang='lat' dir='ltr'>Stoicus</span> 
     </span>
     <span class='ocr_line' id='line_1_71' title="bbox 1199 1167 2191 1211; baseline 0.002 -13"><span class='ocrx_word' id='word_1_460' title='bbox 1199 1167 1305 1206; x_wconf 88' lang='lat' dir='ltr'>Deus,</span> <span class='ocrx_word' id='word_1_461' title='bbox 1329 1168 1389 1199; x_wconf 90' lang='lat' dir='ltr'>sed</span> <span class='ocrx_word' id='word_1_462' title='bbox 1413 1175 1448 1200; x_wconf 92' lang='lat' dir='ltr'>ut</span> <span class='ocrx_word' id='word_1_463' title='bbox 1471 1179 1578 1210; x_wconf 84' lang='lat' dir='ltr'>agens</span> <span class='ocrx_word' id='word_1_464' title='bbox 1600 1167 1813 1201; x_wconf 87' lang='lat' dir='ltr'>liberrimum.</span> <span class='ocrx_word' id='word_1_465' title='bbox 1858 1169 1900 1200; x_wconf 90' lang='lat' dir='ltr'>Et</span> <span class='ocrx_word' id='word_1_466' title='bbox 1923 1179 2114 1211; x_wconf 89' lang='lat' dir='ltr'>quanquam</span> <span class='ocrx_word' id='word_1_467' title='bbox 2137 1179 2191 1200; x_wconf 88' lang='lat' dir='ltr'>su-</span> 
     </span>
     <span class='ocr_line' id='line_1_72' title="bbox 1199 1213 2192 1254; baseline 0.002 -12"><span class='ocrx_word' id='word_1_468' title='bbox 1199 1217 1325 1243; x_wconf 87' lang='lat' dir='ltr'>stentat</span> <span class='ocrx_word' id='word_1_469' title='bbox 1349 1221 1461 1243; x_wconf 89' lang='lat' dir='ltr'>rerum</span> <span class='ocrx_word' id='word_1_470' title='bbox 1485 1213 1704 1250; x_wconf 85' lang='lat' dir='ltr'>substantias,</span> <span class='ocrx_word' id='word_1_471' title='bbox 1739 1219 1772 1244; x_wconf 84' lang='lat' dir='ltr'>et</span> <span class='ocrx_word' id='word_1_472' title='bbox 1794 1223 1916 1254; x_wconf 84' lang='lat' dir='ltr'>magna</span> <span class='ocrx_word' id='word_1_473' title='bbox 1939 1222 1980 1243; x_wconf 84' lang='lat' dir='ltr'>ex</span> <span class='ocrx_word' id='word_1_474' title='bbox 2003 1219 2099 1254; x_wconf 87' lang='lat' dir='ltr'>parte</span> <span class='ocrx_word' id='word_1_475' title='bbox 2123 1223 2192 1245; x_wconf 89' lang='lat' dir='ltr'>ser-</span> 
     </span>
     <span class='ocr_line' id='line_1_73' title="bbox 1198 1255 2193 1297; baseline 0.002 -12"><span class='ocrx_word' id='word_1_476' title='bbox 1198 1261 1256 1286; x_wconf 80' lang='lat' dir='ltr'>vat</span> <span class='ocrx_word' id='word_1_477' title='bbox 1280 1255 1430 1286; x_wconf 88' lang='lat' dir='ltr'>ordinem</span> <span class='ocrx_word' id='word_1_478' title='bbox 1467 1266 1657 1297; x_wconf 87' lang='lat' dir='ltr'>corporum,</span> <span class='ocrx_word' id='word_1_479' title='bbox 1693 1266 1791 1297; x_wconf 86' lang='lat' dir='ltr'>quem</span> <span class='ocrx_word' id='word_1_480' title='bbox 1814 1256 1969 1287; x_wconf 79' lang='lat' dir='ltr'>instituit:</span> <span class='ocrx_word' id='word_1_481' title='bbox 2001 1262 2113 1288; x_wconf 88' lang='lat' dir='ltr'>tamen</span> <span class='ocrx_word' id='word_1_482' title='bbox 2135 1257 2193 1287; x_wconf 89' lang='lat' dir='ltr'>im-</span> 
     </span>
     <span class='ocr_line' id='line_1_74' title="bbox 1198 1298 2195 1340; baseline 0.001 -11"><span class='ocrx_word' id='word_1_483' title='bbox 1198 1308 1315 1330; x_wconf 88' lang='lat' dir='ltr'>mensa</span> <span class='ocrx_word' id='word_1_484' title='bbox 1348 1299 1575 1331; x_wconf 84' lang='lat' dir='ltr'>misericordia</span> <span class='ocrx_word' id='word_1_485' title='bbox 1611 1298 1733 1331; x_wconf 90' lang='lat' dir='ltr'>multas</span> <span class='ocrx_word' id='word_1_486' title='bbox 1767 1306 1881 1340; x_wconf 88' lang='lat' dir='ltr'>partes</span> <span class='ocrx_word' id='word_1_487' title='bbox 1916 1299 2126 1338; x_wconf 79' lang='lat' dir='ltr'>moderatur,</span> <span class='ocrx_word' id='word_1_488' title='bbox 2161 1304 2195 1331; x_wconf 93' lang='lat' dir='ltr'>et</span> 
     </span>
     <span class='ocr_line' id='line_1_75' title="bbox 1198 1341 2194 1385; baseline 0.001 -12"><span class='ocrx_word' id='word_1_489' title='bbox 1198 1352 1301 1383; x_wconf 86' lang='lat' dir='ltr'>saepe</span> <span class='ocrx_word' id='word_1_490' title='bbox 1325 1343 1494 1374; x_wconf 86' lang='lat' dir='ltr'>secundas</span> <span class='ocrx_word' id='word_1_491' title='bbox 1514 1353 1636 1374; x_wconf 83' lang='lat' dir='ltr'>causas</span> <span class='ocrx_word' id='word_1_492' title='bbox 1660 1341 1714 1374; x_wconf 83' lang='lat' dir='ltr'>vel</span> <span class='ocrx_word' id='word_1_493' title='bbox 1737 1343 1872 1374; x_wconf 87' lang='lat' dir='ltr'>adiuvat</span> <span class='ocrx_word' id='word_1_494' title='bbox 1894 1341 1948 1374; x_wconf 90' lang='lat' dir='ltr'>vel</span> <span class='ocrx_word' id='word_1_495' title='bbox 1971 1343 2118 1385; x_wconf 85' lang='lat' dir='ltr'>impedit,</span> <span class='ocrx_word' id='word_1_496' title='bbox 2137 1341 2194 1374; x_wconf 81' lang='lat' dir='ltr'>vel</span> 
     </span>
     <span class='ocr_line' id='line_1_76' title="bbox 1198 1383 2193 1427; baseline 0 -10"><span class='ocrx_word' id='word_1_497' title='bbox 1198 1396 1341 1427; x_wconf 87' lang='lat' dir='ltr'>prorsus</span> <span class='ocrx_word' id='word_1_498' title='bbox 1364 1392 1478 1418; x_wconf 87' lang='lat' dir='ltr'>mutat.</span> <span class='ocrx_word' id='word_1_499' title='bbox 1525 1385 1620 1418; x_wconf 87' lang='lat' dir='ltr'>Haec</span> <span class='ocrx_word' id='word_1_500' title='bbox 1641 1384 1781 1417; x_wconf 85' lang='lat' dir='ltr'>libertas</span> <span class='ocrx_word' id='word_1_501' title='bbox 1805 1387 1837 1417; x_wconf 90' lang='lat' dir='ltr'>in</span> <span class='ocrx_word' id='word_1_502' title='bbox 1862 1383 2024 1426; x_wconf 82' lang='lat' dir='ltr'>exemplis</span> <span class='ocrx_word' id='word_1_503' title='bbox 2039 1386 2193 1417; x_wconf 84' lang='lat' dir='ltr'>conside-</span> 
     </span>
     <span class='ocr_line' id='line_1_77' title="bbox 1199 1428 2193 1471; baseline 0 -11"><span class='ocrx_word' id='word_1_504' title='bbox 1199 1435 1301 1461; x_wconf 87' lang='lat' dir='ltr'>retur.</span> <span class='ocrx_word' id='word_1_505' title='bbox 1332 1429 1450 1461; x_wconf 89' lang='lat' dir='ltr'>Statim</span> <span class='ocrx_word' id='word_1_506' title='bbox 1472 1429 1564 1461; x_wconf 90' lang='lat' dir='ltr'>initio</span> <span class='ocrx_word' id='word_1_507' title='bbox 1587 1436 1665 1471; x_wconf 92' lang='lat' dir='ltr'>post</span> <span class='ocrx_word' id='word_1_508' title='bbox 1683 1428 1814 1470; x_wconf 88' lang='lat' dir='ltr'>lapsum</span> <span class='ocrx_word' id='word_1_509' title='bbox 1836 1430 1934 1461; x_wconf 88' lang='lat' dir='ltr'>Adae</span> <span class='ocrx_word' id='word_1_510' title='bbox 1952 1435 1984 1460; x_wconf 91' lang='lat' dir='ltr'>et</span> <span class='ocrx_word' id='word_1_511' title='bbox 2007 1428 2100 1460; x_wconf 85' lang='lat' dir='ltr'>Evae</span> <span class='ocrx_word' id='word_1_512' title='bbox 2117 1440 2193 1461; x_wconf 89' lang='lat' dir='ltr'>cum</span> 
     </span>
     <span class='ocr_line' id='line_1_78' title="bbox 1200 1473 2191 1515; baseline 0.001 -12"><span class='ocrx_word' id='word_1_513' title='bbox 1200 1473 1284 1504; x_wconf 87' lang='lat' dir='ltr'>ordo</span> <span class='ocrx_word' id='word_1_514' title='bbox 1308 1475 1457 1505; x_wconf 76' lang='lat' dir='ltr'>sancitus</span> <span class='ocrx_word' id='word_1_515' title='bbox 1482 1480 1585 1512; x_wconf 81' lang='lat' dir='ltr'>esset,</span> <span class='ocrx_word' id='word_1_516' title='bbox 1609 1480 1645 1504; x_wconf 89' lang='lat' dir='ltr'>ut</span> <span class='ocrx_word' id='word_1_517' title='bbox 1668 1474 1939 1515; x_wconf 82' lang='lat' dir='ltr'>extinguerentur</span> <span class='ocrx_word' id='word_1_518' title='bbox 1952 1479 2090 1514; x_wconf 85' lang='lat' dir='ltr'>propter</span> <span class='ocrx_word' id='word_1_519' title='bbox 2112 1483 2191 1514; x_wconf 89' lang='lat' dir='ltr'>pec-</span> 
     </span>
     <span class='ocr_line' id='line_1_79' title="bbox 1201 1516 2194 1558; baseline 0 -11"><span class='ocrx_word' id='word_1_520' title='bbox 1201 1521 1324 1554; x_wconf 81' lang='lat' dir='ltr'>catum,</span> <span class='ocrx_word' id='word_1_521' title='bbox 1359 1522 1392 1548; x_wconf 92' lang='lat' dir='ltr'>et</span> <span class='ocrx_word' id='word_1_522' title='bbox 1416 1517 1498 1548; x_wconf 90' lang='lat' dir='ltr'>ordo</span> <span class='ocrx_word' id='word_1_523' title='bbox 1521 1517 1665 1548; x_wconf 87' lang='lat' dir='ltr'>iustitiae</span> <span class='ocrx_word' id='word_1_524' title='bbox 1688 1517 1818 1548; x_wconf 90' lang='lat' dir='ltr'>divinae</span> <span class='ocrx_word' id='word_1_525' title='bbox 1849 1517 1892 1547; x_wconf 89' lang='lat' dir='ltr'>sit</span> <span class='ocrx_word' id='word_1_526' title='bbox 1915 1516 2059 1554; x_wconf 77' lang='lat' dir='ltr'>firmior,</span> <span class='ocrx_word' id='word_1_527' title='bbox 2094 1526 2194 1558; x_wconf 88' lang='lat' dir='ltr'>quam</span> 
     </span>
     <span class='ocr_line' id='line_1_80' title="bbox 1201 1558 2192 1602; baseline 0 -12"><span class='ocrx_word' id='word_1_528' title='bbox 1201 1560 1285 1590; x_wconf 94' lang='lat' dir='ltr'>ordo</span> <span class='ocrx_word' id='word_1_529' title='bbox 1309 1561 1341 1591; x_wconf 91' lang='lat' dir='ltr'>in</span> <span class='ocrx_word' id='word_1_530' title='bbox 1366 1561 1478 1593; x_wconf 82' lang='lat' dir='ltr'>causis</span> <span class='ocrx_word' id='word_1_531' title='bbox 1502 1560 1672 1602; x_wconf 76' lang='lat' dir='ltr'>physicis,</span> <span class='ocrx_word' id='word_1_532' title='bbox 1709 1566 1819 1591; x_wconf 84' lang='lat' dir='ltr'>tamen</span> <span class='ocrx_word' id='word_1_533' title='bbox 1841 1559 1896 1590; x_wconf 87' lang='lat' dir='ltr'>hic</span> <span class='ocrx_word' id='word_1_534' title='bbox 1919 1558 2016 1591; x_wconf 91' lang='lat' dir='ltr'>Deus</span> <span class='ocrx_word' id='word_1_535' title='bbox 2040 1569 2078 1590; x_wconf 87' lang='lat' dir='ltr'>se</span> <span class='ocrx_word' id='word_1_536' title='bbox 2101 1566 2192 1601; x_wconf 85' lang='lat' dir='ltr'>pate-</span> 
     </span>
     <span class='ocr_line' id='line_1_81' title="bbox 1200 1603 2192 1641; baseline 0.001 -7"><span class='ocrx_word' id='word_1_537' title='bbox 1200 1603 1291 1641; x_wconf 82' lang='lat' dir='ltr'>fecit,</span> <span class='ocrx_word' id='word_1_538' title='bbox 1315 1610 1348 1635; x_wconf 88' lang='lat' dir='ltr'>et</span> <span class='ocrx_word' id='word_1_539' title='bbox 1371 1604 1558 1635; x_wconf 76' lang='lat' dir='ltr'>immediate</span> <span class='ocrx_word' id='word_1_540' title='bbox 1581 1604 1655 1635; x_wconf 88' lang='lat' dir='ltr'>sine</span> <span class='ocrx_word' id='word_1_541' title='bbox 1679 1603 1790 1635; x_wconf 85' lang='lat' dir='ltr'>causis</span> <span class='ocrx_word' id='word_1_542' title='bbox 1815 1603 1974 1635; x_wconf 82' lang='lat' dir='ltr'>secundis</span> <span class='ocrx_word' id='word_1_543' title='bbox 1997 1609 2111 1634; x_wconf 83' lang='lat' dir='ltr'>servat</span> <span class='ocrx_word' id='word_1_544' title='bbox 2133 1603 2192 1635; x_wconf 85' lang='lat' dir='ltr'>ho·</span> 
     </span>
     <span class='ocr_line' id='line_1_82' title="bbox 1199 1645 2192 1689; baseline -0.001 -11"><span class='ocrx_word' id='word_1_545' title='bbox 1199 1647 1331 1678; x_wconf 89' lang='lat' dir='ltr'>minem.</span> <span class='ocrx_word' id='word_1_546' title='bbox 1376 1646 1476 1679; x_wconf 87' lang='lat' dir='ltr'>Moisi</span> <span class='ocrx_word' id='word_1_547' title='bbox 1496 1648 1610 1679; x_wconf 82' lang='lat' dir='ltr'>dividit</span> <span class='ocrx_word' id='word_1_548' title='bbox 1633 1657 1740 1689; x_wconf 83' lang='lat' dir='ltr'>aquas</span> <span class='ocrx_word' id='word_1_549' title='bbox 1764 1648 1866 1678; x_wconf 91' lang='lat' dir='ltr'>maris</span> <span class='ocrx_word' id='word_1_550' title='bbox 1889 1647 1980 1678; x_wconf 89' lang='lat' dir='ltr'>rubri</span> <span class='ocrx_word' id='word_1_551' title='bbox 1993 1645 2096 1688; x_wconf 87' lang='lat' dir='ltr'>longo</span> <span class='ocrx_word' id='word_1_552' title='bbox 2116 1656 2192 1688; x_wconf 86' lang='lat' dir='ltr'>spa-</span> 
     </span>
     <span class='ocr_line' id='line_1_83' title="bbox 1200 1688 2192 1733; baseline -0.001 -12"><span class='ocrx_word' id='word_1_553' title='bbox 1200 1691 1244 1722; x_wconf 92' lang='lat' dir='ltr'>tio</span> <span class='ocrx_word' id='word_1_554' title='bbox 1269 1700 1330 1731; x_wconf 88' lang='lat' dir='ltr'>per</span> <span class='ocrx_word' id='word_1_555' title='bbox 1353 1689 1480 1733; x_wconf 90' lang='lat' dir='ltr'>aliquot</span> <span class='ocrx_word' id='word_1_556' title='bbox 1503 1691 1585 1722; x_wconf 81' lang='lat' dir='ltr'>dies.</span> <span class='ocrx_word' id='word_1_557' title='bbox 1631 1689 1811 1723; x_wconf 88' lang='lat' dir='ltr'>Praelianti</span> <span class='ocrx_word' id='word_1_558' title='bbox 1835 1693 1951 1723; x_wconf 76' lang='lat' dir='ltr'>losuae</span> <span class='ocrx_word' id='word_1_559' title='bbox 1964 1691 2051 1721; x_wconf 85' lang='lat' dir='ltr'>sistit</span> <span class='ocrx_word' id='word_1_560' title='bbox 2074 1688 2192 1722; x_wconf 85' lang='lat' dir='ltr'>solem.</span> 
     </span>
     <span class='ocr_line' id='line_1_84' title="bbox 1199 1732 2194 1777; baseline -0.002 -11"><span class='ocrx_word' id='word_1_561' title='bbox 1199 1733 1366 1766; x_wconf 85' lang='lat' dir='ltr'>Ezechiae</span> <span class='ocrx_word' id='word_1_562' title='bbox 1389 1734 1443 1766; x_wconf 85' lang='lat' dir='ltr'>sol</span> <span class='ocrx_word' id='word_1_563' title='bbox 1468 1735 1665 1777; x_wconf 81' lang='lat' dir='ltr'>regreditur.</span> <span class='ocrx_word' id='word_1_564' title='bbox 1711 1733 1795 1766; x_wconf 88' lang='lat' dir='ltr'>Tres</span> <span class='ocrx_word' id='word_1_565' title='bbox 1819 1732 1991 1766; x_wconf 69' lang='lat' dir='ltr'>Israelitae</span> <span class='ocrx_word' id='word_1_566' title='bbox 2014 1739 2194 1765; x_wconf 79' lang='lat' dir='ltr'>servantur</span> 
     </span>
     <span class='ocr_line' id='line_1_85' title="bbox 1199 1776 2193 1821; baseline 0 -13"><span class='ocrx_word' id='word_1_567' title='bbox 1199 1779 1231 1809; x_wconf 90' lang='lat' dir='ltr'>in</span> <span class='ocrx_word' id='word_1_568' title='bbox 1255 1776 1395 1810; x_wconf 87' lang='lat' dir='ltr'>fornace</span> <span class='ocrx_word' id='word_1_569' title='bbox 1420 1777 1640 1821; x_wconf 70' lang='lat' dir='ltr'>Babylonica.</span> <span class='ocrx_word' id='word_1_570' title='bbox 1665 1777 1833 1813; x_wconf 86' lang='lat' dir='ltr'>Christus,</span> <span class='ocrx_word' id='word_1_571' title='bbox 1854 1776 2044 1819; x_wconf 87' lang='lat' dir='ltr'>Prophetae</span> <span class='ocrx_word' id='word_1_572' title='bbox 2057 1785 2088 1809; x_wconf 88' lang='lat' dir='ltr'>et</span> <span class='ocrx_word' id='word_1_573' title='bbox 2101 1778 2193 1819; x_wconf 79' lang='lat' dir='ltr'>Apo-</span> 
     </span>
     <span class='ocr_line' id='line_1_86' title="bbox 1201 1820 2193 1854; baseline 0 -2"><span class='ocrx_word' id='word_1_574' title='bbox 1201 1820 1278 1853; x_wconf 83' lang='lat' dir='ltr'>stoli</span> <span class='ocrx_word' id='word_1_575' title='bbox 1318 1823 1520 1854; x_wconf 82' lang='lat' dir='ltr'>resuscitant</span> <span class='ocrx_word' id='word_1_576' title='bbox 1560 1828 1721 1853; x_wconf 86' lang='lat' dir='ltr'>mortuos.</span> <span class='ocrx_word' id='word_1_577' title='bbox 1790 1820 1884 1853; x_wconf 88' lang='lat' dir='ltr'>Talia</span> <span class='ocrx_word' id='word_1_578' title='bbox 1930 1820 2193 1852; x_wconf 81' lang='lat' dir='ltr'>extraordinaria</span> 
     </span>
     <span class='ocr_line' id='line_1_87' title="bbox 1201 1863 2192 1906; baseline -0.002 -9"><span class='ocrx_word' id='word_1_579' title='bbox 1201 1876 1305 1906; x_wconf 89' lang='lat' dir='ltr'>opera</span> <span class='ocrx_word' id='word_1_580' title='bbox 1328 1866 1438 1897; x_wconf 86' lang='lat' dir='ltr'>onmia</span> <span class='ocrx_word' id='word_1_581' title='bbox 1461 1872 1538 1897; x_wconf 92' lang='lat' dir='ltr'>sunt</span> <span class='ocrx_word' id='word_1_582' title='bbox 1562 1865 1751 1897; x_wconf 88' lang='lat' dir='ltr'>testimonia</span> <span class='ocrx_word' id='word_1_583' title='bbox 1774 1863 1940 1897; x_wconf 86' lang='lat' dir='ltr'>libertatis</span> <span class='ocrx_word' id='word_1_584' title='bbox 1964 1865 1996 1895; x_wconf 91' lang='lat' dir='ltr'>in</span> <span class='ocrx_word' id='word_1_585' title='bbox 2031 1863 2126 1905; x_wconf 88' lang='lat' dir='ltr'>Deo,</span> <span class='ocrx_word' id='word_1_586' title='bbox 2161 1869 2192 1895; x_wconf 87' lang='lat' dir='ltr'>ct</span> 
     </span>
     <span class='ocr_line' id='line_1_88' title="bbox 1201 1907 2193 1951; baseline -0.003 -10"><span class='ocrx_word' id='word_1_587' title='bbox 1201 1909 1380 1942; x_wconf 79' lang='lat' dir='ltr'>ostendunt</span> <span class='ocrx_word' id='word_1_588' title='bbox 1404 1920 1478 1941; x_wconf 89' lang='lat' dir='ltr'>eum</span> <span class='ocrx_word' id='word_1_589' title='bbox 1503 1919 1569 1940; x_wconf 93' lang='lat' dir='ltr'>non</span> <span class='ocrx_word' id='word_1_590' title='bbox 1594 1907 1767 1951; x_wconf 80' lang='lat' dir='ltr'>alligatum</span> <span class='ocrx_word' id='word_1_591' title='bbox 1789 1918 1868 1939; x_wconf 82' lang='lat' dir='ltr'>esse</span> <span class='ocrx_word' id='word_1_592' title='bbox 1890 1908 2003 1940; x_wconf 87' lang='lat' dir='ltr'>causis</span> <span class='ocrx_word' id='word_1_593' title='bbox 2022 1908 2193 1946; x_wconf 80' lang='lat' dir='ltr'>secundis,</span> 
     </span>
     <span class='ocr_line' id='line_1_89' title="bbox 1201 1951 2193 1994; baseline -0.002 -10"><span class='ocrx_word' id='word_1_594' title='bbox 1201 1954 1261 1984; x_wconf 88' lang='lat' dir='ltr'>sed</span> <span class='ocrx_word' id='word_1_595' title='bbox 1285 1959 1422 1994; x_wconf 83' lang='lat' dir='ltr'>propter</span> <span class='ocrx_word' id='word_1_596' title='bbox 1444 1952 1633 1985; x_wconf 84' lang='lat' dir='ltr'>Ecclesiam</span> <span class='ocrx_word' id='word_1_597' title='bbox 1656 1962 1759 1993; x_wconf 87' lang='lat' dir='ltr'>saepe</span> <span class='ocrx_word' id='word_1_598' title='bbox 1788 1962 1847 1983; x_wconf 87' lang='lat' dir='ltr'>eas</span> <span class='ocrx_word' id='word_1_599' title='bbox 1876 1951 2042 1983; x_wconf 89' lang='lat' dir='ltr'>moderari</span> <span class='ocrx_word' id='word_1_600' title='bbox 2069 1958 2102 1983; x_wconf 93' lang='lat' dir='ltr'>et</span> <span class='ocrx_word' id='word_1_601' title='bbox 2124 1962 2193 1982; x_wconf 91' lang='lat' dir='ltr'>mu-</span> 
     </span>
     <span class='ocr_line' id='line_1_90' title="bbox 1202 2002 1285 2028; baseline -0.012 0"><span class='ocrx_word' id='word_1_602' title='bbox 1202 2002 1285 2028; x_wconf 88' lang='lat' dir='ltr'>tare.</span> 
     </span>
    </p>
   </div>
   <div class='ocr_carea' id='block_1_15' title="bbox 1201 2062 2193 2370">
    <p class='ocr_par' dir='ltr' id='par_1_15' title="bbox 1201 2062 2193 2370">
     <span class='ocr_line' id='line_1_91' title="bbox 1287 2062 2192 2105; baseline -0.001 -10"><span class='ocrx_word' id='word_1_603' title='bbox 1287 2065 1470 2097; x_wconf 84' lang='lat' dir='ltr'>Praeterea</span> <span class='ocrx_word' id='word_1_604' title='bbox 1504 2064 1726 2097; x_wconf 82' lang='lat' dir='ltr'>certissimum</span> <span class='ocrx_word' id='word_1_605' title='bbox 1762 2070 1825 2103; x_wconf 88' lang='lat' dir='ltr'>est,</span> <span class='ocrx_word' id='word_1_606' title='bbox 1860 2062 1970 2095; x_wconf 91' lang='lat' dir='ltr'>Deum</span> <span class='ocrx_word' id='word_1_607' title='bbox 1993 2063 2192 2105; x_wconf 84' lang='lat' dir='ltr'>saepissime</span> 
     </span>
     <span class='ocr_line' id='line_1_92' title="bbox 1202 2104 2193 2149; baseline -0.003 -8"><span class='ocrx_word' id='word_1_608' title='bbox 1202 2109 1342 2141; x_wconf 78' lang='lat' dir='ltr'>consilia</span> <span class='ocrx_word' id='word_1_609' title='bbox 1377 2116 1409 2141; x_wconf 89' lang='lat' dir='ltr'>et</span> <span class='ocrx_word' id='word_1_610' title='bbox 1443 2107 1633 2141; x_wconf 81' lang='lat' dir='ltr'>voluntates</span> <span class='ocrx_word' id='word_1_611' title='bbox 1668 2108 1836 2140; x_wconf 82' lang='lat' dir='ltr'>hominum</span> <span class='ocrx_word' id='word_1_612' title='bbox 1865 2106 2001 2139; x_wconf 77' lang='lat' dir='ltr'>flectere</span> <span class='ocrx_word' id='word_1_613' title='bbox 2032 2117 2098 2149; x_wconf 89' lang='lat' dir='ltr'>quo</span> <span class='ocrx_word' id='word_1_614' title='bbox 2121 2104 2193 2138; x_wconf 91' lang='lat' dir='ltr'>vult</span> 
     </span>
     <span class='ocr_line' id='line_1_93' title="bbox 1202 2149 2192 2191; baseline -0.003 -7"><span class='ocrx_word' id='word_1_615' title='bbox 1202 2155 1274 2185; x_wconf 89' lang='lat' dir='ltr'>sine</span> <span class='ocrx_word' id='word_1_616' title='bbox 1298 2153 1409 2185; x_wconf 73' lang='lat' dir='ltr'>causis</span> <span class='ocrx_word' id='word_1_617' title='bbox 1435 2153 1603 2191; x_wconf 78' lang='lat' dir='ltr'>secundis,</span> <span class='ocrx_word' id='word_1_618' title='bbox 1623 2158 1656 2183; x_wconf 91' lang='lat' dir='ltr'>ut</span> <span class='ocrx_word' id='word_1_619' title='bbox 1682 2163 1755 2183; x_wconf 90' lang='lat' dir='ltr'>cum</span> <span class='ocrx_word' id='word_1_620' title='bbox 1775 2158 1885 2183; x_wconf 79' lang='lat' dir='ltr'>movet</span> <span class='ocrx_word' id='word_1_621' title='bbox 1900 2149 2081 2182; x_wconf 78' lang='lat' dir='ltr'>Alexandri</span> <span class='ocrx_word' id='word_1_622' title='bbox 2101 2160 2192 2182; x_wconf 87' lang='lat' dir='ltr'>men-</span> 
     </span>
     <span class='ocr_line' id='line_1_94' title="bbox 1201 2194 2191 2236; baseline -0.003 -8"><span class='ocrx_word' id='word_1_623' title='bbox 1201 2204 1265 2229; x_wconf 88' lang='lat' dir='ltr'>tem</span> <span class='ocrx_word' id='word_1_624' title='bbox 1291 2198 1333 2228; x_wconf 89' lang='lat' dir='ltr'>ad</span> <span class='ocrx_word' id='word_1_625' title='bbox 1359 2195 1479 2228; x_wconf 88' lang='lat' dir='ltr'>bellum</span> <span class='ocrx_word' id='word_1_626' title='bbox 1511 2197 1623 2227; x_wconf 80' lang='lat' dir='ltr'>Persis</span> <span class='ocrx_word' id='word_1_627' title='bbox 1646 2194 1869 2233; x_wconf 85' lang='lat' dir='ltr'>inserendum,</span> <span class='ocrx_word' id='word_1_628' title='bbox 1899 2200 1929 2226; x_wconf 91' lang='lat' dir='ltr'>et</span> <span class='ocrx_word' id='word_1_629' title='bbox 1954 2195 2074 2226; x_wconf 88' lang='lat' dir='ltr'>deinde</span> <span class='ocrx_word' id='word_1_630' title='bbox 2097 2204 2191 2236; x_wconf 87' lang='lat' dir='ltr'>prae-</span> 
     </span>
     <span class='ocr_line' id='line_1_95' title="bbox 1201 2235 2192 2281; baseline -0.004 -9"><span class='ocrx_word' id='word_1_631' title='bbox 1201 2240 1310 2272; x_wconf 74' lang='lat' dir='ltr'>liantis</span> <span class='ocrx_word' id='word_1_632' title='bbox 1334 2241 1483 2272; x_wconf 78' lang='lat' dir='ltr'>dextram</span> <span class='ocrx_word' id='word_1_633' title='bbox 1507 2240 1604 2281; x_wconf 79' lang='lat' dir='ltr'>regit,</span> <span class='ocrx_word' id='word_1_634' title='bbox 1628 2250 1688 2271; x_wconf 87' lang='lat' dir='ltr'>seu</span> <span class='ocrx_word' id='word_1_635' title='bbox 1713 2251 1786 2271; x_wconf 79' lang='lat' dir='ltr'>eum</span> <span class='ocrx_word' id='word_1_636' title='bbox 1810 2239 1927 2270; x_wconf 87' lang='lat' dir='ltr'>incutit</span> <span class='ocrx_word' id='word_1_637' title='bbox 1957 2245 2118 2269; x_wconf 84' lang='lat' dir='ltr'>terrorem</span> <span class='ocrx_word' id='word_1_638' title='bbox 2142 2235 2192 2268; x_wconf 89' lang='lat' dir='ltr'>fu-</span> 
     </span>
     <span class='ocr_line' id='line_1_96' title="bbox 1202 2281 2191 2327; baseline -0.003 -12"><span class='ocrx_word' id='word_1_639' title='bbox 1202 2285 1368 2327; x_wconf 71' lang='lat' dir='ltr'>gientibus</span> <span class='ocrx_word' id='word_1_640' title='bbox 1393 2283 1556 2321; x_wconf 65' lang='lat' dir='ltr'>hostibus,</span> <span class='ocrx_word' id='word_1_641' title='bbox 1581 2290 1614 2314; x_wconf 87' lang='lat' dir='ltr'>ut</span> <span class='ocrx_word' id='word_1_642' title='bbox 1641 2282 1795 2314; x_wconf 71' lang='lat' dir='ltr'>Psalmus</span> <span class='ocrx_word' id='word_1_643' title='bbox 1820 2283 1939 2324; x_wconf 86' lang='lat' dir='ltr'>inquit:</span> <span class='ocrx_word' id='word_1_644' title='bbox 1974 2281 2130 2312; x_wconf 88' lang='lat' dir='ltr'>Terribili</span> <span class='ocrx_word' id='word_1_645' title='bbox 2159 2286 2191 2312; x_wconf 86' lang='lat' dir='ltr'>et</span> 
     </span>
     <span class='ocr_line' id='line_1_97' title="bbox 1201 2326 1959 2370; baseline -0.004 -12"><span class='ocrx_word' id='word_1_646' title='bbox 1201 2329 1341 2370; x_wconf 82' lang='lat' dir='ltr'>potenti,</span> <span class='ocrx_word' id='word_1_647' title='bbox 1365 2328 1421 2369; x_wconf 87' lang='lat' dir='ltr'>qui</span> <span class='ocrx_word' id='word_1_648' title='bbox 1443 2326 1550 2359; x_wconf 83' lang='lat' dir='ltr'>aufert</span> <span class='ocrx_word' id='word_1_649' title='bbox 1576 2327 1732 2369; x_wconf 87' lang='lat' dir='ltr'>Spiritum</span> <span class='ocrx_word' id='word_1_650' title='bbox 1758 2326 1959 2367; x_wconf 84' lang='lat' dir='ltr'>Principum.</span> 
     </span>
    </p>
   </div>
   <div class='ocr_carea' id='block_1_16' title="bbox 1201 2410 2191 2673">
    <p class='ocr_par' dir='ltr' id='par_1_16' title="bbox 1201 2410 2191 2673">
     <span class='ocr_line' id='line_1_98' title="bbox 1288 2410 2191 2453; baseline -0.004 -8"><span class='ocrx_word' id='word_1_651' title='bbox 1288 2414 1354 2446; x_wconf 90' lang='lat' dir='ltr'>lam</span> <span class='ocrx_word' id='word_1_652' title='bbox 1384 2414 1550 2446; x_wconf 85' lang='lat' dir='ltr'>addantur</span> <span class='ocrx_word' id='word_1_653' title='bbox 1577 2413 1768 2444; x_wconf 84' lang='lat' dir='ltr'>testimonia</span> <span class='ocrx_word' id='word_1_654' title='bbox 1796 2423 1836 2444; x_wconf 75' lang='lat' dir='ltr'>ex</span> <span class='ocrx_word' id='word_1_655' title='bbox 1861 2412 1957 2443; x_wconf 86' lang='lat' dir='ltr'>dictis</span> <span class='ocrx_word' id='word_1_656' title='bbox 1982 2410 2191 2453; x_wconf 80' lang='lat' dir='ltr'>Propheticis</span> 
     </span>
     <span class='ocr_line' id='line_1_99' title="bbox 1202 2456 2191 2499; baseline -0.004 -9"><span class='ocrx_word' id='word_1_657' title='bbox 1202 2464 1234 2490; x_wconf 89' lang='lat' dir='ltr'>et</span> <span class='ocrx_word' id='word_1_658' title='bbox 1254 2457 1470 2499; x_wconf 75' lang='lat' dir='ltr'>Apostolicis.</span> <span class='ocrx_word' id='word_1_659' title='bbox 1529 2456 1664 2488; x_wconf 77' lang='lat' dir='ltr'>Psalmo</span> <span class='ocrx_word' id='word_1_660' title='bbox 1693 2457 1764 2488; x_wconf 68' lang='lat'>114.</span> <span class='ocrx_word' id='word_1_661' title='bbox 1823 2456 1942 2487; x_wconf 81' lang='lat' dir='ltr'>Omnia</span> <span class='ocrx_word' id='word_1_662' title='bbox 1971 2465 2191 2497; x_wconf 82' lang='lat' dir='ltr'>quaerunque</span> 
     </span>
     <span class='ocr_line' id='line_1_100' title="bbox 1201 2499 2190 2537; baseline -0.004 -4"><span class='ocrx_word' id='word_1_663' title='bbox 1201 2501 1303 2533; x_wconf 75' lang='lat' dir='ltr'>voluit</span> <span class='ocrx_word' id='word_1_664' title='bbox 1325 2501 1413 2533; x_wconf 79' lang='lat' dir='ltr'>fecit.</span> <span class='ocrx_word' id='word_1_665' title='bbox 1460 2500 1541 2532; x_wconf 84' lang='lat' dir='ltr'>loel.</span> <span class='ocrx_word' id='word_1_666' title='bbox 1565 2502 1595 2532; x_wconf 66' lang='grc' dir='ltr'>ἱ).</span> <span class='ocrx_word' id='word_1_667' title='bbox 1643 2501 1790 2533; x_wconf 81' lang='lat' dir='ltr'>Scindite</span> <span class='ocrx_word' id='word_1_668' title='bbox 1814 2500 1914 2531; x_wconf 75' lang='lat' dir='ltr'>corda</span> <span class='ocrx_word' id='word_1_669' title='bbox 1939 2507 2064 2537; x_wconf 80' lang='lat' dir='ltr'>vestra,</span> <span class='ocrx_word' id='word_1_670' title='bbox 2094 2499 2190 2529; x_wconf 77' lang='lat' dir='ltr'>mise-</span> 
     </span>
     <span class='ocr_line' id='line_1_101' title="bbox 1202 2541 2191 2584; baseline -0.003 -8"><span class='ocrx_word' id='word_1_671' title='bbox 1202 2547 1308 2577; x_wconf 74' lang='lat' dir='ltr'>ricors</span> <span class='ocrx_word' id='word_1_672' title='bbox 1333 2552 1363 2577; x_wconf 88' lang='lat' dir='ltr'>et</span> <span class='ocrx_word' id='word_1_673' title='bbox 1389 2547 1563 2576; x_wconf 85' lang='lat' dir='ltr'>miserator</span> <span class='ocrx_word' id='word_1_674' title='bbox 1587 2551 1637 2576; x_wconf 82' lang='lat' dir='ltr'>est</span> <span class='ocrx_word' id='word_1_675' title='bbox 1663 2544 1840 2582; x_wconf 78' lang='lat' dir='ltr'>Dominus,</span> <span class='ocrx_word' id='word_1_676' title='bbox 1858 2544 1986 2584; x_wconf 76' lang='lat' dir='ltr'>patiens</span> <span class='ocrx_word' id='word_1_677' title='bbox 2011 2549 2042 2572; x_wconf 90' lang='lat' dir='ltr'>et</span> <span class='ocrx_word' id='word_1_678' title='bbox 2068 2541 2191 2573; x_wconf 82' lang='lat' dir='ltr'>multae</span> 
     </span>
     <span class='ocr_line' id='line_1_102' title="bbox 1202 2585 2190 2630; baseline -0.005 -10"><span class='ocrx_word' id='word_1_679' title='bbox 1202 2590 1461 2627; x_wconf 67' lang='lat' dir='ltr'>misericordiae,</span> <span class='ocrx_word' id='word_1_680' title='bbox 1494 2595 1524 2620; x_wconf 89' lang='lat' dir='ltr'>et</span> <span class='ocrx_word' id='word_1_681' title='bbox 1560 2589 1707 2630; x_wconf 87' lang='lat' dir='ltr'>poenitet</span> <span class='ocrx_word' id='word_1_682' title='bbox 1741 2598 1815 2619; x_wconf 89' lang='lat' dir='ltr'>eum</span> <span class='ocrx_word' id='word_1_683' title='bbox 1843 2596 1988 2629; x_wconf 83' lang='lat' dir='ltr'>poenae,</span> <span class='ocrx_word' id='word_1_684' title='bbox 2024 2586 2112 2617; x_wconf 84' lang='lat' dir='ltr'>Sicut</span> <span class='ocrx_word' id='word_1_685' title='bbox 2150 2585 2190 2616; x_wconf 88' lang='lat' dir='ltr'>de</span> 
     </span>
     <span class='ocr_line' id='line_1_103' title="bbox 1201 2628 2190 2673; baseline -0.005 -9"><span class='ocrx_word' id='word_1_686' title='bbox 1201 2633 1320 2665; x_wconf 63' lang='lat' dir='ltr'>Ninive</span> <span class='ocrx_word' id='word_1_687' title='bbox 1354 2638 1516 2664; x_wconf 79' lang='lat' dir='ltr'>retractat</span> <span class='ocrx_word' id='word_1_688' title='bbox 1549 2630 1793 2673; x_wconf 83' lang='lat' dir='ltr'>promulgatam</span> <span class='ocrx_word' id='word_1_689' title='bbox 1834 2634 2041 2662; x_wconf 81' lang='lat' dir='ltr'>sententiam.</span> <span class='ocrx_word' id='word_1_690' title='bbox 2110 2628 2190 2660; x_wconf 80' lang='lat' dir='ltr'>ltein</span> 
     </span>
    </p>
   </div>
  </div>
 </body>
</html>
