2383 2990
147 134 212 166 ⁷13

147 240 237 262 novo
259 228 478 261 Testamento
503 228 568 259 sint
582 226 765 258 Pontifices
789 232 823 257 et
842 224 1059 262 Sacerdotes,
1084 233 1140 254 ne-

148 273 298 305 cessario
322 273 436 314 sequi,
470 272 561 313 quod
586 271 628 302 sit
652 271 749 302 etiam
777 268 914 311 aliquod
938 266 1140 300 sacrificium

147 328 210 360 pro
233 317 394 358 peccatis.

236 403 311 435 Hac
345 401 538 440 collatione,
575 412 640 443 qua
664 400 834 443 quaeritur
858 397 1040 430 similitudo
1064 398 1142 428 ritu—

147 458 202 479 um
225 448 258 478 in
283 457 371 479 novo
396 445 611 478 Testamento
637 452 829 486 congruens
853 453 928 473 cnm
949 442 1066 473 ritibus
1078 440 1142 472 Le-

148 491 270 529 viticis,
305 491 437 532 decepti
472 489 644 526 homines,
675 487 843 519 somniant
878 493 1035 526 oportere
1064 493 1142 516 esse

148 535 317 578 quoddam
343 532 409 566 tale
433 533 635 564 sacrificium
660 528 884 563 ceremoniale
912 530 943 560 in
968 539 1056 560 novo
1080 527 1141 558 Te-

148 585 328 615 stamento,
354 576 466 619 qualia
491 581 586 607 erant
609 576 641 606 in
665 573 753 616 lege.
807 573 859 605 Ac
885 574 989 604 oritur
1013 566 1067 603 hic
1090 581 1142 602 ra-

149 622 318 653 tiocinatio
343 631 383 652 ex
408 621 618 663 ignoratione
637 619 715 660 quid
739 618 782 649 sit
806 628 929 648 novum
949 616 1142 647 Testamen-

148 671 229 704 tum,
253 675 339 707 quae
358 665 425 696 sint
449 662 611 695 beneficia
635 662 769 700 Christi,
795 666 827 692 et
850 661 904 702 qui
930 661 1000 691 veri
1020 658 1142 690 cultus.

239 752 293 784 Sic
327 751 430 794 igitur
459 749 650 791 respondeo
687 749 827 789 primum
862 747 893 778 in
926 756 1070 789 genere,
1101 745 1143 776 ad

149 795 259 827 omnia
282 793 362 827 talia
385 799 581 836 argumenta
607 793 648 824 de
671 791 838 823 sacrificio
864 791 951 821 dicta
977 801 1018 821 ex
1041 787 1144 821 eolla·

147 839 239 870 tione
263 839 387 870 veteris
409 836 622 869 Testamenti.
671 834 713 866 Ut
737 835 877 866 maxime
902 832 1032 865 valeret
1056 833 1144 864 simi-

148 881 266 921 litude,
300 889 411 914 tamen
445 880 522 912 hinc
557 890 623 911 non
656 879 821 921 sequitur,
857 878 947 920 quod
971 877 1078 909 Missa
1103 886 1144 908 ex

148 936 252 968 opere
287 931 424 967 operato
454 930 625 955 mereatur
659 923 892 954 remissionem
928 927 1144 963 peccatorum

147 969 281 1001 facienti
306 974 339 1000 et
361 967 436 1000 aliis
456 978 517 1009 pro
542 968 663 1010 quihus
687 965 883 1008 applicatur.
950 965 1036 996 Nam
1059 964 1145 995 sicut

147 1023 251 1055 supra
274 1018 451 1045 ostensum
475 1017 546 1050 est,
577 1011 662 1042 11366
688 1011 801 1051 opit-io
826 1016 953 1051 pugnat
981 1018 1055 1039 cum
1075 1008 1144 1039 uni-

147 1066 248 1089 versa
283 1056 437 1088 doctrina
461 1053 657 1097 Evangelii,
692 1063 778 1095 quae
802 1053 936 1094 proprie
960 1058 991 1083 et
1016 1052 1144 1094 praeci-

147 1109 213 1142 pue
236 1099 304 1131 1106
328 1100 439 1136 docet,
474 1099 563 1140 quod
588 1097 818 1129 remissionem
843 1094 1040 1127 delictorum
1065 1105 1145 1127 con-

147 1153 330 1185 sequamur
349 1153 415 1174 non
440 1148 578 1183 propter
611 1139 746 1183 aliquod
781 1150 866 1182 opus
900 1138 1146 1182 qualecunque,

147 1188 209 1218 sed
233 1193 373 1228 propter
396 1185 568 1217 Christum
593 1186 712 1227 gratis,
749 1183 826 1223 fide,
860 1184 939 1225 quia
961 1183 1047 1214 haec
1071 1181 1147 1214 sola

146 1230 251 1262 vincit
275 1240 410 1261 errores
433 1229 564 1270 peccati
589 1235 621 1260 et
645 1228 773 1266 mortis,
794 1238 868 1259 cum
888 1228 1062 1258 statuimus
1086 1237 1145 1257 no-

147 1274 200 1306 bis
235 1274 389 1315 ignosci,
423 1283 484 1314 per
514 1273 777 1304 misericordiam
802 1277 940 1313 propter
964 1269 1145 1307 Christum,

148 1322 181 1349 et
204 1317 322 1348 donari
342 1317 502 1349 iustitiam
525 1322 558 1347 et
581 1317 698 1347 merita
721 1314 857 1346 Christi.
904 1313 1000 1346 Rom.
1025 1314 1057 1345 5.
1095 1313 1146 1345 lu-

147 1361 284 1393 5111163ιί
308 1359 374 1392 fide
397 1370 514 1402 pacem
536 1358 712 1391 habemus.

235 1446 330 1479 Haec
353 1456 420 1478 11113
442 1446 622 1488 responsio
647 1443 741 1477 diluit
764 1445 875 1476 omnia
897 1455 985 1486 quae
1004 1443 1147 1476 afferun-

147 1496 203 1523 tur
224 1491 495 1531 abladversariis
518 1491 561 1521 (le
580 1488 751 1521 oblatione
774 1494 807 1520 et
829 1487 1055 1530 applicatione
1068 1497 1147 1529 ope-

147 1534 195 1566 ris
220 1534 362 1576 operati,
388 1534 466 1576 quia
484 1532 576 1565 nulla
601 1533 691 1564 dicta
714 1533 755 1564 de
780 1532 956 1564 sacrificiis
986 1531 1051 1563 hoc
1075 1530 1146 1562 efli-

149 1577 259 1616 ciunt,
295 1577 386 1619 quod
415 1578 606 1608 ceremonia
628 1575 756 1608 Missae
785 1576 829 1607 sit
853 1586 938 1618 opus
961 1574 1148 1607 iustificans

149 1631 191 1653 ex
215 1631 319 1662 opere
342 1626 495 1663 operato,
530 1626 587 1652 aut
620 1618 857 1662 applicandum
879 1618 956 1651 aliis
979 1620 1021 1651 ad
1045 1620 1147 1661 impe·

149 1665 303 1696 trandam
327 1664 558 1696 remissionem
581 1670 800 1706 peccatorum
824 1669 889 1695 etc.

238 1750 398 1783 Secundo
421 1751 464 1782 ad
486 1749 732 1782 similitudinem
754 1747 888 1781 ductam
911 1759 954 1781 ex
978 1747 1072 1791 lege,
1095 1759 1146 1780 re-

149 1795 315 1837 spondeo.
382 1793 418 1826 111
453 1795 559 1826 veteri
588 1793 804 1826 Testamenta
834 1791 881 1824 illi
908 1794 1037 1825 externi
1061 1793 1145 1825 ritus

149 1848 211 1870 seu
246 1839 459 1870 ceremoniae
493 1837 753 1875 sacrificiorum,
787 1843 882 1868 erant
910 1838 1050 1868 umbrae
1084 1847 1147 1868 seu

151 1882 222 1924 typi
255 1890 412 1914 verarum
436 1892 548 1913 rerum
572 1880 834 1913 exhibend-arum
859 1881 891 1911 in
915 1891 1006 1912 novo
1029 1879 1146 1912 Testa·
1173 1894 1176 1900 ¹

149 1931 275 1963 mento,
298 1926 385 1957 sicut
409 1924 535 1957 Paulus
559 1926 601 1956 ad
625 1923 760 1956 Coloss.
783 1925 845 1956 ait:
868 1923 965 1960 Quae
988 1930 1065 1955 sunt
1078 1934 1146 1955 um-
1173 1939 1176 1963 ς

150 1969 210 2001 bra
233 1967 432 2007 futurorum,
457 1979 580 2010 corpus
601 1974 712 2000 autem
737 1967 874 2000 Christi.
943 1967 1056 2004 Quare
1079 1978 1145 1999 non

150 2010 240 2044 valet
269 2012 355 2044 haec
388 2013 614 2044 ratiocinatio:
649 2012 684 2043 ln
719 2010 797 2055 lege
830 2009 964 2043 suerunt
988 2017 1147 2042 externae

151 2056 364 2087 ceremoniae
393 2056 656 2093 sacrificiorum,
692 2065 775 2098 ergo
811 2062 843 2086 et
866 2056 899 2086 in
923 2065 1012 2086 novo
1032 2054 1147 2086 Testa-

150 2105 263 2131 mento
289 2105 420 2140 oportet
444 2110 524 2131 esse
546 2098 673 2131 similes
704 2099 927 2137 ceremonias,
958 2108 1045 2141 quae
1069 2104 1147 2129 sunt

150 2142 336 2175 sacrificia:
371 2143 447 2175 Non
483 2144 569 2175 enim
598 2142 778 2175 similitudo
808 2143 929 2174 rituum
955 2142 1148 2184 quaerenda

150 2192 216 2225 est,
249 2187 312 2218 sed
346 2197 402 2218 res
437 2186 627 2229 significata
660 2185 728 2218 illis
758 2187 847 2229 typis
872 2187 903 2217 in
928 2184 1024 2228 lege,
1060 2195 1147 2228 quae

149 2240 240 2263 nur-c
273 2230 422 2262 exhibita
455 2237 507 2262 est
530 2231 562 2261 in
592 2229 790 2273 Evangelio,
857 2229 898 2261 Et
923 2240 999 2261 611111
1023 2240 1145 2261 novum

149 2275 395 2306 Testamentum
431 2285 498 2305 non
532 2275 573 2305 sit
599 2273 674 2305 talis
698 2281 837 2305 externa
867 2272 1000 2315 politia,
1036 2271 1145 2315 qualis

151 2324 223 2350 erat
247 2317 411 2357 Mosaica,
435 2318 497 2349 sed
520 2318 637 2349 afferat
661 2318 753 2359 ipsas
778 2328 851 2355 res,
886 2328 971 2359 quae
995 2316 1060 2348 illis
1083 2316 1146 2348 Le-

151 2361 261 2394 viticis
285 2362 484 2393 ceremoniis
509 2361 805 2404 significabantur,
829 2360 911 2392 nihil
935 2371 1022 2403 opus
1045 2359 1146 2392 habet

151 2403 276 2437 talibus
300 2406 429 2437 ritibus.

239 2491 349 2524 Porro
383 2492 554 2534 scriptura
583 2491 676 2524 clare
700 2491 765 2524 hoc
795 2491 910 2530 docet,
939 2491 1058 2523 ritibus
1081 2490 1149 2523 illis

152 2534 395 2567 sacrificiorum
418 2546 481 2577 pro
503 2542 645 2577 peccato
668 2536 700 2567 in
724 2534 813 2578 lega,
835 2534 1057 2577 significatam
1071 2545 1149 2567 esse

151 2585 292 2611 mortem
316 2579 460 2618 Christi,
494 2590 580 2622 quae
604 2586 657 2610 651
679 2580 811 2611 unicum
830 2577 1033 2610 sacrificium
1056 2579 1149 2621 quod

153 2621 302 2656 oblatum
337 2634 398 2665 pro
434 2633 559 2666 genere
582 2622 730 2655 humano
753 2621 841 2654 tollit
864 2629 1021 2665 peccata,
1051 2623 1148 2654 unica

661 130 716 163 [X.
764 128 1018 163 REFUTATto
1043 125 1262 159 ABUSUUM
1287 125 1469 158 COENAE
1491 123 1664 157 DOMINI.

2124 122 2186 155 714

1194 222 1344 260 victima,
1376 228 1512 263 propter
1535 231 1633 264 quam
1658 220 1752 252 Dens
1777 219 1934 262 placatur
1956 220 2066 257 nobis,
2100 219 2186 250 sicut

1193 264 1312 296 Esaias
1336 267 1578 307 interpretatur
1601 263 1722 306 legem,
1747 275 1822 296 eum
1840 264 1899 295 ait:
1925 263 2109 305 Postquam
2129 273 2186 304 po-

1194 310 1298 340 suerit
1321 310 1463 340 animam
1486 319 1581 340 suam
1605 318 1666 350 pro
1690 314 1838 349 peceato.
1885 306 1927 338 Et
1945 307 2102 338 loannes:
2126 306 2187 337 Hic

1195 359 1246 383 est
1270 363 1379 395 agnus
1403 352 1480 391 Dei,
1499 353 1554 394 qui
1578 350 1664 383 tollit
1688 358 1826 393 peccata
1852 351 1974 382 mundi.

1282 420 1472 460 Caeterum,
1493 421 1560 453 hoc
1579 422 1768 453 addendum
1784 427 1847 458 est,
1862 420 1945 453 Cum
1965 421 2007 452 de
2021 419 2188 450 5361111610

1194 463 1374 506 loquimur,
1395 465 1637 496 discernendae
1656 472 1733 497 sunt
1750 466 1897 506 species:
1914 464 1991 495 Non
2010 469 2087 495 sunt
2105 463 2190 494 enim

1195 509 1304 540 onmia
1327 508 1493 540 5361111613
1518 510 1614 540 unius
1639 510 1785 551 generis,
1808 515 1886 539 sunt
1910 511 1996 539 enim
2016 509 2189 548 (111365116-

1195 553 1265 583 cies
1288 552 1454 583 sacriticii.
1500 552 1561 583 Est
1595 553 1763 594 quoddam
1792 551 1994 584 sacrificium
2018 551 2107 593 quod
2134 561 2190 592 po-

1196 602 1262 627 test
1284 597 1400 627 vocari
1420 597 1707 637 propitiatorium,
1731 596 1763 627 id
1788 601 1852 634 est,
1881 594 1949 626 tale
1974 605 2076 637 opuS,
2101 593 2191 636 quod

1195 650 1257 681 pro
1281 637 1354 670 aliis
1380 640 1504 670 sactum
1528 638 1639 681 placat
1652 640 1773 677 Deum,
1799 645 1830 670 et>
1854 646 2003 670 meretur
2027 639 2191 669 remissio·

1196 694 1273 715 nem
1286 689 1514 724 peccatorum.
1541 683 1647 713 Porro
1664 693 1764 714 unum
1782 689 1909 714 tantum
1923 689 1974 714 est
1992 682 2192 713 sacrificium

1197 737 1276 758 vere
1290 727 1552 767 propitiatorium
1566 725 1694 757 56111661
1711 737 1802 757 111015
1810 725 1881 757 Filii
1901 726 1974 763 Dei,
1987 724 2119 757 Domini
2135 736 2191 756 no-

1198 771 1258 801 stri
1271 770 1346 801 lesu
1356 770 1491 801 Christi.
1515 769 1587 801 Nec
1600 768 1689 801 ahud
1709 769 1765 801 suis
1783 770 2047 811 propitiatorium
2067 768 2192 800 5361111-

1198 815 1284 845 6111111
1305 812 1372 846 ullo
1387 820 1550 856 tempore,
1563 812 1632 845 ulla
1644 819 1765 845 aetate.
1791 813 1896 845 Huius
1910 815 2006 845 unius
2022 812 2192 844 Pontificis

1197 858 1282 889 11366
1302 856 1412 900 gloria
1435 864 1499 896 651,
1519 858 1609 899 quod
1632 858 1730 888 unica
1757 856 1927 888 oblatione
1944 856 2108 888 satisfecit
2134 868 2193 898 pro

1197 902 1340 933 omnium
1354 901 1515 942 pec-catis,
1525 908 1556 932 et
1567 900 1641 932 Deo
1651 899 1878 932 reconciliavit
1889 911 1995 942 genus
2003 900 2192 932 humanum.

1197 944 1296 980 Quod
1309 953 1421 976 autem
1434 945 1465 976 in
1480 943 1554 987 lege
1563 945 1726 987 quaedam
1737 946 1944 976 vocabantur
1955 945 2194 986 propitiatoria,

1196 987 1282 1020 haec
1318 999 1384 1020 non
1419 990 1633 1020 merebantur
1657 989 1940 1020 condonationem
1965 994 2193 1030 peccatorum,

1197 1042 1260 1064 rec
1295 1038 1391 1063 erant
1428 1042 1507 1063 vere
1542 1033 1788 1074 propitiatoria,
1820 1032 1881 1064 sed
1905 1032 1982 1074 quia
2007 1038 2101 1063 erant
2127 1032 2195 1073 typi

1197 1083 1361 1107 venturae
1384 1076 1553 1114 victimae,
1577 1077 1626 1108 sic
1650 1074 1922 1118 appellabantur:
1946 1075 2038 1107 Haec
2063 1081 2196 1106 senten—

1198 1120 1243 1151 tia
1266 1120 1443 1151 verissima
1463 1128 1493 1150 et
1518 1119 1707 1151 firmissima
1731 1125 1795 1151 est.

1197 1164 1367 1195 cernenda
1402 1168 1480 1194 sunt
1520 1164 1564 1195 ab
1599 1162 1665 1195 hoc
1707 1164 1828 1205 priore.
1889 1163 1974 1195 Nam
2009 1174 2084 1195 611111
2118 1163 2196 1194 dicit

1198 1205 1372 1238 Psalmus:
1421 1206 1627 1238 Sacrificium
1658 1206 1732 1238 Deo
1766 1207 1904 1248 spiritus
1939 1205 2197 1245 contribulatus,

1197 1251 1252 1282 hic
1286 1260 1430 1282 11666556
1464 1257 1515 1281 651
1550 1258 1667 1282 nostra
1701 1251 1869 1282 sacrificia
1897 1261 1917 1282 a
1941 1250 2065 1282 Christi
2089 1257 2197 1282 morte

1199 1294 1352 1325 discerni.
1401 1293 1577 1325 Vocantur
1612 1305 1693 1336 ergo
1728 1293 1813 1326 haec
1838 1293 2080 1332 Eucharistica,
2110 1304 2195 1336 quae

1198 1348 1266 1369 non
1292 1344 1461 1369 merentur
1480 1337 1799 1377 reconciliationem,
1818 1338 1878 1369 sed
1899 1338 1977 1369 fiunt
2002 1349 2022 1369 a
2047 1339 2196 1370 reconci-

1198 1380 1308 1420 hatis,
1343 1388 1379 1412 ut
1413 1382 1498 1423 grati
1524 1381 1598 1413 Deo
1624 1383 1786 1414 honorem
1810 1381 1954 1424 aliquem
1974 1387 2197 1423 praestemus,

1200 1432 1233 1456 et
1256 1424 1472 1466 profiteamur
1495 1424 1585 1457 hunc
1609 1436 1706 1467 quem
1725 1426 1938 1463 invocamus,
1974 1436 2053 1457 esse
2076 1424 2196 1465 Deum,

1199 1479 1278 1501 esse
1313 1467 1517 1500 salvatorem
1541 1479 1582 1500 ac
1605 1468 1832 1502 liberatorem.
1879 1468 1962 1501 Tale
1995 1468 2197 1501 sacrificium

1200 1511 1403 1555 generaliter
1437 1518 1489 1544 est
1514 1513 1670 1544 universa
1694 1513 1884 1545 obedientia
1907 1514 1940 1544 in
1965 1513 2064 1544 bonis
2089 1513 2198 1555 operi·

1202 1558 1264 1588 bus
1288 1563 1496 1594 sanctorum,
1520 1567 1606 1598 quae
1630 1567 1649 1588 a
1663 1556 1737 1588 Deo
1759 1564 1941 1599 praecepta
1964 1563 2055 1595 sunt,
2078 1563 2111 1588 et
2134 1557 2198 1588 sic-

1199 1607 1235 1632 ut
1258 1600 1415 1631 mandata
1438 1607 1537 1638 sunt,
1572 1607 1605 1632 et
1639 1600 1672 1631 in
1696 1600 1947 1632 afflictionibus.
1993 1600 2046 1632 De
2069 1599 2122 1632 his
2145 1599 2199 1632 s‘a-

1200 1643 1335 1675 crificiis
1358 1642 1506 1686 loquitur
1530 1643 1660 1683 Petrus,
1683 1645 1854 1687 inquiens:
1880 1644 1952 1675 Vos
1976 1645 2060 1676 estis
2084 1654 2198 1676 sacer-

1200 1688 1326 1719 dotium
1349 1693 1514 1725 sanctum,
1538 1695 1574 1719 ut
1598 1687 1747 1719 offeratis
1771 1687 1901 1719 hostias
1927 1687 2128 1730 spirituales.
2152 1688 2198 1719 At

1200 1738 1234 1762 ut
1257 1732 1405 1762 sciamus
1429 1741 1488 1763 eas
1512 1741 1578 1763 non
1598 1729 1734 1773 placere
1768 1732 1842 1763 sine
1864 1733 2036 1775 agnitione
2060 1738 2093 1764 et
2116 1731 2198 1763 fidu-

1201 1776 1252 1806 cia
1276 1773 1413 1814 Christi,
1431 1775 1521 1806 addit
1546 1774 1683 1807 Petrus:
1706 1775 1878 1818 Acceptas
1897 1787 1957 1818 per
1980 1776 2090 1808 lesum
2103 1774 2198 1807 Chri·

1173 1842 1176 1882 ι
1198 1825 1294 1850 5111111.
1324 1818 1402 1850 Non
1432 1819 1518 1851 enim
1542 1817 1677 1861 placent
1699 1829 1742 1851 ne
1765 1818 1849 1851 haec
1873 1821 2005 1862 quidem
2028 1830 2071 1851 ex
2095 1831 2198 1862 opere

1173 1883 1175 1891 ,
1198 1868 1348 1905 operato.

1842 1117 1918 1151 Alta
1937 1118 2103 1151 sacrificia
2129 1119 2196 1150 dis-

1173 1917 1176 1934 ¹
1285 1923 1384 1955 Nunc
1407 1923 1599 1966 respondeo
1623 1924 1665 1955 ad
1689 1934 1730 1955 ea
1753 1935 1839 1966 quae
1864 1925 1965 1956 citata
1989 1930 2067 1956 sunt
2090 1924 2197 1957 desa-

1198 1968 1335 2000 crificiis
1370 1978 1414 1999 ex
1450 1968 1554 1999 veteri
1577 1967 1804 2000 TestamentO.
1850 1967 1933 2000 Cnm
1957 1966 2047 2000 aliud
2071 1966 2199 2000 nullum

1199 2013 1241 2043 sit
1262 2011 1527 2053 propitiatorium
1551 2012 1764 2051 sacrificium,
1788 2010 2076 2043 nisisolatfbristt
2093 2023 2195 2051 mors,

1200 2062 1329 2086 certum
1348 2061 1415 2093 est,
1438 2053 1643 2087 oblationem
1662 2056 1695 2087 in
1725 2055 1832 2087 Missa
1855 2061 1910 2087 aut
1934 2065 2039 2087 coena
2063 2054 2197 2088 Domini

1199 2110 1266 2131 non
1291 2109 1369 2130 esse
1384 2099 1614 2137 sacrificium,
1648 2099 1738 2142 quod
1774 2105 1829 2131 aut
1862 2097 1996 2131 facienti
2028 2106 2198 2132 mereatur

1199 2143 1452 2182 remissionem,
1487 2149 1544 2174 aut
1574 2143 1616 2174 sit
1651 2141 1885 2185 applicandum
1910 2153 1973 2184 pro
1997 2142 2081 2174 aliis.
2129 2142 2198 2175 Cur

1198 2187 1301 2229 igitur
1319 2185 1438 2217 Patres
1473 2193 1599 2218 vocant
1633 2186 1858 2219 sacrificium?
1906 2186 1947 2218 Ut
1972 2187 2040 2230 typi
2064 2188 2096 2218 in
2121 2186 2198 2229 lege

1200 2231 1340 2261 eandem
1370 2229 1539 2261 habehant
1575 2229 1846 2272 appellationem,
1880 2231 1925 2262 ita
1949 2237 1982 2262 et
2005 2230 2082 2262 hnic
2105 2241 2198 2263 cere-

1199 2275 1332 2305 moniae
1361 2273 1428 2304 hoc
1451 2284 1572 2305 nomen
1597 2275 1800 2312 tribuerunt,
1823 2275 1900 2316 quia
1924 2275 2107 2306 institutum
2131 2280 2197 2313 est,

1199 2325 1235 2350 ut
1259 2327 1322 2348 nos
1346 2317 1388 2349 de
1410 2315 1467 2348 illo
1490 2318 1659 2348 sacrificio
1684 2318 1874 2349 admoneat.
1932 2317 1999 2349 Sed
2024 2325 2120 2363 651116
2144 2328 2197 2350 sa-

1200 2360 1360 2393 crificium
1396 2360 1633 2402 εὗχαριστικόνῖ
1678 2360 1757 2392 Dixi
1783 2360 1875 2393 nulla
1898 2371 1977 2392 esse
2000 2361 2196 2403 εὖχαριστικᾰ

1199 2405 1264 2436 11151
1289 2415 1392 2446 opera
1415 2415 1434 2435 a
1452 2404 1527 2436 Deo
1550 2405 1718 2443 mandata,
1743 2411 1776 2436 et
1797 2406 2077 2447 quemadmodum
2101 2416 2197 2447 prae-

1202 2454 1299 2490 cepta
1323 2454 1420 2486 sunt,
1455 2449 1530 2490 quia
1555 2448 1709 2480 Christus
1738 2449 1860 2491 inquit:
1905 2448 2044 2480 Frustra
2080 2447 2196 2481 colunt

1201 2503 1256 2524 me
1280 2492 1445 2523 mandatis
1470 2492 1650 2525 hominum.
1686 2492 1758 2524 Nec
1778 2493 1876 2524 nobis
1899 2491 1978 2524 licet
2002 2491 2112 2525 cultus
2137 2504 2194 2524 no-

1201 2547 1264 2568 vos
1288 2536 1462 2567 instituere
1485 2536 1558 2567 sine
1581 2536 1737 2568 mandato
1757 2535 1834 2567 Dei.
1880 2535 1986 2568 Porro
2007 2547 2110 2568 coena
2125 2537 2195 2569 Do-

1200 2580 1278 2611 mini
1302 2581 1352 2611 sic
1376 2579 1525 2611 instituta
1549 2586 1611 2620 est,
1632 2587 1667 2612 ut
1691 2580 1898 2612 manducans
1912 2591 2007 2612 suam
2032 2581 2074 2612 ibi
2096 2580 2193 2612 fidem

1202 2630 1370 2661 exerceat,
1404 2629 1438 2654 et
1470 2633 1509 2654 se
1542 2624 1777 2656 recordatione
1809 2623 2046 2656 beneficiorum
2070 2624 2194 2657 Christi
