2383 2990
161 141 226 174 565
815 137 857 169 V.
881 136 1150 169 EXPLICATIO

247 235 305 268 Sic
339 235 439 278 igitur
460 239 595 266 veteres
619 234 840 275 scripserunt.

160 286 292 323 ceptum
316 289 382 321 quo
406 279 451 310 ad
475 288 581 320 genus
601 283 653 309 est
676 275 840 315 naturale,
876 282 910 308 et
944 276 1087 318 pertinet
1110 275 1153 306 ad

160 324 269 355 onmia
294 329 457 364 tempora,
481 320 612 353 scilicet
635 332 701 363 quo
725 321 767 353 ad
791 321 1084 352 conservationem
1095 319 1153 350 mi-

158 367 293 399 nister-ii.

159 421 225 442 non
250 409 377 452 obligat
399 419 476 447 neS,
495 408 625 440 scilicet
649 419 715 451 quo
740 409 782 440 ad
805 409 903 439 ritum
927 407 1058 448 septimi
1076 406 1152 444 diei,

159 460 193 485 et
215 455 258 485 ad
288 454 422 485 modum
446 453 503 484 otii
527 462 589 484 seu
612 452 813 484 cessationis
837 461 877 483 eo
902 452 965 482 die.

159 508 235 530 men
271 498 369 529 decet
403 506 442 527 eo
469 497 521 527 die
544 506 611 527 non
631 494 745 528 facere
768 504 910 537 operaS,
943 505 1028 536 quae
1052 495 1152 536 impe-

160 542 252 574 diunt
276 539 493 572 ministerium
505 538 692 582 Evangelii,
715 545 772 570 aut
784 537 868 570 alios
881 537 1154 570 abdueuntami·

159 585 309 616 nisterio.
344 584 417 615 Hae
440 584 651 614 nominantur
674 593 798 624 operae
827 580 979 613 serviles.
1014 582 1065 613 Ex
1088 581 1155 614 hoc

159 627 252 660 sonte
275 634 425 659 sumatur
448 627 628 668 responsio
652 626 695 657 ad
717 625 860 667 vulgare
883 632 1126 667 argumentum.

221 717 490 759 Cei-emoniae
523 715 730 756 Mosaicae
763 721 859 756 sunt
890 715 1077 756 abolitae.

220 779 493 833 Praeceptum
542 777 594 817 de
627 776 812 818 sabbato
860 782 922 816 est
954 775 1153 816 Ceremo-

280 839 396 890 niale,

220 900 329 955 Ergo
362 906 424 940 est
455 898 665 940 abolitum.

248 1017 451 1059 Respondeo
475 1017 517 1048 ad
540 1017 713 1048 minorem.
760 1015 981 1057 Praeceptum
1005 1015 1046 1047 de
1071 1015 1156 1047 Sab-

161 1064 238 1094 bato
259 1068 310 1093 est
335 1059 567 1093 Ceremoniale
591 1071 656 1102 quo
681 1060 724 1092 ad
749 1061 913 1102 speciem,
938 1059 970 1090 id
994 1065 1064 1097 est,
1088 1070 1155 1101 quo

161 1106 203 1137 ad
231 1105 313 1137 certi
345 1105 408 1136 diei
431 1104 704 1136 observationem
724 1109 757 1135 et
781 1104 983 1135 cessationis
1009 1103 1153 1135 modum.

160 1149 254 1180 Haec
289 1149 423 1190 species
458 1153 510 1180 est
544 1146 679 1179 abolita.
728 1147 796 1178 Sed
832 1153 884 1178 est
919 1145 1071 1178 naturale
1094 1157 1156 1179 seu

160 1190 300 1230 morale,
324 1202 390 1234 quo
415 1192 457 1223 ad
481 1201 589 1234 genus
614 1192 740 1229 attinet,
766 1191 798 1221 id
823 1197 893 1229 est,
916 1191 958 1222 ad
983 1191 1157 1232 praecipu-

160 1247 212 1267 am
248 1236 447 1266 sententiam
481 1235 663 1276 praecepti,
698 1233 829 1266 scilicet
864 1240 899 1266 ut
936 1241 1158 1265 conservetur

159 1279 387 1311 ministerium.
435 1278 709 1310 Consentaneum
744 1283 796 1309 est
831 1284 941 1309 autem
971 1276 1158 1319 Apostolos

160 1321 248 1354 hanc
272 1324 378 1364 ipsam
402 1323 444 1354 ob
470 1333 607 1354 causam
631 1328 780 1353 mutasse
800 1321 904 1360 diem,
935 1326 971 1353 ut
1002 1322 1158 1353 ostende-

160 1373 235 1398 rent
268 1365 455 1407 exemplum
478 1365 710 1407 abrogationis
742 1364 854 1407 legum
879 1363 1159 1397 Ceremonialium

160 1408 295 1451 politiae
319 1409 493 1440 Mosaicae
517 1409 548 1439 in
574 1409 626 1439 die
650 1408 803 1450 septimo.

248 1494 351 1528 Simul
378 1500 491 1527 autem
520 1494 668 1527 sciamus
691 1494 802 1527 Deum
835 1493 925 1526 velle
949 1494 1102 1536 publicos
1126 1502 1159 1527 et

159 1539 323 1571 honestos
349 1549 558 1581 congressus
581 1549 671 1577 esse,
695 1545 727 1570 et
752 1537 838 1570 velle
851 1539 1036 1570 doctrinam
1049 1538 1159 1570 Evan-

161 1582 239 1626 gelii
263 1594 330 1614 non
354 1593 431 1614 esse
455 1593 580 1615 arcana
602 1581 800 1625 Eleusynia,
825 1582 885 1614 sed
909 1593 1029 1614 vocem
1054 1581 1160 1624 publi-

159 1638 254 1666 cam,
283 1632 319 1658 ut
348 1625 454 1658 Fili'us
477 1627 509 1657 in
534 1631 603 1657 toto
630 1636 754 1667 genere
776 1625 921 1658 humano
940 1633 1160 1668 agnoscatur,

160 1672 248 1702 sicut
271 1676 488 1712 praeceptum
512 1676 578 1701 est:
603 1669 701 1701 Hunc
719 1670 840 1701 audite.
887 1670 950 1706 Qui
975 1671 1107 1712 quidem
1127 1676 1160 1701 et

159 1715 233 1756 ipse
267 1714 431 1745 immensa
465 1715 613 1745 bonitate
648 1719 869 1745 conservator
900 1720 952 1745 est
975 1714 1160 1753 ministerii,

161 1759 250 1789 sicut
263 1757 424 1798 scriptum
437 1762 504 1788 est:
524 1757 627 1789 Sedet
640 1757 682 1788 ad
706 1757 878 1788 dexteram
901 1758 1027 1788 aeterni
1050 1757 1160 1789 Patris

162 1801 246 1832 dans
270 1801 358 1832 dona
377 1800 578 1839 hominibus,
601 1801 803 1842 Prophetas,
827 1799 1027 1842 Apostolos,
1051 1800 1160 1832 Evan-

161 1844 323 1889 gelistaS,
357 1843 519 1876 Pastores
544 1850 575 1876 et
598 1844 781 1877 Doctores,
827 1844 925 1883 Item,
949 1843 1023 1887 Ego
1047 1846 1160 1876 vobis-

161 1899 236 1919 cum
261 1899 335 1920 sum
358 1889 511 1920 omnibus
536 1888 652 1919 diebus
673 1898 780 1930 usque
804 1888 846 1919 ad
876 1887 982 1920 seculi
1007 1899 1160 1920 eonsum-

159 1933 350 1963 mationem.
395 1931 436 1963 Et
460 1932 592 1974 quidem
616 1942 677 1973 per
701 1943 776 1963 eum
801 1938 833 1963 et
851 1938 989 1973 propter
1012 1943 1086 1964 eum
1099 1932 1162 1964 Ec-

161 1974 266 2007 elesia
290 1985 398 2016 usque
422 1976 465 2006 ad
489 1981 671 2006 extremum
687 1975 841 2007 iudicium
855 1974 1035 2018 colligitur,
1058 1975 1162 2018 quue

160 2029 303 2063 regnum
317 2018 443 2050 Christi
466 2019 615 2051 nominat
634 2017 773 2058 Paulus,
799 2030 874 2051 cum
898 2020 1015 2061 inquit,
1038 2018 1163 2052 Postea

159 2063 358 2094 traditurum
388 2073 466 2095 esse
496 2073 638 2105 regnum
661 2062 736 2094 Deo
772 2069 804 2094 et
828 2063 930 2094 Patri.
977 2063 1029 2096 Ac
1064 2062 1163 2096 valde

160 2107 390 2138 necessarium
423 2111 476 2138 est
503 2106 591 2138 hanc
614 2107 786 2139 assiduam
809 2108 1036 2148 praesentiam
1059 2113 1091 2139 et
1116 2107 1163 2140 ef-

161 2150 312 2181 ficaciam
336 2148 409 2181 Filii
432 2149 498 2182 Dei
521 2151 554 2181 in
566 2149 721 2182 Ecclesia
746 2151 908 2193 cogitare,
933 2151 975 2182 de
999 2161 1064 2192 qua
1077 2150 1163 2184 Pau-

160 2192 214 2225 lus
238 2194 364 2236 inquit:
393 2193 469 2235 lpse
494 2199 546 2226 est
571 2199 670 2235 caput
694 2195 806 2226 onmia
829 2195 862 2225 in
886 2195 1041 2226 omnibus
1064 2194 1164 2236 perfi-

163 2238 267 2269 ciens.
313 2237 355 2268 Et
370 2236 537 2269 Dominus
561 2238 682 2279 inquit:
705 2237 779 2279 Ego
804 2249 878 2270 sum
898 2239 986 2277 vitis,
1011 2250 1073 2270 vos
1093 2237 1163 2280 pal-

162 2281 272 2313 mites.
340 2281 440 2320 Item,
474 2282 555 2312 Sine
588 2292 641 2313 me
665 2281 747 2312 nihil
770 2284 917 2324 potestis
941 2280 1068 2321 facere,
1092 2282 1164 2314 Ma-

161 2330 238 2356 nete
261 2326 295 2356 in
317 2334 370 2356 me
395 2331 427 2357 et
451 2335 515 2368 ego
539 2326 572 2357 in
595 2325 705 2357 vobis.

250 2410 345 2443 Haec
369 2412 410 2443 de
433 2413 626 2454 praesentia
649 2417 682 2444 et
706 2412 748 2444 de
771 2412 923 2444 efficacia
947 2411 1019 2444 Filii
1042 2411 1108 2444 Dei
1130 2413 1164 2444 in

164 2455 359 2493 ministerio,
394 2460 426 2487 et
456 2456 497 2487 de
533 2456 694 2498 (lignitate
728 2457 901 2488 ministerii
930 2455 1165 2497 complectitur

165 2499 318 2530 doctrina
351 2499 438 2530 tertii
472 2500 663 2541 praecepti,
698 2499 791 2531 iuxta
824 2499 912 2533 hanc
948 2501 1164 2532 sententiam:

164 2541 384 2584 Evangelium
409 2549 460 2573 est
483 2544 631 2583 potentia
654 2542 718 2575 Dei
749 2544 792 2575 ad
816 2543 960 2576 salutem
984 2544 1071 2575 omni
1095 2554 1165 2575 cre-

166 2586 266 2618 denti.
302 2586 377 2622 Quo
402 2586 490 2618 dicto
516 2597 676 2628 expresse
695 2585 891 2629 affirmatur,
915 2587 1025 2619 Deum
1049 2585 1164 2619 effica-

168 2639 240 2661 cem
264 2640 353 2669 esse,
376 2640 435 2671 per
459 2631 585 2663 externi
610 2631 715 2669 verbi,
751 2629 828 2663 lecti
852 2642 913 2664 seu
936 2632 1049 2671 auditi,
1075 2632 1164 2674 cogi-

886 232 1034 264 Tertium
1056 242 1151 274 prae·
1176 247 1177 251 =

341 366 410 398 Sed
433 376 500 407 quo
520 365 562 396 ad
587 365 746 406 speciem,
771 370 823 396 est
847 362 1096 402 Ceremoniale,
1120 367 1153 393 et
1178 379 1179 383 =

1012 451 1081 482 Sed
1105 456 1154 481 ta·
1178 455 1181 464 ⁴

1174 135 1377 170 SYMBOLI
1399 135 1560 169 NICENI.
2137 137 2204 170 566

1174 233 1177 245 l

1205 233 1375 264 tationem.
1422 231 1484 263 Est
1508 241 1591 274 ergo
1616 241 1701 273 opus
1730 231 1818 263 tertii
1841 233 2030 274 praecepti,
2065 242 2204 264 conser-

1176 289 1178 310 i
1205 276 1295 307 vatio
1319 276 1490 307 ministerii
1512 274 1700 318 Evangelii,
1723 285 1809 317 quae
1832 276 1973 317 pertinet
1998 286 2065 306 non
2094 274 2205 308 solum

1176 314 1179 341 l
1207 320 1249 350 ad
1272 319 1444 358 docentes,
1481 319 1542 350 sed
1572 320 1670 350 etiam
1692 319 1736 350 ad
1754 318 1914 360 populum
1937 320 2143 357 audientem,
2173 324 2206 351 et

1205 363 1249 393 ad
1273 369 1416 402 coetum,
1441 363 1496 404 qui
1519 368 1737 404 praeparatur
1760 364 1802 393 ad
1826 363 2025 394 docendum.
2072 362 2206 394 Docen-

1178 404 1180 450 ξ
1207 411 1257 437 tes
1283 413 1377 438 recta
1397 407 1553 445 doceant,
1577 412 1609 437 et
1624 406 1843 438 Sacramenta
1855 412 1947 437 recte
1959 406 2204 437 administrent.

1207 449 1390 482 Auditores
1410 450 1477 481 sint
1500 459 1665 481 memores
1688 449 1788 481 huius
1813 450 1908 481 dicti:
1933 450 1997 486 Qui
2021 460 2084 481 vos
2103 449 2206 489 audit,

1206 503 1259 524 me
1280 493 1383 532 audit,
1407 495 1464 535 qui
1484 504 1546 525 vos
1570 494 1708 535 spernit,
1727 504 1779 524 me
1802 494 1941 535 spernit.

1295 579 1367 611 Nec
1391 580 1603 611 constituitur
1625 579 1691 610 hoc
1715 580 1803 611 dicto
1827 585 1978 621 potestas
1991 586 2086 612 extra
2098 579 2207 611 Evan-

1208 623 1344 666 gelium,
1379 624 1441 655 sed
1464 624 1654 654 mandatum
1677 624 1818 654 traditur
1842 624 1884 654 de
1908 624 2073 655 audiendo
2097 623 2208 655 Evan-

1179 665 1307 725 igelio,
1344 672 1376 698 et
1410 667 1604 698 necessaria
1636 665 1823 698 consolatio
1859 668 2004 705 additur,
2038 665 2110 699 vult
2144 677 2207 698 nos

1208 712 1296 741 scire
1319 709 1423 742 Filius
1447 709 1523 748 Dei,
1542 720 1663 741 revera
1687 709 1862 742 efficacem
1886 721 1964 742 esse
1987 711 2098 742 Deum
2122 721 2208 742 voce

1208 754 1362 792 ministri,
1398 755 1484 784 sicut
1509 764 1594 785 voce
1618 753 1703 792 Filii,
1739 760 1770 785 et
1793 764 1862 785 non
1892 755 2104 796 quaerendas
2130 763 2208 785 esse

1208 796 1292 829 alias
1336 796 1563 828 revelationes
1605 803 1700 828 extra
1735 798 1896 839 scriptum
1931 799 2087 836 verbum,
2122 798 2210 829 sicut

1208 839 1459 873 Stenckteldius
1506 847 1537 872 et
1571 840 1815 883 Anabaptistae
1856 841 2013 873 abiiciunt
2048 842 2210 882 scriptum

1209 885 1359 916 verbum.

1179 983 1183 1021 ἰ
1295 971 1369 1003 Etsi
1401 976 1515 1002 autem
1539 980 1655 1002 omnes
1681 970 1892 1013 corruptelae
1916 971 2090 1004 doctrinae
2113 969 2212 1002 simul

1208 1020 1286 1047 sunt
1308 1020 1452 1056 peccata
1487 1020 1606 1046 contra
1625 1015 1778 1056 primum,
1802 1015 2002 1054 secundum,
2024 1021 2056 1046 et
2079 1015 2212 1046 tertium

1208 1065 1436 1101 praeceptum,
1472 1064 1582 1089 tamen
1617 1063 1784 1100 quatenus
1819 1057 2042 1091 labefactatur
2065 1058 2213 1090 ministe-

1210 1103 1306 1140 rium,
1331 1103 1465 1144 proprie
1488 1108 1641 1143 pugnant
1665 1113 1739 1133 cum
1753 1104 1851 1134 tertio
1865 1109 2060 1144 praecepto,
2087 1108 2119 1133 et
2142 1102 2213 1144 qui—

1209 1147 1285 1177 dem
1309 1144 1574 1178 Stenckteldiani
1597 1143 1729 1188 furores·
1753 1152 1786 1177 et
1798 1146 2054 1188 Anabaptistici,
2078 1146 2133 1188 qui
2157 1156 2213 1177 ne-

1209 1195 1291 1231 gant
1320 1189 1429 1221 Deum
1464 1188 1638 1220 efficacem
1673 1199 1751 1219 esse
1787 1200 1848 1231 per
1874 1200 1993 1221 vocem
2028 1190 2214 1228 doctrinae,

1210 1234 1337 1265 directe
1361 1232 1474 1265 delent
1497 1239 1602 1264 totum
1625 1233 1854 1265 ministerium.
1902 1233 1987 1265 Sunt
2012 1234 2113 1276 igitur
2136 1243 2214 1274 pec-

1211 1284 1284 1308 cata
1317 1283 1434 1308 contra
1470 1277 1603 1308 tertium
1626 1283 1855 1318 praeceptum,
1892 1283 1924 1308 et
1957 1276 2215 1309 Donatistarum

1210 1319 1355 1359 furores,
1390 1321 1444 1362 qui
1469 1321 1675 1351 contendunt
1700 1319 1809 1352 Deum
1832 1331 1900 1352 non
1925 1331 2002 1352 esse
2026 1319 2213 1359 efficacem,

1211 1364 1240 1395 si
1264 1365 1422 1395 doctores
1446 1369 1503 1395 aut
1526 1363 1798 1395 administrantes
1818 1366 2035 1396 Sacramenta
2057 1374 2126 1395 non
2150 1364 2216 1395 sint

1212 1409 1333 1439 sancti:
1365 1407 1450 1439 Cum
1475 1414 1586 1439 tamen
1606 1407 1690 1438 fides
1713 1409 1818 1440 verbo
1842 1407 1919 1447 Dei,
1944 1418 2011 1439 non
2035 1408 2216 1440 sanctitate

1211 1451 1351 1483 ministri
1377 1451 1434 1483 niti
1460 1452 1597 1489 debeat,
1627 1451 1720 1483 iuxta
1742 1451 1809 1483 hoc
1832 1451 1940 1493 ipsum
1965 1452 2102 1483 dictum:
2150 1451 2216 1487 Qui

1212 1506 1275 1526 vos
1300 1496 1402 1533 audit,
1422 1505 1474 1526 me
1497 1496 1599 1534 audit,
1623 1496 1657 1527 id
1680 1501 1744 1535 est,
1767 1505 1835 1527 non
1854 1496 1995 1527 ministn'
2018 1506 2213 1538 personam,

1212 1539 1273 1570 sed
1297 1549 1404 1571 meam
1427 1539 1598 1580 respiciat.

1301 1626 1386 1658 Sunt
1409 1631 1443 1658 et
1465 1625 1531 1658 alia
1553 1625 1656 1657 multa
1678 1632 1821 1668 peccata
1845 1632 1963 1659 contra
1975 1628 2106 1659 tertium
2120 1636 2216 1669 prae-

1214 1671 1362 1711 ceptu‘m,
1386 1680 1527 1711 prorsus
1549 1669 1687 1701 abolere
1711 1670 1928 1702 ministerium
1951 1669 2146 1714 Evangelii,
2181 1675 2217 1702 ut

1213 1713 1308 1745 multi
1331 1713 1478 1756 Tyranni
1501 1714 1637 1746 faciunt.
1666 1713 1760 1753 Item,
1784 1713 2006 1755 corrumpere
2032 1715 2217 1746 doctrinam

1215 1763 1271 1789 aut
1296 1757 1524 1789 Ceremonias.
1572 1757 1667 1796 Item,
1691 1758 1769 1789 Non
1793 1759 1974 1791 convenire
1992 1760 2036 1790 ad
2059 1757 2216 1801 publicos

1215 1811 1423 1843 congressus
1459 1801 1489 1832 in
1514 1799 1677 1832 Ecclesiis
1706 1808 1800 1833 recte
1831 1803 2041 1841 constitutis,
2072 1808 2105 1834 et
2128 1801 2217 1834 malo

1214 1844 1367 1887 exemplo
1391 1843 1476 1876 alios
1501 1846 1680 1877 abducere.
1727 1846 1824 1884 Item,
1855 1846 1932 1878 Non
1956 1847 2103 1878 tribuere
2126 1846 2218 1878 debi-

1214 1894 1282 1920 tam
1313 1889 1534 1920 reverentiam
1557 1887 1731 1931 Evangelii
1765 1891 1936 1921 ministris·
1983 1890 2062 1922 Item
2087 1891 2218 1932 eripere

1215 1933 1263 1964 eis
1283 1933 1418 1964 victum.
1453 1932 1506 1964 De
1531 1943 1640 1974 poena
1663 1933 1781 1965 horum
1801 1933 2148 1966 manifestissimorum
2162 1935 2218 1965 de-

1215 1974 1370 2008 lictorum
1395 1987 1555 2018 expresse
1579 1977 1710 2016 dicitur,
1734 1978 1866 2019 Aggaei
1900 1978 1928 2009 l.
1974 1978 2060 2015 Quia
2083 1978 2219 2010 domuin

1215 2031 1322 2058 meam
1347 2019 1530 2063 negligitis,
1554 2020 1641 2053 coeli
1666 2031 1732 2052 non
1757 2022 1837 2053 dant
1859 2033 1982 2060 rorem,
2006 2028 2038 2053 et
2067 2028 2159 2053 terra
2182 2021 2219 2053 fit

1216 2061 1355 2102 sterilis,
1381 2070 1413 2096 et
1436 2064 1596 2097 lereniiae
1622 2065 1669 2097 17.
1701 2065 1737 2096 Si
1761 2075 1829 2096 non
1853 2066 2106 2098 sanctificabitis
2131 2066 2218 2098 diem

1216 2109 1369 2146 Sabbati,
1404 2110 1609 2140 succendam
1639 2109 1750 2150 ignem
1773 2110 1806 2140 in
1840 2111 1949 2151 portis
1979 2108 2160 2142 Ierusalem
2184 2115 2218 2141 et

1217 2152 1391 2183 devorabit
1415 2152 1533 2184 domos
1555 2158 1587 2184 et
1609 2163 1676 2185 non
1701 2153 1935 2195 extinguetur,
1966 2159 1998 2185 et
2021 2154 2126 2186 simus
2150 2164 2217 2186 me-

1216 2206 1327 2228 mores
1352 2196 1430 2227 diet}
1454 2195 1584 2238 Ignatii,
1607 2195 1659 2233 τὰς
1682 2196 1787 2239 ἑορτάς
1809 2196 1851 2237 μή
1874 2197 2041 2237 ἀτιμάζετε.

1388 2364 1463 2404 DE
1495 2363 1764 2406 SECUNDA
1796 2365 2044 2408 TABULA.

1303 2499 1424 2532 Mirum
1460 2501 1593 2533 videtur
1621 2501 1744 2535 dictum
1768 2501 1891 2533 Christi
1916 2502 1957 2533 de
1980 2502 2131 2534 secunda
2152 2501 2216 2534 Ta·

1217 2543 1308 2585 bula,
1335 2556 1409 2576 cum
1433 2544 1555 2586 inquit:
1603 2545 1793 2577 Secundum
1818 2546 2009 2577 mandatum
2033 2544 2140 2588 simile
2164 2551 2216 2578 est

1216 2589 1332 2630 primo.
1380 2588 1447 2620 Sed
1471 2598 1595 2620 causae
1619 2589 1842 2631 gravissimae
1866 2595 1955 2629 sunt,
1979 2589 2148 2629 videlicet,
2180 2595 2216 2622 ut

1187 2629 1191 2665 ἰ
1216 2631 1422 2675 intelligatur
1441 2631 1620 2664 similitudo
1646 2632 1861 2676 obligationis
1885 2640 2035 2673 eatenuS,
2054 2635 2144 2676 quod
2156 2633 2217 2666 hu-

2057 2695 2111 2720 36*
