2383 2990
151 119 215 152 401
794 117 838 151 V.
861 117 1135 150 EXPLICATIO
1160 119 1364 162 SYMBOLI
1391 119 1551 153 NICENI.
2127 124 2190 156 402

150 227 205 248 um
237 212 462 257 periculorum
495 219 528 245 et
562 213 798 252 calamitatum,
834 214 989 246 videlicet
1012 213 1143 255 lapsum

149 260 331 302 primorum
355 263 527 299 parentum
553 265 584 289 et
607 265 733 289 reatum
759 268 800 288 ac
813 259 1086 299 depravationem
1110 259 1141 289 in

148 302 294 345 posteris
319 303 512 344 propagatis
537 312 577 332 ex
602 302 710 333 Adam
736 309 767 333 et
793 301 877 340 Era,
899 303 1064 333 communi
1090 312 1143 332 or-

149 347 225 377 dine
251 352 401 383 naturae,
425 346 502 387 quia
528 357 602 377 cum
626 353 701 386 post
726 344 857 386 lapsum
878 346 1067 376 amisissent
1081 346 1144 386 pri-

149 400 209 421 ora
233 390 333 428 dona,
359 396 390 420 et
414 389 650 431 integritatem,
675 390 794 420 deinde
814 396 1041 431 propagarunt
1057 389 1143 420 tales

148 432 267 475 quales
293 440 387 464 eraut
412 433 486 475 ipsi,
511 444 552 464 ac
576 433 722 464 narratio
753 434 795 464 de
818 431 918 473 lapsu
942 439 1032 463 extat
1055 434 1086 463 in
1115 433 1143 463 l.

147 475 206 508 lib.
230 477 330 508 moisi
353 487 426 518 cap.
451 476 482 509 3.

235 564 299 596 Sed
324 574 444 595 rursus
458 561 686 595 vociferantur
704 562 857 594 homines
873 563 978 604 impii:
1003 562 1143 594 Etiamsi

146 608 242 649 primi
277 606 431 644 homines
466 608 695 638 discesserunt
726 617 746 638 a
769 607 924 638 mandato
949 605 1030 643 Dei,
1065 607 1143 648 quid

145 651 214 683 hoc
237 652 279 682 ad
304 651 545 692 posteritatem,
570 662 630 683 cur
653 651 833 691 posteritas
858 661 915 681 rea
939 650 1014 681 est?
1062 651 1143 681 Pro-

145 701 221 737 pter
255 693 341 726 tales
376 693 609 726 cavillationes
634 693 806 736 Pelagiani
836 700 868 725 et
892 693 982 726 multi
1008 693 1062 725 alii
1086 704 1143 725 ne-

146 744 268 781 garunt
303 737 426 780 aliquid
462 748 538 769 esse
561 744 737 779 peccatum
763 739 930 780 Originis,
966 736 1020 769 alii
1046 739 1142 769 valde

144 787 385 814 extenuarant:
410 782 471 812 sed
491 793 554 813 nos
579 789 752 813 teneamus
777 782 865 814 dicta
887 781 1086 823 Prophetica
1111 788 1142 813 et

144 824 358 867 Apostolica,
383 836 469 867 quae
493 824 662 857 affirmant
687 827 916 867 posteritatem
941 836 1031 856 icam
1048 836 1140 863 esse,

145 875 177 900 et
202 868 354 901 homines
379 876 558 901 nascentes
583 880 698 901 secum
720 869 839 900 afferre
859 869 890 900 in
916 868 978 901 hac
999 870 1072 911 ipsa
1085 880 1142 900 na-

144 917 220 945 tura
245 911 348 944 multa
371 912 542 944 horribilia
566 912 651 944 mala
676 913 858 954 pugnantia
873 924 945 943 cum
964 913 1052 955 Lege
1067 913 1142 951 Dei,

143 955 302 988 videlicet
326 957 357 987 in
383 964 492 987 mente
512 956 689 999 caliginem
710 964 741 987 et
756 957 979 988 dubitationes
995 958 1035 988 de
1049 956 1141 988 Deo:

144 999 182 1031 ln
205 999 379 1032 voluntate
404 1007 435 1031 et
460 1001 563 1031 corde
587 1002 797 1032 aversionem
822 1012 840 1031 a
866 999 958 1038 Deo,
994 1011 1141 1031 amorem

142 1045 251 1075 nostri
286 1045 358 1075 sinc
383 1043 475 1081 Deo,
511 1050 543 1075 et
576 1043 791 1086 multiplicent
817 1045 1059 1075 contumaciam
1084 1045 1140 1076 ad-

135 1090 269 1119 'versus
292 1087 420 1129 Legem
435 1087 509 1119 Dei.

231 1184 459 1216 Romanorum
483 1184 514 1215 5.
561 1183 627 1215 Per
651 1194 750 1214 unum
775 1183 941 1214 homiuem
966 1190 1140 1224 peccatum

141 1228 277 1260 intravit
301 1228 332 1258 in
358 1228 532 1265 mundum,
552 1233 583 1258 et
607 1238 667 1268 per
692 1226 871 1258 Peccatum
896 1238 1000 1264 mors,
1037 1234 1068 1258 et
1091 1228 1140 1258 sic

141 1272 176 1304 in
211 1282 329 1303 omnes
352 1271 506 1303 homines
530 1281 622 1302 mors
646 1272 808 1312 pervasit,
840 1281 880 1302 eo
906 1273 996 1313 quod
1021 1280 1138 1302 omnes

140 1321 381 1359 peccaverunt.

1163 1198 1170 1288 ...-

225 1409 305 1441 ltem
314 1408 441 1450 Ephes.
454 1409 485 1440 2,
500 1408 643 1440 Eramus
657 1414 774 1440 natura
788 1407 933 1447 filiiirae,
946 1410 1050 1447 idest,
1064 1420 1140 1450 pro-

164 1454 202 1485 rii
216 1454 451 1491 danmationis,
473 1453 502 1484 id
520 1459 584 1491 est,
604 1453 648 1484 rei
664 1458 695 1484 et
709 1453 865 1484 danmati.
890 1453 931 1484 Et
945 1452 1070 1485 Psalm.
1085 1454 1138 1485 30.

138 1462 231 1529 Ecce
245 1498 276 1529 in
291 1498 517 1539 iniquitatibus
534 1503 719 1538 conceptus
733 1507 819 1535 sum,
832 1498 953 1539 quibus
964 1498 1077 1528 verbis
1091 1496 1139 1528 as-

139 1540 246 1573 firmat
256 1541 435 1583 Propheta,
449 1547 622 1582 peccatum
637 1551 714 1572 esse
727 1548 949 1583 propagatum
964 1552 981 1572 a
997 1542 1140 1583 parenti—

140 1585 216 1624 buS,
237 1591 269 1617 et
288 1584 428 1616 illustris
449 1585 558 1626 imago
573 1585 747 1626 proposita
761 1591 810 1615 cst
825 1586 865 1616 de
882 1585 1008 1616 viatore
1022 1586 1138 1616 saucio

138 1627 254 1661 Lucae
272 1629 319 1660 10.
334 1629 364 1660 in
379 1639 446 1673 (ωε
460 1627 563 1660 voluit
574 1628 738 1660 Dominus
752 1629 958 1660 considerari
976 1630 1139 1671 magnitu-

138 1673 248 1704 dinem
262 1671 425 1704 malorum
450 1679 642 1704 nostrorum
667 1679 699 1703 et
723 1683 859 1703 causam
873 1679 904 1703 et
922 1671 1138 1704 salvatorem.

138 1716 387 1754 Asthominem,
411 1717 443 1747 id
463 1723 526 1755 est,
551 1717 678 1758 primos
691 1722 849 1758 parentes
863 1717 1084 1748 descendisse
1098 1727 1138 1748 ex
1162 1683 1167 1759 i

138 1759 360 1802 lerosolyma,
385 1761 415 1791 id
441 1767 505 1798 est,
528 1771 569 1791 ex
593 1767 694 1798 statu,
718 1761 750 1791 in
775 1770 840 1801 quo
866 1768 936 1791 erat
958 1761 1080 1791 iustitia
1105 1767 1137 1792 et
1162 1761 1167 1810 Ι

137 1814 216 1846 pax,
241 1805 282 1834 ad
304 1803 445 1841 leiich0‚
470 1805 500 1835 id
522 1810 586 1842 est,
611 1802 829 1846 fragrantiam
853 1804 961 1844 pomi,
992 1810 1023 1835 et
1047 1815 1066 1835 a
1090 1802 1138 1835 la·

137 1853 237 1879 trone
256 1846 402 1879 Diabolo
427 1849 612 1889 oppressos
636 1858 726 1885 esse,
751 1858 791 1878 ac
811 1846 976 1889 spoliatos
1001 1858 1041 1879 ac
1066 1846 1137 1879 vul·

137 1898 276 1923 net-atos
301 1902 396 1929 esse,
433 1890 567 1932 spoliati
593 1898 688 1929 sunt,
720 1891 751 1922 id
778 1899 848 1929 est,
873 1890 951 1922 sacti
976 1897 1053 1922 sunt
1078 1893 1136 1930 rei,

137 1933 246 1966 avulsi
282 1935 345 1966 iam
381 1946 400 1966 a
436 1934 531 1973 Deo,
568 1942 599 1966 et
633 1936 804 1966 desierunt
830 1946 909 1966 esse
933 1933 1134 1967 domicilium

135 1977 221 2016 Dei,
255 1980 434 2010 amiserunt
460 1978 569 2011 lucem
594 1980 730 2010 notitiae
755 1979 835 2016 Dei,
870 1990 956 2021 quae
979 1986 1079 2010 antea
1103 1980 1135 2010 in

137 2023 187 2055 eis
211 2021 364 2061 fulserat,
391 2025 494 2055 verbo
519 2024 550 2054 iu
575 2024 657 2064 ipsis
683 2022 872 2061 habitante,
896 2030 927 2054 et
953 2024 1132 2054 amiserunt

137 2066 347 2098 dilectionem
361 2066 437 2105 Dei,
463 2073 494 2098 et
520 2068 772 2101 congruentiam
799 2066 982 2098 voluntatis
1007 2073 1038 2098 et
1062 2078 1134 2098 cor·

137 2111 188 2141 dis
214 2122 287 2142 cum
313 2110 399 2149 Deo,
424 2121 510 2153 quae
536 2112 715 2153 regebatur
739 2111 864 2151 Spiritu
890 2117 1026 2148 sancto,
1056 2111 1134 2142 ami-

136 2161 253 2186 serunt
278 2160 310 2185 et
336 2155 447 2185 vitam.
495 2155 578 2186 Sunt
605 2161 635 2185 et
663 2154 826 2186 vulnerati
851 2156 881 2185 in
909 2164 1034 2192 metue,
1070 2156 1132 2185 iam
1158 2173 1162 2180 ι

136 2206 213 2229 sunt
238 2199 451 2229 tristissimae
476 2199 700 2229 dubitationes
726 2200 767 2230 de
792 2198 879 2235 Deo,
904 2200 934 2229 in
962 2198 1134 2230 voluntate

135 2249 167 2274 et
193 2243 295 2273 corde
322 2243 532 2273 contumacia
557 2249 674 2274 contra
697 2241 805 2286 legem
826 2241 900 2278 Dei,
926 2249 957 2273 et
982 2242 1133 2273 fremitus
1156 2265 1160 2277 ,

135 2294 255 2318 contra
283 2286 387 2317 Deum
413 2287 581 2318 coniuncti
606 2297 679 2318 cum
704 2286 881 2318 horrendis
902 2285 1076 2317 doloribus
1100 2292 1133 2317 et
1156 2279 1160 2358 1

134 2337 253 2361 morte.
300 2329 393 2361 Haec
429 2328 515 2361 omia
551 2340 616 2360 uon
653 2338 813 2362 sanantur
838 2341 896 2372 pcr
920 2331 1131 2361 sacerdotem

135 2380 167 2405 et
192 2373 256 2404 Lex
267 2374 346 2404 itas.
379 2374 409 2404 id
436 2381 505 2411 est,
542 2385 601 2415 per
626 2373 768 2416 Legem,
802 2375 862 2405 sed
888 2381 1049 2405 sanantur
1073 2385 1132 2415 per

134 2416 253 2449 Filium
279 2417 361 2449 Dei.
398 2418 451 2459 qui
487 2418 532 2448 ibi
558 2418 689 2449 nomine
714 2418 914 2449 Samaritani
939 2418 1132 2449 dulcissime

133 2461 291 2504 pingitur,
316 2463 372 2503 qui
398 2461 514 2503 recipit
539 2468 658 2504 gentes
682 2468 714 2493 et
737 2462 891 2494 ludaeos.

1589 219 1796 261 Definitio.

1286 345 1484 387 Priusquam
1504 353 1612 379 autem
1637 347 1859 379 definitionem
1877 348 2048 390 propriam
2061 351 2193 390 peccati

1198 390 1337 431 originis
1369 391 1550 429 tradimus,
1585 392 1674 422 initio
1712 400 1790 423 nota
1823 393 1864 423 sit
1888 393 2036 424 definitio
2062 394 2192 434 peccati

1198 434 1229 464 iu
1266 443 1389 475 genere
1426 436 1632 466 conveniens
1657 434 1810 477 originali
1835 443 1867 467 et
1892 435 2014 468 actuali
2038 444 2192 477 peccato,

1198 477 1276 518 quia
1301 485 1390 508 recte
1416 477 1615 509 vocabulum
1640 481 1770 520 peccati
1793 478 2103 522 intelligi'oportet.
2128 480 2193 512 Ex·

1198 527 1244 551 tat
1275 527 1384 551 autem
1420 521 1589 563 generalis
1615 523 1793 563 descriptio
1818 524 1850 554 in
1878 524 1905 554 l.
1926 523 2078 565 Epistola
2102 525 2191 556 loan.

1198 565 1306 604 capite
1330 564 1361 595 3.
1386 564 1403 603 ἡ
1427 564 1558 607 ἁμαριία
1581 568 1660 596 ἐστὶν
1683 565 1802 605 ἀνομία.
1827 566 2006 598 Peccatum
2031 574 2082 599 est
2102 568 2193 610 quic-

1198 608 1276 649 quid
1300 615 1350 639 est
1372 616 1489 640 contra
1515 609 1639 652 Legem
1660 609 1734 641 Dei.
1781 610 1873 641 Haec
1897 612 2077 653 descriptio
2102 618 2194 643 recte

1198 650 1378 687 intellecta,
1404 653 1568 684 concinna
1592 660 1655 692 est,
1681 655 1757 695 quia
1780 655 1986 695 privationes
2010 655 2075 686 hoc
2093 656 2193 686 modo

1198 695 1435 727 describuntur
1470 695 1616 728 collatae
1649 697 1692 728 ad
1721 708 1873 729 normam
1896 709 1982 740 quac
2006 700 2091 741 regit
2116 710 2195 731 cou—

1198 746 1309 770 traria.

1284 825 1345 857 Est
1369 833 1479 858 autem
1498 826 1580 865 Lex,
1604 827 1774 869 Sapientia
1797 829 1932 859 immota
1956 829 1989 859 in
2013 836 2122 861 mente
2147 830 2193 861 di-

1198 871 1286 909 vina,
1323 881 1409 912 quae
1440 878 1490 901 est
1517 882 1632 902 norma
1657 872 1800 903 iustitiae
1824 872 1954 903 divinae
1978 874 2074 904 nobis
2099 879 2191 914 pate—

1197 914 1319 952 factae,
1351 921 1383 945 et
1411 915 1496 945 idem
1522 922 1573 945 est
1598 915 1721 954 dicere,
1759 914 1935 947 Peccatum
1960 923 2011 947 est
2036 917 2193 958 quiddam

1198 959 1402 990 contrarium
1438 958 1520 1001 Legi
1547 958 1633 996 Dei,
1669 966 1701 990 et
1735 967 1912 1000 peccatum
1948 967 1999 991 est
2035 961 2190 1002 quiddam

1196 1003 1296 1033 menti
1321 1009 1353 1032 et
1378 1001 1537 1033 voluntati
1566 1002 1629 1033 Dei
1655 1004 1870 1041 contrarium,
1907 1010 1936 1035 et
1962 1011 2076 1035 reatus
2102 1015 2192 1035 com-

1196 1045 1412 1086 prehenditur
1447 1047 1478 1076 in
1509 1047 1642 1077 nomine
1666 1046 1787 1088 Legis,
1823 1048 1899 1089 quia
1923 1047 1994 1078 Lex
2030 1058 2192 1089 expresse

1196 1090 1329 1120 damnat
1355 1100 1471 1120 onmes
1496 1100 1561 1120 nou
1587 1090 1750 1121 habentes
1774 1091 1937 1132 integram
1957 1092 2192 1131 obedientiam,

1196 1134 1286 1164 imita
1312 1134 1452 1164 dictum:
1476 1132 1677 1165 Maledictus
1702 1135 1828 1172 omnis,
1853 1136 1907 1176 qui
1932 1145 1999 1165 non
2025 1142 2133 1166 immet
2158 1136 2191 1166 in

1195 1177 1349 1208 omnibus
1374 1187 1459 1218 quae
1484 1184 1561 1208 suut
1586 1179 1711 1218 scripta
1746 1179 1777 1209 in
1802 1177 1913 1220 Lege,
1949 1189 2058 1221 neque
2081 1186 2193 1210 tamen

1194 1220 1417 1262 reprehendO,
1442 1221 1470 1252 si
1494 1222 1568 1262 quis
1591 1222 1691 1253 addat
1717 1222 1800 1253 haec
1826 1223 1939 1254 verba.

1283 1297 1465 1330 Peccatum
1491 1306 1543 1331 est
1567 1300 1723 1342 quicquid
1748 1306 1799 1331 est
1823 1306 1942 1332 contra
1966 1300 2091 1343 Legem
2116 1301 2191 1341 Dei,

1194 1349 1331 1383 propter
1354 1343 1443 1384 quod
1469 1349 1501 1374 et
1525 1353 1672 1385 persona
1696 1354 1753 1375 rea
1778 1350 1828 1375 est
1852 1345 1921 1376 irae
1940 1343 2004 1376 Dei
2029 1352 2059 1376 et
2085 1351 2190 1376 aeter-

1193 1386 1515 1460 ffiieldamnationis,
1551 1388 1614 1418 uisi
1638 1386 1736 1419 suerit
1760 1386 1850 1419 facta
1874 1388 2029 1420 remissio
2054 1395 2191 1431 propter

1232 1441 1262 1461 e‹
1276 1436 1425 1461 latorem.

1282 1507 1430 1540 Prorsus
1465 1509 1551 1540 idem
1587 1509 1665 1540 dicit
1702 1509 1850 1541 definitio
1885 1508 2055 1552 generalis
2091 1521 2190 1552 quam

1194 1557 1292 1583 antea
1326 1552 1456 1584 tradidi.
1506 1552 1686 1585 Peccatum
1716 1560 1768 1584 est
1798 1553 1950 1585 defectus
1975 1553 2029 1585 rel
2053 1553 2190 1586 inclina-

1194 1596 1238 1626 tio
1262 1594 1316 1627 vel
1341 1597 1430 1628 actio
1454 1607 1610 1639 pugnans
1637 1608 1711 1628 cum
1725 1596 1818 1638 Lege
1834 1597 1908 1636 Dei,
1933 1597 2107 1630 offendens
2123 1598 2189 1630 De-

1192 1650 1246 1670 um
1271 1645 1303 1670 et
1328 1650 1537 1671 commerens·
1562 1641 1644 1672 iram
1667 1639 1742 1678 Dei,
1777 1640 1905 1672 faciens
1930 1653 2111 1682 personam
2137 1652 2188 1673 re-

1192 1694 1244 1713 am
1268 1690 1428 1715 aeternae
1452 1685 1685 1723 damnatiouiS,
1709 1685 1771 1716 nisi
1796 1685 1852 1716 fiat
1877 1686 2031 1716 remissio
2050 1693 2190 1728 propter

1192 1726 1422 1758 Mediator-em.
1469 1729 1537 1759 Sed
1567 1735 1699 1760 utamur
1732 1729 1847 1760 verbis
1871 1728 2047 1768 Iohannis,
2082 1737 2114 1761 et
2149 1741 2190 1762 ea

1193 1771 1310 1802 dextre
1343 1770 1579 1814 intelligamus.
1635 1771 1794 1804 Monachi
1829 1771 1952 1804 nullam
1996 1773 2188 1815 generalem

1192 1814 1416 1846 definitionem
1441 1817 1594 1854 tradunt,
1618 1816 1696 1858 quia
1720 1817 1832 1848 dicunt
1858 1816 1985 1859 Legem
2010 1818 2051 1848 de
2073 1825 2187 1849 actua-

1190 1856 1276 1889 libus
1312 1860 1462 1899 peccatis
1498 1860 1622 1897 dicere,
1657 1861 1748 1901 quod
1773 1859 1894 1892 falsum
1919 1867 1951 1892 et
1975 1872 2097 1892 vanum
2122 1868 2185 1894 est.

1192 1901 1361 1945 Pelagiani
1386 1904 1483 1934 etiam
1508 1903 1573 1935 hac
1586 1902 1800 1935 cavillatione
1812 1905 2009 1942 utebantur,
2033 1905 2188 1937 dicebaut

1190 1945 1276 1977 hauc
1301 1957 1431 1986 vocem,
1456 1947 1631 1989 originale,
1656 1959 1774 1979 novam
1800 1959 1894 1986 esse,
1927 1955 1958 1979 et
1981 1948 2060 1991 fingi
2086 1960 2187 1981 voca·

1191 1988 1302 2021 bulum
1327 1997 1359 2021 et
1383 2002 1451 2022 rem
1481 2002 1613 2023 novam.
1661 1991 1729 2023 Sed
1754 1990 1911 2023 Ecclesia
1939 1993 2187 2024 distinctionem

1190 2033 1362 2076 originalis
1389 2041 1420 2066 et
1442 2034 1621 2067 actualium
1647 2037 1782 2077 recepit,
1818 2043 1852 2067 ut
1877 2037 2094 2067 adversarios
2119 2048 2185 2068 ma-

1158 2099 1162 2115 ,
1188 2079 1241 2119 gis
1266 2078 1414 2110 refutare
1439 2086 1566 2120 posset,
1591 2089 1652 2111 nec
1678 2090 1732 2110 res
1757 2091 1845 2111 nova
1869 2080 2018 2122 fingitur,
2043 2081 2104 2112 sed
2118 2091 2186 2112 ma-

1189 2121 1319 2153 nisestis
1344 2123 1539 2154 testimoniis
1559 2124 1679 2154 dixinis
1702 2123 1889 2155 affirmatur
1913 2134 1991 2155 esse
2016 2122 2136 2156 malum
2151 2125 2184 2156 in

1188 2167 1403 2197 nascentibus
1424 2178 1464 2198 ex
1479 2168 1711 2198 commixtione
1726 2168 1825 2199 maris
1848 2175 1878 2199 et
1893 2167 2070 2207 foeminae,
2095 2168 2185 2210 quod

1186 2207 1262 2241 Deo
1287 2208 1464 2284 ldisplicet,
1503 2217 1534 2242 et
1559 2217 1609 2242 est
1633 2222 1737 2243 causa
1769 2213 1886 2243 mortis
1911 2219 1944 2243 et
1967 2219 2184 2254 pcccatorum

1186 2261 1283 2285 actua
1302 2265 1377 2285 lum.

1275 2322 1400 2354 Paulus
1416 2323 1606 2364 Periphrasi
1631 2335 1713 2356 usus
1738 2332 1789 2356 est
1814 2335 1887 2356 cum
1907 2326 2028 2367 inquit:
2055 2325 2182 2357 Omnes

1155 2362 1159 2412 Ι
1186 2377 1302 2398 sumus
1326 2375 1442 2399 natura
1469 2367 1523 2399 filii
1550 2369 1629 2406 irae,
1664 2374 1695 2399 et
1720 2367 1920 2400 vocabulum
1947 2376 2099 2408 naturae,
2136 2370 2182 2400 vi-

1187 2411 1294 2442 cinum
1318 2410 1396 2442 huic
1419 2413 1595 2443 recentiori
1619 2411 1784 2454 originali,
1819 2411 1897 2444 alibi
1932 2413 2080 2444 nominat
2103 2423 2182 2445 con-

1186 2456 1426 2496 cupiscentiam
1451 2456 1482 2487 in
1507 2457 1676 2488 membris.

1270 2543 1368 2574 Nunc
1404 2544 1582 2574 recitemus
1617 2542 1839 2574 definitionem
1870 2544 2002 2585 peccati
2028 2544 2180 2585 Origina-

1155 2578 1158 2617 ἶ
1182 2585 1237 2624 lis,
1261 2598 1323 2618 nec
1350 2586 1425 2617 inihi
1450 2585 1624 2627 displicent
1649 2588 1771 2618 usitata
1798 2588 1913 2625 verba,
1937 2588 2037 2618 modo
2062 2588 2181 2620 dextre

1154 2620 1157 2655 i
1183 2629 1424 2673 intelligantur.
1471 2631 1653 2663 Peccatum
1677 2629 1850 2673 Originale
1884 2637 1935 2662 est
1961 2632 2108 2663 carentia
2131 2631 2179 2663 iu-

291 2698 438 2717 maara-H,
449 2698 530 2718 omia,
546 2698 594 2716 vag
606 2713 609 2716 ,
623 2698 706 2717 ΧΧΗΙ,
1968 2694 2000 2718 26
