2383 2990
142 138 208 170 663

140 245 218 265 num
240 239 379 275 propter
412 233 496 264 iram
532 231 596 263 Dei
619 231 674 264 vel
707 237 846 273 propter
877 231 1138 272 confessionem,

140 284 174 308 nt
204 279 353 315 morbos,
389 275 488 313 bella,
523 276 668 317 inopiam
700 282 732 307 et
767 275 906 314 similes,
941 288 1026 318 quae
1062 283 1138 308 sunt

139 320 224 353 alias
249 321 437 360 δοκιμασίαί,
463 319 547 351 alias
568 325 725 361 τιμωρίαι,
750 318 833 350 allas
856 320 1020 361 μαρτύρια.
1045 320 1137 352 Haec

138 376 264 408 genera
290 363 370 396 nibil
405 364 447 395 ad
481 370 685 404 potestatem
712 361 855 394 clavium
891 366 1069 404 pertinent,
1103 365 1137 396 id

137 416 202 448 est,
224 415 375 451 potestas
401 406 545 439 clavium
569 417 632 438 nec
657 408 807 449 imponit,
830 417 895 438 nec
918 409 1063 439 remittit.

225 511 299 543 Etsi
334 517 446 543 autem
479 512 636 543 vitandae
670 511 885 543 obscuritatis
921 522 1026 544 causa
1054 510 1134 543 nolo

140 557 284 588 recitare
318 565 434 586 omnes
468 555 677 597 labyrinthos
703 554 799 586 huius
824 556 993 594 materiae,
1025 562 1134 587 tamen

140 601 301 642 quaedam
338 605 534 642 argumenta
569 599 735 637 refutabo,
771 609 857 640 quac
885 610 974 630 nnnc
999 600 1134 641 excogi-

138 650 210 718 {ant
232 642 334 685 aliqui
347 649 468 682 astute,
487 649 522 674 ut
545 653 679 674 errores
703 649 879 685 praetextu
902 642 1134 685 aliquostabi-

153 690 230 719 iant.

226 774 373 806 Primum
408 778 461 805 est
494 772 583 805 hoc:
623 771 778 804 Ecclesia
805 773 866 815 pie
900 772 980 804 facit
1013 773 1134 803 iubens

141 828 304 860 quaerere
327 817 564 860 mitigationem
586 827 783 858 poenarum,
807 822 839 847 et
862 817 997 848 modum
1021 822 1133 847 osten-

142 863 236 894 dens.

139 993 239 1036 tigari
262 1002 390 1034 poenas
413 989 630 1033 temporales.

228 1078 334 1122 Igitur
357 1076 512 1110 Ecclesia
534 1083 627 1109 recte
650 1074 743 1116 facit,
768 1077 891 1109 iubens
902 1074 1018 1108 facere
1041 1082 1135 1108 certa

141 1133 257 1165 opera.

227 1209 431 1251 Respondeo
454 1209 498 1240 ad
520 1208 689 1239 maiorem.
758 1206 917 1239 Ecclesia
939 1213 1033 1239 recte
1057 1205 1138 1239 facit

141 1254 258 1285 iubens
283 1262 448 1295 quaerere
471 1253 711 1294 mitigationem
734 1262 929 1293 poenarum,
954 1257 986 1282 et
1003 1251 1138 1282 modum

143 1297 325 1329 ostendens
359 1295 489 1328 scilicet
523 1296 680 1327 traditum
703 1295 735 1326 in
761 1293 956 1337 Evangelio,
991 1305 1059 1326 non
1083 1306 1138 1326 ex-

144 1342 298 1383 cogitans
322 1350 431 1372 novos
457 1338 578 1371 cultus.
624 1338 846 1370 Verissimum
871 1345 922 1370 est
946 1346 1058 1370 autem
1080 1340 1138 1370 mi-

141 1385 240 1427 tigari
274 1394 404 1426 poenas
441 1390 511 1415 tota
545 1383 769 1414 conversione
799 1387 831 1413 et
856 1382 953 1413 bonis
978 1383 1138 1424 operibus

142 1439 163 1460 a
185 1427 262 1459 Deo
286 1428 463 1459 mandatis.
501 1426 631 1458 Clamat
655 1425 809 1457 Ecclesia
834 1426 922 1457 sicut
944 1425 1047 1458 Filius
1061 1426 1137 1465 Dei,

142 1478 173 1503 et
197 1473 284 1504 sicut
319 1482 385 1503 vox
419 1471 563 1513 Spiritus
587 1470 696 1502 sancti
719 1480 852 1511 semper
875 1469 1012 1501 clamat:
1038 1470 1138 1511 Agite

141 1516 391 1557 poenitentiam.
469 1517 548 1546 Item
600 1514 665 1545 nisi
705 1514 943 1556 poenitentiam
989 1514 1138 1556 egeritis,

1157 906 1162 926 t

227 947 456 979 Certissimum
479 952 531 979 est
555 953 666 979 autem
688 947 927 989 propter-bona
950 956 1054 988 opera
1076 946 1134 978 mi-

142 1569 260 1591 omnes
283 1557 435 1591 similiter
456 1558 619 1600 peribitis.

229 1663 310 1695 Item
345 1663 374 1694 si
410 1667 550 1704 peccata
583 1667 699 1694 vestra
733 1659 856 1692 suerint
889 1666 926 1693 ut
950 1661 1135 1699 coccinum,

143 1708 236 1739 eritis
271 1707 404 1739 candidi
435 1707 522 1737 sicut
556 1706 625 1737 nix.
695 1705 733 1737 Si
765 1705 856 1736 eritis
881 1705 913 1736 in
937 1705 1137 1736 tristissimis

142 1751 275 1793 poenis,
309 1757 342 1782 et
376 1748 467 1782 velut
500 1749 686 1781 homicidae
716 1749 749 1779 in
774 1747 936 1790 supplicio
961 1748 1138 1789 conspersi

144 1805 280 1827 cruore:
314 1802 426 1826 tamen
460 1793 556 1826 Deus
596 1793 757 1836 mitigabit
797 1802 944 1835 poenaS,
985 1792 1139 1834 deterget

143 1849 307 1871 cruorem.

230 1927 321 1964 Item,
362 1923 602 1956 Convertimini
633 1923 677 1955 ad
711 1932 775 1962 me,
812 1928 846 1955 et
869 1932 934 1965 ego
959 1927 1139 1954 convertar

145 1970 187 2002 ad
210 1979 284 2001 vos.

232 2063 327 2096 Haec
349 2063 517 2095 inchoatio
540 2073 649 2095 novae
673 2061 893 2100 obedientiae,
917 2068 1064 2093 meretur
1082 2061 1140 2091 mi-

148 2108 341 2151 tigationem
363 2118 546 2149 poenarum
571 2104 818 2149 temporalium,
855 2111 887 2136 ct
922 2105 963 2136 de
986 2104 1038 2135 liis
1063 2115 1140 2145 ope-

148 2154 241 2184 ribus
260 2162 280 2182 a
303 2151 377 2182 Deo
401 2151 566 2182 mandatis
590 2149 797 2192 intelligatur
819 2149 940 2187 minor,
966 2147 1140 2179 nonaffin-

148 2202 270 2238 gantur
303 2194 369 2226 alia
404 2205 506 2235 opera
530 2205 592 2226 seu
616 2193 725 2226 cultus
750 2204 817 2224 non
841 2193 987 2223 mandati
1010 2203 1030 2223 a
1053 2191 1140 2222 Deo.
1166 2186 1169 2233 Ι

149 2241 261 2275 Quare
284 2239 313 2269 si
337 2239 370 2270 in
394 2237 615 2270 conclusione
639 2238 801 2274 addatur,
836 2235 1025 2268 Ecclesiam
1050 2242 1142 2266 recte
1166 2235 1169 2271 ἵ

147 2284 261 2315 facere
295 2283 495 2314 indicentem
528 2281 594 2313 alia
628 2282 793 2324 quaedam
828 2290 930 2321 opera
960 2290 1028 2311 non
1051 2277 1169 2346 man-1

149 2328 226 2358 data
261 2336 281 2357 a
316 2325 407 2357 Deo:
444 2326 584 2356 insidiae
608 2332 686 2357 sunt
710 2326 742 2355 in
769 2324 1008 2361 conclusione,
1032 2328 1063 2353 et
1087 2332 1142 2353 ne-

150 2371 262 2412 ganda
295 2375 347 2401 est
383 2370 644 2411 consequentia,
674 2369 752 2411 quia
774 2366 850 2407 plus
875 2372 926 2398 est
949 2368 981 2398 in
1007 2364 1142 2397 conclu-

151 2414 258 2451 sione,
293 2424 391 2455 quam
426 2414 459 2444 in
493 2413 700 2454 praemissis.
768 2410 925 2442 Ecclesia
948 2416 1039 2441 recte
1063 2407 1141 2440 facit

149 2458 359 2499 praecipiens
373 2463 475 2488 totam
489 2458 757 2493 conversionem,
777 2460 808 2485 et
823 2456 912 2485 bona
935 2464 1038 2495 opera
1052 2463 1141 2483 man-

151 2502 229 2532 data
264 2511 283 2532 a
316 2499 406 2539 Deo,
442 2501 529 2531 sicut
552 2501 709 2531 mandata
733 2504 822 2537 sunt,
856 2508 923 2529 non
948 2504 1040 2529 recte
1064 2495 1142 2527 sat-it

153 2546 286 2586 tingens
310 2544 462 2576 homines
482 2543 559 2586 lege
582 2545 689 2575 iustos
714 2552 802 2580 esse,
828 2547 858 2573 et
878 2540 942 2572 alia
962 2552 1050 2573 nova
1064 2551 1141 2582 ope-

151 2599 189 2619 ra
212 2587 366 2619 facienda
402 2598 479 2619 esse
514 2594 671 2629 tanquam
701 2586 1023 2628 supererogationis,
1057 2595 1142 2626 quae

152 2632 218 2664 sint
239 2632 380 2674 pretium
402 2632 445 2663 ad
469 2631 738 2673 compensandas
761 2639 900 2672 poenas.

775 136 888 168 PHIL.
910 137 1016 169 MEL.
1039 136 1229 170 SCRIPTA
1251 138 1535 171 DOGMATICA.

2129 141 2196 174 664

1282 233 1459 265 Caeterum
1485 234 1526 264 ‹le
1550 233 1742 265 criminibus
1760 233 1886 276 populo
1909 235 1998 267 notis
2023 242 2122 268 antea
2147 238 2194 269 di-

1194 284 1283 309 ctum
1320 285 1390 316 est,
1424 275 1612 308 Ecclesiam
1648 289 1723 309 cum
1756 280 1873 320 recipit
1908 278 2046 321 lapsoS,
2088 291 2194 321 posse

1193 320 1335 362 exempli
1369 331 1473 352 causa
1509 319 1643 362 publice
1680 332 1942 354 commemorare
1978 323 2136 355 delictum
2161 330 2194 356 et

1191 365 1451 406 poenitentiam,
1487 370 1517 395 et
1543 364 1727 406 adiungere
1749 364 1896 408 aliquam
1919 367 2008 408 piam
2032 368 2190 410 obiurga-

1191 409 1312 439 tionem
1338 415 1370 439 et
1389 407 1658 439 adhortationem
1684 416 1748 439 etc.

1279 494 1442 525 Obiicitur
1465 500 1497 525 et
1517 492 1611 525 Pauli
1636 495 1776 526 dictum:
1812 494 1847 526 Si
1872 506 1934 526 nos
1960 496 2187 529 indicaremus

1189 538 1266 579 ipsi,
1292 549 1359 569 non
1384 538 1616 569 iudicaremur.
1681 538 1770 580 Ergo
1805 539 1833 569 si
1861 538 2016 570 Ecclesia
2036 540 2180 581 puniret,

1189 581 1284 612 Deus
1321 587 1475 623 parceret
1498 581 1615 620 nobis,
1650 588 1683 613 et
1706 583 1876 624 mitigaret
1899 582 2108 615 calamitates
2126 595 2186 626 pu-

1190 624 1298 656 blicas
1323 631 1355 656 et
1377 625 1538 666 privatas.

1276 711 1477 752 Speciosum
1499 716 1729 753 argumentum
1753 716 1817 749 est,
1842 712 1901 743 scd
1921 713 2102 753 prudenter
2121 713 2188 744 dis-

1189 756 1358 786 cernenda
1393 761 1444 786 est
1474 766 1554 787 vera
1576 756 1753 796 castigatio
1779 756 1822 786 ab
1847 754 2030 796 hypocrisi.
2066 756 2186 788 Totum

1188 804 1422 840 argumentum
1445 810 1561 830 verum
1586 805 1637 829 est
1661 800 1778 829 dextre
1803 797 2026 830 intellectum:
2062 799 2098 831 Si
2122 810 2185 832 nos

1187 843 1423 879 iudiearemus,
1447 842 1478 874 id
1498 849 1563 880 est,
1588 843 1832 884 castigaremus
1856 853 1916 873 seu
1931 843 2186 875 emendaremus

1188 896 1270 916 vera
1294 886 1530 923 conversione,
1565 886 1597 916 id
1621 891 1685 924 est,
1719 886 1748 916 si
1771 896 1852 917 vero
1877 884 1995 918 dolore
2018 887 2183 919 cruciare-

1187 940 1272 965 mur,
1296 930 1385 971 qnod
1410 929 1520 960 Deum
1546 928 1757 967 offendimus,
1783 929 1872 971 quod
1896 930 2023 961 nostris
2043 930 2185 962 scanda-

1187 970 1230 1002 lis
1264 973 1469 1003 turbavimus
1501 971 1659 1013 Spiritum
1694 981 1859 1011 sanctum,
1893 974 1983 1014 quod
2018 974 2116 1005 nobis
2152 980 2185 1006 et

1187 1014 1365 1046 Ecclesiae
1385 1014 1629 1047 cumulavimus
1649 1015 1811 1047 miserias-
1879 1016 1915 1047 In
1950 1016 2008 1047 tali
2036 1027 2184 1049 ,conver-

1189 1059 1297 1097 sione,
1321 1059 1418 1097 fides,
1443 1069 1534 1100 spes,
1561 1059 1727 1090 invocatio
1748 1065 1780 1090 et
1799 1069 1887 1090 nova
1911 1060 2104 1092 obedientia
2127 1070 2184 1092 ve·

1188 1112 1226 1133 re
1260 1103 1475 1144 impetrarent
1509 1103 1748 1144 mitigationem
1782 1112 1978 1144 poenarum,
2012 1109 2048 1135 ut
2080 1114 2184 1146 supra

1190 1146 1312 1177 dictum
1333 1152 1396 1185 est,
1420 1152 1453 1178 et
1476 1145 1569 1177 lohel
1592 1147 1713 1188 inquit:
1738 1145 1977 1178 Convertimini
2000 1147 2043 1178 ad
2066 1147 2182 1178 Domi-

1190 1200 1268 1220 num
1303 1189 1414 1222 Deum
1448 1196 1609 1228 vestrum,
1644 1190 1724 1232 quia
1758 1190 1867 1222 bonus
1899 1196 1963 1229 est,
1997 1196 2031 1222 et
2052 1191 2186 1223 remittit

1191 1244 1332 1275 poenas.

1280 1319 1365 1352 Cum
1397 1320 1496 1362 igitur
1519 1318 1645 1351 Paulus
1667 1320 1787 1362 inquit:
1817 1319 1853 1351 Si
1875 1329 1939 1351 nos
1962 1320 2187 1353 indicaremus

1193 1369 1256 1395 etc.
1293 1374 1407 1395 veram
1442 1364 1679 1405 poenitentiam
1714 1374 1775 1395 seu
1799 1364 1906 1405 ipsam
1931 1365 2188 1397 conversionem

1193 1408 1236 1438 ad
1261 1407 1369 1439 Deum
1393 1406 1561 1449 intelligit,
1586 1417 1627 1438 ne
1651 1408 1693 1438 de
1716 1405 1789 1438 aliis
1815 1407 1973 1448 operibus
1999 1418 2065 1438 non
2095 1408 2187 1440 debi-

1193 1452 1235 1482 tis
1267 1450 1434 1493 loquitur,
1469 1452 1510 1482 de
1534 1451 1656 1493 quibus
1679 1452 1840 1492 scriptum
1864 1461 1933 1482 est:
1969 1451 2108 1482 Frustra
2132 1461 2187 1483 co-

1192 1493 1264 1526 lunt
1287 1506 1339 1526 me
1363 1495 1530 1526 mandatis
1554 1494 1740 1533 hominum,
1775 1501 1807 1525 et
1838 1494 1910 1525 sine
1941 1505 2023 1525 vera
2047 1505 2188 1526 conver-

1192 1539 1287 1570 sione
1311 1538 1405 1570 nulla
1429 1549 1533 1579 opera
1556 1536 1631 1568 Deo
1657 1537 1807 1578 placent,
1831 1537 1908 1579 quia
1931 1537 2027 1569 Deus
2050 1538 2190 1580 requirit

1192 1583 1415 1614 obedientiam
1436 1582 1561 1619 cordis,
1587 1582 1619 1611 id
1644 1587 1707 1618 est,
1731 1591 1847 1612 verum
1871 1581 2043 1620 timorem,
2074 1592 2189 1613 veram

1192 1625 1311 1663 fidem,
1347 1636 1442 1667 spem
1478 1625 1751 1666 acquiescentem
1785 1625 1818 1655 in
1855 1625 2081 1665 promissione
2110 1624 2187 1663 Dei,

1191 1679 1304 1700 veram
1328 1669 1586 1706 invocationem,
1611 1669 1700 1699 iuxta
1724 1666 1779 1698 illa
1805 1667 1908 1698 dicta:
1929 1667 2010 1698 Veri
2033 1669 2188 1700 adorato-

1190 1723 1247 1744 res
1271 1713 1461 1744 adorabunt
1485 1712 1617 1743 Patrem
1641 1713 1673 1743 in
1697 1711 1822 1752 Spiritu
1847 1718 1880 1742 et
1898 1712 2053 1743 veritate.

1278 1799 1376 1837 Item,
1412 1798 1613 1830 sacrificium
1647 1798 1722 1829 Deo
1753 1797 1891 1839 spiritus
1927 1796 2188 1837 contribulatus,

1192 1854 1251 1874 cor
1287 1843 1464 1874 contritum
1500 1848 1532 1873 et
1566 1841 1772 1873 humiliatum
1797 1841 1891 1872 Deus
1915 1851 1983 1872 nun
2008 1841 2187 1882 despicies.

1191 1887 1263 1918 Nec
1287 1885 1363 1928 plus
1393 1885 1503 1917 valent
1529 1896 1643 1918 coram
1668 1885 1743 1917 Deo
1767 1885 1888 1915 ieiunia
1914 1895 1980 1915 non
2005 1894 2189 1916 converso-

1192 1942 1276 1969 rum,
1311 1936 1368 1961 aut
1393 1929 1478 1961 aliae
1502 1940 1650 1971 poenae,
1685 1939 1785 1970 quam
1808 1927 1987 1959 valuerunt
2011 1926 2189 1959 laceratio·
2225 1952 2230 1957 .

1192 1979 1470 2015 nes'corporum‚
1495 1984 1579 2015 quas
1603 1971 1770 2003 faciebant
1794 1971 1993 2002 sacerdotes
2018 1971 2121 2008 Baal,
2156 1977 2190 2003 et

1192 2016 1310 2060 quales
1346 2017 1445 2048 hodie
1480 2018 1633 2047 dicuntur
1667 2015 1780 2047 tacere
1814 2014 1946 2046 Turcici
1977 2015 2187 2053 sacerdotes,

1193 2062 1248 2103 qui
1284 2061 1365 2092 ritus
1391 2071 1507 2091 omnes
1530 2060 1572 2091 ad
1597 2054 1685 2090 lianc
1708 2056 1859 2099 regulam
1889 2059 2071 2100 pertinent:
2104 2057 2189 2091 Fru-

1194 2112 1265 2136 stra
1286 2103 1401 2136 colunt
1423 2115 1476 2135 me
1500 2103 1665 2135 mandatis
1690 2102 1871 2133 hominum.

1281 2190 1375 2222 Haec
1399 2190 1439 2221 de
1474 2188 1760 2220 satisfactionibus
1785 2188 1852 2219 hoc
1879 2187 1957 2219 loco
1983 2188 2109 2219 dixisse
2134 2198 2188 2219 sa·

1194 2235 1236 2265 tis
1272 2236 1333 2266 sit:
1369 2234 1452 2265 Nam
1478 2240 1508 2264 et
1533 2232 1610 2264 alibi
1635 2233 1752 2263 eadem
1777 2233 1930 2263 doctrina
1961 2242 2062 2273 saepe
2085 2241 2188 2273 expo-

1194 2279 1258 2309 sita
1293 2284 1356 2316 est,
1387 2277 1447 2307 sed
1472 2287 1613 2307 net-esse
1639 2283 1687 2307 est
1714 2282 1813 2306 totam
1835 2276 2018 2306 doctrinam
2045 2276 2085 2306 de
2110 2285 2188 2316 poe-

1194 2321 1346 2358 nitentia,
1370 2331 1471 2361 saepe
1496 2322 1527 2351 in
1541 2318 1696 2350 Ecclesia
1721 2320 1835 2359 repeti,
1860 2326 1893 2349 ut
1919 2320 2072 2349 omnibus
2085 2319 2188 2350 notis-

1194 2366 1281 2396 sinna
1301 2365 1354 2401 sit,
1379 2370 1410 2394 et
1434 2374 1567 2404 semper
1585 2364 1626 2394 sit
1651 2364 1682 2394 in
1709 2369 1905 2404 conspectu,
1941 2363 2017 2404 quia
2041 2363 2075 2393 in
2099 2362 2188 2393 omni

1194 2409 1405 2440 invocatione
1429 2407 1575 2449 quotidie
1596 2407 1776 2449 cogitanda
1800 2413 1862 2437 est.
1931 2406 2071 2447 Semper
2102 2405 2188 2437 enim

1196 2453 1360 2493 obstrepit
1385 2452 1556 2482 invocanti
1576 2450 1659 2481 haec
1684 2451 1788 2481 tristis
1813 2450 1946 2481 concio:
1983 2449 2187 2480 Peccatores

1195 2495 1290 2527 Deus
1314 2506 1382 2527 non
1404 2496 1549 2526 exaudit.

1284 2582 1390 2613 Huius
1436 2580 1633 2613 obiectionis
1669 2578 1824 2612 refutatio
1859 2579 2021 2610 sumenda
2056 2584 2109 2610 est
2144 2589 2186 2610 ex

1197 2627 1349 2659 doctrina
1384 2626 1426 2657 dc
1459 2624 1675 2667 poenitentia,
1710 2622 1867 2656 videlicet
1890 2634 1957 2655 non
1979 2622 2086 2654 audiri
2109 2632 2186 2664 pcc-

2298 2823 2313 2873 αλ..
