2383 2990
206 117 271 150 305

205 213 262 245 ubi
286 222 368 243 vera
392 210 545 242 doctrina
563 215 680 248 sonat,
712 211 799 241 sicut
821 207 985 250 parabola
1009 209 1050 240 de
1074 209 1202 239 semine

206 255 385 298 significat.

292 324 345 355 Ae
377 333 500 365 magna
534 323 678 354 varietas
714 328 765 352 est
790 322 909 353 borum
932 321 1202 363 Hypoeritarum.

204 367 272 400 Alii
297 373 376 398 sunt
399 367 529 405 securi,
564 372 599 397 ut
627 366 682 407 qui
712 366 860 395 nondum
890 366 1036 396 sentiunt
1060 375 1200 406 poenas,

205 422 345 454 quorum
376 409 477 452 aliqui
508 416 633 441 tument
657 410 879 450 persuasione
902 418 983 439 suae
1014 409 1201 448 sapientiae

205 461 237 486 et
257 455 413 491 iustitiae,
438 460 469 484 et
494 464 572 484 sese
596 453 810 489 admirantur,
836 458 868 482 et
892 450 993 493 longe
1017 450 1102 482 alios
1117 450 1201 482 inira

205 509 243 529 se
266 496 441 529 collocant
464 503 495 528 et
522 497 730 537 «lespiciunt,
755 501 790 526 ut
815 494 1018 526 Pharisaeus
1043 495 1124 526 Luc.
1153 494 1201 525 lS.

203 540 315 583 Aliqui
335 540 475 572 efferunt
507 537 544 571 Se
570 539 690 570 tiducia
715 549 796 569 suae
821 539 1008 579 potentiae,
1042 545 1073 569 et
1098 537 1202 580 negli-

204 592 324 627 gentes
348 583 476 622 Deum,
511 589 645 615 movent
671 592 724 613 res
750 593 890 623 magnas·
920 582 1039 613 fiducia
1065 583 1133 620 sui,
1169 589 1201 612 ut

204 629 395 670 Pompeius.
429 627 470 657 Et
494 628 614 658 usitata
641 634 689 656 est
716 626 800 656 haec
825 625 984 667 superbia
1008 627 1039 656 in
1064 627 1202 656 summis

203 673 302 711 viris,
327 678 361 703 ut
385 672 414 702 in
442 670 606 710 Hercule,
631 670 756 708 Aiace,
781 668 995 707 Alexandro,
1020 669 1202 710 Nabugdo-

204 726 327 753 nosor,
364 715 418 756 qui
443 721 520 745 ante
545 714 799 754 castigationem
826 713 900 743 dicit
933 724 970 743 se
995 724 1057 744 sua
1083 714 1203 744 virtute

204 757 450 801 Babylonicum
487 768 628 799 regnant
663 757 811 788 auxisse.
860 756 981 787 Postea
1018 757 1203 797 castigatus

204 804 372 845 agnoseit,
397 801 461 832 Dei
486 812 590 843 opera
612 811 709 838 esse,
744 801 905 831 victorias
935 807 967 831 ct
991 801 1203 841 imperiorum

206 846 491 879 constitutionem.

293 923 358 955 Alii
384 923 628 955 calamitatibus
653 923 823 964 oppressi,
848 928 946 953 ruunt
977 923 1008 953 in
1033 923 1203 963 impatien-

204 969 283 1000 tiam
319 974 352 999 et
386 967 672 1009 desperationem,
713 973 746 997 ut
784 965 878 996 Saul.
936 966 1028 997 llaec
1064 972 1203 1008 peccata

205 1012 328 1050 onmia,
352 1012 530 1049 securitas,
555 1011 726 1051 superbia,
753 1010 874 1040 fiducia
895 1016 925 1040 ct
955 1011 1126 1040 admiratio
1141 1011 1203 1047 sui,

204 1056 408 1096 impatientia
433 1061 463 1085 et
489 1055 693 1095 despcratio,
721 1061 864 1095 puguant
893 1055 1025 1095 proprie
1052 1054 1203 1094 cumpri-

205 1110 258 1130 mo
290 1105 490 1139 praecepto,
527 1099 603 1140 quia
627 1103 701 1128 suot
730 1098 803 1128 vitia
831 1099 963 1138 proprie
988 1099 1143 1139 opposita
1168 1098 1204 1127 ti-

206 1143 290 1174 mori
315 1142 391 1180 Dei,
418 1149 449 1173 et
470 1142 610 1173 fiduciae
635 1140 747 1172 auxilii
773 1141 885 1172 dixiui.

295 1222 419 1251 Sextus
451 1221 576 1261 gradus
601 1227 671 1255 est,
696 1219 862 1261 neglectio
887 1218 1081 1261 Evangelii,
1118 1230 1205 1261 quae

205 1265 304 1296 etiam
328 1272 379 1295 est
404 1263 590 1305 multiplex.
627 1263 692 1294 Alii
717 1263 827 1304 palam
853 1264 1021 1301 deliciunt,
1049 1271 1078 1294 ut
1095 1263 1204 1300 ludas,

206 1307 365 1339 Iulianus.
412 1306 478 1338 Alii
505 1318 569 1338 non
595 1308 749 1338 iinocant
767 1307 871 1338 Deum
899 1307 1019 1337 tidncia
1044 1305 1114 1337 Filii
1131 1306 1204 1344 Dei,

206 1352 272 1382 imo
296 1350 382 1382 alios
406 1351 607 1382 mediatores
633 1351 841 1390 excogitant,
878 1357 911 1381 nt.
944 1351 1094 1381 ltomincs·
1120 1362 1204 1381 mor-

206 1401 295 1433 tuos,
319 1401 375 1425 aut
395 1394 523 1435 tingunt
550 1405 657 1425 novos·
683 1393 809 1432 cultus,
836 1400 867 1425 ut
893 1392 1044 1432 missas,‘
1073 1394 1205 1425 satissa-

206 1439 348 1476 ctiones,
373 1437 606 1469 monachatus.

296 1515 361 1547 Alii
399 1512 620 1558 imaginantur
665 1523 827 1558 perpetuo
864 1516 1080 1547 dubitandum
1117 1526 1204 1546 csse.

205 1560 248 1592 Et
272 1561 302 1591 in
329 1558 441 1591 multis
466 1559 638 1601 singulare
663 1559 783 1591 malum
815 1565 884 1597 est,
922 1559 1096 1600 indulgere
1121 1559 1204 1590 ‹tisti-

207 1605 357 1642 dentiae,
382 1611 411 1635 et
437 1614 572 1635 manere
598 1605 628 1634 in
654 1604 869 1641 dubitatione,
905 1604 981 1644 quia
1008 1605 1039 1634 in
1063 1615 1102 1634 se
1123 1605 1203 1644 ipsis·

205 1649 353 1680 nondum
388 1649 533 1678 sentiunt
558 1648 708 1689 insignes·
745 1654 858 1678 motus
884 1647 1028 1678 divinos.
1079 1647 1201 1678 Volunt

205 1692 317 1733 igitur,
341 1697 378 1723 ut
402 1702 524 1722 sensus·
549 1692 726 1722 antecedat
755 1692 864 1729 iidem,
890 1691 974 1722 sicut
997 1692 1027 1721 in
1043 1691 1204 1732 physicis,

206 1734 306 1766 homo
331 1735 434 1765 eredit
460 1746 580 1776 aquam
601 1747 678 1765 esse
704 1733 856 1773 calidam,
876 1745 951 1766 cum
975 1735 1131 1766 inunersit
1158 1735 1204 1766 di-

206 1779 327 1820 gitum,
358 1784 389 1808 et
414 1779 623 1819 experientia
656 1779 766 1809 didicit
793 1789 870 1809 esse
895 1778 1054 1809 calidum:
1102 1779 1147 1809 ita
1173 1780 1202 1810 in

204 1828 325 1853 natura
348 1822 500 1863 sequitur
519 1823 678 1852 adsensio
705 1823 953 1863 experientiam.

293 1892 361 1923 Sed
386 1892 416 1922 in
442 1890 675 1933 amplectenda
698 1893 923 1933 promissione
946 1892 1057 1923 divina
1071 1899 1203 1924 contra-

204 1936 288 1967 rium
314 1936 358 1967 tit.
392 1935 574 1973 Adsensio,
599 1937 630 1966 id
655 1942 718 1973 est,
746 1936 830 1967 tides
855 1937 1021 1967 antecedit
1046 1935 1203 1967 consola-

204 1980 347 2017 tionem,
378 1986 411 2010 ut
436 1978 547 2010 David
574 1981 663 2019 prius
688 1980 778 2010 audit
810 1980 1081 2021 promissionem:
1128 1980 1201 2012 Non

205 2024 371 2061 morieris,
399 2030 429 2054 et
457 2022 543 2053 banc
568 2024 713 2054 intuetur
737 2030 768 2054 et
794 2025 822 2054 ei
847 2024 1046 2060 adsentitur,
1070 2030 1102 2054 ut
1121 2025 1203 2055 veri-

205 2069 283 2098 tatis
318 2065 459 2109 gloriam
483 2066 558 2098 Deo
595 2068 728 2098 tribuat.
783 2067 854 2099 llac
890 2068 1092 2098 adsensione
1127 2080 1203 2100 eum

206 2111 355 2153 erigitur,
380 2111 531 2153 sequitur
555 2109 746 2142 consolatio
770 2116 803 2142 et
827 2121 949 2143 sensus⁴
970 2110 1125 2142 laetitiae.

292 2189 354 2221 Est
388 2190 489 2232 igitur
512 2190 678 2230 sapientia
701 2191 895 2221 necessaria
921 2191 1074 2221 omnibus
1099 2189 1202 2221 homi-

205 2233 317 2272 nibus,
342 2235 374 2264 in
399 2234 593 2275 quotidiana
617 2234 828 2265 invocatione
849 2235 996 2272 discere,
1033 2235 1202 2275 quomodo

205 2276 314 2308 Deum
339 2278 456 2308 intueri
483 2278 608 2308 debeas
632 2277 664 2308 iu
688 2278 794 2309 verbo
819 2279 907 2320 quod
933 2279 1078 2317 tradidit,
1102 2285 1134 2310 et
1158 2285 1203 2310 te-

205 2321 372 2352 stimoniis
396 2319 640 2363 patefactionis.

293 2399 368 2431 Non
395 2399 609 2441 cogitandum
635 2405 686 2430 est
709 2405 788 2431 tunc
813 2400 943 2431 demum
964 2401 1005 2431 de
1024 2399 1111 2431 velle
1131 2410 1203 2432 ere-

206 2443 297 2482 dere,
322 2454 396 2474 cum
423 2443 515 2474 vides
540 2441 649 2474 Deum
674 2453 787 2474 eoram
813 2443 920 2475 oculis
945 2445 1117 2485 corporis,
1146 2451 1202 2476 aut

204 2493 384 2529 postquam
409 2487 559 2518 senseris
579 2487 609 2517 iu
636 2487 739 2518 eorde
764 2498 887 2520 novum
911 2486 1034 2526 lumen,
1059 2488 1126 2519 Sed
1147 2489 1203 2520 ad-

206 2531 362 2562 sentiaris
393 2531 498 2572 ipsius
528 2531 761 2571 promissioni,
795 2538 826 2562 et
856 2532 887 2562 in
919 2531 982 2563 hae
1007 2542 1086 2563 vere
1111 2531 1201 2574 loqui

843 112 900 144 IV.
946 112 1208 144 ENARRATIO
1233 112 1435 144 SYMBOL!
1453 112 1614 145 NlChM.

2186 111 2250 144 306

1257 209 1298 240 ab
1313 210 1468 240 omnibus
1492 210 1730 241 commenticiis
1744 209 1945 246 numinibus,
1966 214 1996 239 et
2023 210 2145 250 cogita,
2165 218 2250 250 quas

1256 254 1518 294 promissiones,
1543 259 1573 284 et
1604 265 1663 285 cur
1686 253 1843 289 ediderit,
1869 259 1899 284 et
1925 262 1964 284 ea
1989 263 2074 294 quae
2099 253 2130 283 in
2154 263 2251 294 prae-

1257 297 1365 327 sentia
1385 297 1581 338 accipienda
1605 304 1693 335 sunt,
1717 297 1865 328 exhiberi
1890 297 1946 327 tibi
1972 297 2117 334 credito,
2143 304 2173 327 ut
2201 307 2250 326 re-

1257 340 1448 370 missionem
1473 347 1705 381 peecatorum,
1737 347 1767 371 et
1794 339 2110 371 reconciliatiouem.
2157 341 2251 375 Quae

1259 394 1338 414 vero
1362 385 1571 424 expectanda
1596 390 1683 421 sunt,
1704 384 1853 425 mitigato
1878 383 1997 415 dolore
2021 389 2182 424 expecta,
2218 388 2251 413 nt

1257 428 1486 458 reductionem
1507 434 1659 468 expectat
1685 427 1808 465 David,
1833 434 1864 459 et
1888 433 2074 469 repugnato
2100 425 2253 457 difliden-

1258 473 1322 502 tiae
1346 478 1377 501 et
1405 472 1610 502 dubitationi.

1346 550 1429 580 Sunt
1467 550 1567 590 igitur
1601 555 1632 580 et
1668 549 1750 580 llaec
1789 556 1926 590 pec-ata
1962 550 2145 591 pugnantia
2177 560 2252 580 cnm

1258 593 1363 634 primo
1387 600 1581 634 praecepto,
1598 592 1767 633 negligi-r,—
1784 593 2012 631 Mediatorem,
2028 594 2153 635 Ηυξ-ρι’(-
2168 591 2252 624 alios

1259 637 1479 674 mediatores,
1505 638 1702 677 excogitare
1727 648 1834 667 novos
1859 636 1968 668 cultus
2001 638 2073 668 sinc
2098 637 2271 668 mandato*

1258 681 1382 717 divino,
1407 692 1569 721 quaerere
1586 681 1690 711 Deum
1716 690 1810 711 extra
1836 682 1972 711 verbnm
1994 683 2035 712 ab
2061 682 2133 720 ipso
2154 681 2253 711 tradi-

1259 730 1345 761 tum,
1379 735 1445 754 non
1476 724 1640 755 accedere
1670 725 1709 755 ad
1743 724 1830 755 bunc
1856 724 1963 755 Deam
1994 723 2196 766 patefactum
2221 725 2253 755 in

1259 766 1324 797 boc
1356 769 1476 801 verbo,
1515 780 1579 799 non
1609 769 1828 809 acquiescere
1860 769 1889 799 iu
1916 769 2157 808 promissione,
2193 769 2252 798 sed

1259 822 1422 852 quaerere
1445 811 1509 851 alia
1529 812 1642 854 signa,
1677 811 1852 853 indulgere
1877 811 2081 843 dil'tidcutiac
2106 818 2133 843 ct
2161 812 2253 843 dubi-

1260 856 1386 886 tatioui.

1348 934 1418 965 llas
1454 940 1567 976 pcstes
1602 946 1667 965 non
1701 933 1883 975 intelligunt
1912 934 2062 965 homines
2087 935 2197 965 securi
2224 940 2255 965 ct

1259 978 1340 1009 ebrii
1382 977 1627 1019 xolnptatibus,
1662 979 1852 1014 ambitione,
1877 986 1931 1009 aut
1968 977 2044 1009 'aliis
2070 979 2255 1019 cupiditati-

1261 1022 1335 1052 bus.
1357 1023 1415 1052 sed
1443 1023 1473 1052 in
1500 1023 1589 1052 veris
1614 1021 1787 1053 doloribus
1813 1022 1925 1063 aliquo
1950 1023 2048 1055 modo
2063 1028 2253 1054 ccrnnuntur.

1258 1064 1300 1096 Et
1324 1065 1474 1096 homines
1499 1067 1651 1097 timentes
1679 1066 1786 1096 Deum
1813 1066 2021 1097 considerent
2055 1066 2138 1097 baec.
2170 1065 2255 1096 mala

1259 1108 1391 1140 humani
1418 1111 1540 1143 cordis,
1567 1119 1596 1140 ot
1618 1111 1749 1140 discant
1775 1121 1945 1151 opponere
1971 1111 2210 1151 promissiones
2224 1116 2255 1140 et.

1259 1164 1376 1184 vocem
1402 1153 1577 1195 Evangelii
1604 1154 1821 1184 deducentem
1840 1165 1909 1185 ‘nos
1934 1156 1974 1184 ad
2001 1155 2255 1194 promissiones,

1259 1198 1343 1227 sicut
1372 1197 1498 1228 soloises
1528 1204 1556 1228 et
1587 1197 1710 1228 l'aulus
1735 1199 1865 1229 dicunt:
1904 1198 2013 1239 Prope
2039 1204 2088 1228 est
2117 1199 2254 1229 verbnm

1260 1241 1292 1271 in
1318 1252 1388 1278 ore,
1415 1248 1444 1271 ct
1472 1242 1502 1272 in
1529 1242 1630 1272 eorde
1656 1248 1722 1272 tuo.

2186 1283 2201 1303 e

1348 1328 1497 1359 Recitavi
1523 1329 1706 1359 doctrinam
1732 1330 1773 1359 de
1797 1330 1984 1369 praecipuis
2009 1330 2167 1369 operibus
2192 1330 2256 1370 pri-

1259 1372 1300 1402 mi
1324 1373 1507 1412 praecepti.
1533 1379 1561 1402 et
1588 1373 1719 1402 ostendi
1745 1372 1939 1410 :nititbesim
1966 1374 1995 1403 in
2021 1383 2085 1414 qua
2111 1374 2255 1414 insignia

1259 1422 1288 1445 et
1328 1416 1500 1447 horribilia
1535 1423 1676 1457 peccata
1701 1417 1850 1457 con-spici
1878 1424 2038 1457 possunt,
2070 1428 2155 1458 quae
2181 1429 2254 1448 cnm

1259 1458 1323 1489 l.oc
1360 1460 1464 1499 primo
1499 1466 1530 1490 ct
1565 1471 1694 1490 summo
1731 1461 1887 1491 mandato
1913 1467 2079 1501 pugnant,
2115 1472 2254 1502 quorum

1260 1504 1483 1534 consideratio
1505 1504 1576 1544 pins
1601 1510 1728 1534 mentes
1753 1505 1793 1534 dc
1817 1503 1889 1535 aliis
1915 1505 2031 1536 vicinis
2057 1503 2255 1545 mali'seom-

1260 1546 1473 1578 moncl'acerc
1497 1554 1619 1589 potest.

1348 1617 1431 1648 (ssum
1455 1624 1563 1648 antem
1588 1617 1655 1648 lioc
1679 1618 1868 1648 mamlatum
1893 1619 1930 1648 sit
1954 1619 2093 1659 prinnini
2114 1624 2146 1648 ct
2167 1630 2255 1650 sum—

1260 1672 1360 1697 mum,
1395 1660 1659 1692 assuefaciamus
1697 1672 1758 1691 nos
1784 1672 1920 1700 otniies,
1958 1669 1989 1693 ut
2015 1661 2256 1703 amplissimam

1259 1705 1454 1745 sapientiam
1483 1705 1562 1743 Dei,
1596 1716 1681 1746 «tutte
1706 1706 1735 1735 in
1762 1705 1826 1735 boc
1861 1707 2015 1737 nnmdato
2054 1707 2255 1745 continetur,

1259 1750 1312 1790 pia
1336 1755 1366 1779 ct
1392 1749 1529 1779 assidua
1555 1749 1765 1780 meditatione
1791 1750 2055 1788 consideremus,
2083 1757 2113 1781 ut
2142 1751 2172 1781 in
2198 1760 2255 1781 no—

1260 1793 1310 1823 bis
1342 1800 1515 1829 crescant,
1550 1793 1651 1831 tides,
1689 1794 1785 1824 timor
1811 1792 1891 1830 Dei,
1930 1793 2069 1831 fiducia,
2106 1793 2253 1831 dilectio,

1259 1847 1356 1876 spes,
1391 1847 1485 1867 amor
1509 1836 1718 1875 humilitatis,
1744 1836 1922 1868 tolerantia
1947 1843 1974 1868 ct
2004 1838 2193 1869 constantia
2223 1838 2254 1868 in

1259 1881 1323 1911 tide
1347 1887 1376 1911 et
1403 1892 1474 1921 spe.

1346 1968 1532 1999 Addendae
1556 1974 1634 1999 suut
1659 1974 1690 1999 ct
1719 1968 1785 2001 hae
1809 1969 2073 2007 admonitiones,
2110 1968 2254 2000 Primum

1257 2013 1446 2043 mandatum
1472 2023 1634 2043 summum
1659 2019 1720 2050 est,
1745 2020 1773 2044 et
1801 2012 2034 2044 includendam
2049 2013 2208 2054 deinceps
2223 2013 2254 2043 in

1258 2057 1412 2087 oumibns
1449 2057 1625 2087 mandatis.
1674 2057 1810 2088 llonora
1836 2064 2002 2097 parentes,
2040 2056 2185 2094 seilicet,
2221 2063 2255 2088 ut

1258 2099 1332 2131 Deo
1359 2101 1508 2137 obedias,
1533 2102 1587 2141 qui
1613 2101 1835 2131 obedientiam
1862 2107 2010 2132 nostram
2031 2101 2092 2131 sibi
2108 2101 2252 2131 debitam

1257 2145 1407 2185 conspici
1444 2142 1515 2175 vult
1552 2145 1582 2174 in
1621 2145 1685 2175 boc
1721 2155 1834 2186 opere.
1881 2145 1954 2175 lNon
1985 2146 2140 2182 occides,
2177 2144 2253 2175 Non

1257 2188 1501 2225 moechaberis,
1525 2188 1599 2219 Non
1625 2188 1748 2219 furtum
1774 2187 1889 2227 facies,
1915 2190 1945 2220 id
1967 2195 2030 2227 est,
2055 2189 2254 2219 bismanda-

1257 2233 1299 2263 tis
1324 2231 1387 2263 Dei
1413 2233 1644 2273 obtemperato
1675 2239 1812 2273 propter
1836 2232 1958 2271 Deum,
1981 2240 2017 2265 ut
2037 2232 2196 2264 ostendas
2222 2237 2253 2262 te

1259 2286 1337 2307 vere
1362 2277 1477 2307 timere
1501 2284 1533 2307 et
1553 2274 1692 2317 diligere
1718 2276 1836 2316 Deum,
1861 2283 1892 2309 et
1916 2288 1989 2309 eum
2014 2274 2181 2308 anteferre
2206 2276 2253 2306 in-

1258 2321 1384 2352 cendiis
1410 2327 1538 2352 tuarum
1560 2321 1787 2361 cupiditatum.

1345 2398 1392 2429 lta
1416 2399 1457 2429 ad
1483 2399 1622 2439 primum
1637 2399 1824 2430 mandatum
1838 2406 1995 2441 tanquam
2010 2400 2051 2431 nd
2065 2397 2250 2441 principale

1257 2443 1366 2474 onmia
1391 2441 1456 2474 alia
1480 2454 1583 2484 opera
1606 2442 1781 2474 referenda
1804 2450 1892 2475 sunt.
1940 2444 2033 2475 Beue
2054 2443 2132 2476 facit
2158 2444 2252 2474 l’oin-

1256 2487 1350 2527 peius·
1375 2487 1524 2525 Atticus,
1548 2487 1607 2518 sed
1634 2486 1696 2518 bac
1720 2494 1873 2519 movetur
1893 2498 2016 2527 causa,
2041 2488 2164 2521 iudicat
2189 2491 2252 2521 vir—

1257 2537 1358 2562 tutem
1384 2541 1461 2562 esse
1486 2542 1552 2562 rem
1578 2532 1828 2563 convenientem
1860 2539 1999 2564 naturae
2023 2532 2185 2570 bominis,
2221 2539 2254 2565 et

207 2584 281 2606 eum
316 2581 425 2606 tecum
460 2575 610 2612 statuito,
635 2581 667 2606 et
691 2573 787 2606 sinuil
812 2576 941 2617 cogita,
971 2586 1070 2618 quem
1093 2574 1202 2608 Deum
1256 2573 1432 2616 pulcbram
1456 2576 1543 2617 quod
1570 2586 1683 2606 verum
1708 2582 1771 2614 est,
1794 2577 1921 2608 interea
1946 2577 2085 2617 dubitat,
2111 2589 2152 2610 an
2177 2577 2252 2610 Deo

206 2616 404 2660 alloquaris,
430 2624 462 2650 et
483 2619 541 2650 ubi
561 2628 598 2650 se
622 2617 827 2660 patefecerit,
852 2625 885 2651 et
909 2620 1104 2651 discernere
1127 2630 1202 2652 eum
1256 2617 1389 2660 placeat
1412 2619 1496 2652 haec
1521 2619 1721 2659 obedientia,
1745 2626 1778 2652 et
1800 2631 1842 2652 an
1866 2621 1980 2663 puniat
1993 2621 2127 2654 delicta.
2151 2622 2252 2654 Prae-

364 2688 514 2708 MELANTH.
528 2688 612 2709 OPER,
629 2688 693 2711 VOL.
709 2689 794 2708 XXIII.

2044 2685 2078 2708 20
