2383 2990
165 150 228 181 542
793 147 904 178 PHtL.
924 146 1027 177 MEL.
1047 145 1234 178 SCRIPTA
1252 144 1532 178 DOGMATmA.
2128 149 2194 180 544

164 251 261 276 tanas
286 243 417 275 intravit
441 243 474 274 in
495 253 579 274 eum.
605 242 688 273 Hinc
712 247 788 273 sunt
812 242 961 272 incestae
983 241 1150 280 libidines,

134 289 139 291 ’
163 288 351 329 parricidia,
376 287 569 324 seditiones,
594 284 724 316 furores
761 291 932 316 moventes
958 284 1047 316 bella
1070 286 1151 316 111111-
1174 289 1180 328 Ι

164 337 216 362 sta
241 338 271 363 et
295 332 429 368 caedes,
454 329 694 371 blasphemiae,
730 328 896 360 ldolorum
932 327 1083 360 defensio
1119 334 1150 359 et
1174 331 1178 381 j

162 374 229 406 alia
252 373 363 406 multa.
1174 384 1178 407 t

251 460 345 491 Hanc
380 465 504 490 tantam
538 458 703 490 miseriam
728 459 859 500 generis
882 458 1017 489 humani
1041 459 1150 489 consi-

164 505 335 541 deremus,
369 509 399 533 et
424 503 464 533 de
488 502 598 533 causis
623 502 808 544 cogitemus
831 501 1008 543 patefactis
1032 502 1064 532 in
1088 501 1151 532 Ec-

165 547 281 584 clesia,
306 552 337 577 et
360 546 505 577 remedia
529 555 738 587 quaeramus.
786 544 940 576 Sciamus
958 544 1075 575 Filium
1088 544 1150 576 Dei

163 591 298 621 missum
323 600 411 627 esse,
435 596 467 620 ut
495 590 643 620 destruat
668 599 768 629 opera
786 587 921 619 Diaboli
945 594 977 619 et
1001 595 1149 619 conterat

165 639 263 674 caput
286 633 461 673 serpentis,
485 633 715 663 discernamus
739 631 1007 673 Philosophicam
1030 632 1150 662 doctri-

164 688 238 708 nam
263 678 304 707 ab
322 675 536 717 Erangelica,
559 675 591 705 id
612 681 673 713 est,
698 676 842 706 sciamus
862 686 975 706 verani
999 676 1151 706 virtutem
1175 644 1179 712 i

165 730 242 751 esse
277 719 385 751 lucem
421 729 599 750 accensam
623 729 683 760 per
705 718 822 749 Filium
845 718 909 750 Dei
933 729 1016 750 voce
1040 717 1150 748 Evan-
1174 713 1178 758 ξ

165 763 254 806 geiii,
280 774 344 805 qua
370 773 484 794 verum
499 762 606 793 Deum
630 763 802 800 intuemur,
828 769 859 793 et
883 768 992 792 motus
1005 761 1150 802 Spiritus
1172 759 1178 934 ἰ

1175 1014 1179 1026 l

1174 1169 1179 1222 1

165 807 273 838 sancti
296 807 327 837 in
352 805 465 844 corde,
490 806 574 836 sicut
600 806 630 836 ἱ).
655 805 732 836 Cor.
756 805 786 835 3.
812 806 949 836 dicitnr:
974 803 1150 835 Transfer-

165 861 303 888 mamur,
337 855 371 881 ut
403 848 584 880 efficiamur
613 850 723 891 imago
758 848 830 879 Filii
865 848 928 879 Dei
963 858 982 878 a
1018 847 1149 878 Domini

165 894 300 935 Spiritu,
325 893 357 924 id
382 899 444 931 est,
467 891 555 923 lueet
580 893 716 923 verbum
740 892 771 922 in
797 897 922 928 11161116,
959 896 990 921 et
1015 890 1060 921 illi
1084 890 1150 921 luci

166 942 388 978 congruentes
425 943 534 966 motus
558 936 789 966 accenduntur
811 946 870 975 per
893 935 1049 975 Spiritum
1074 944 1150 964 san-

165 987 264 1011 ctum.
290 980 380 1010 Haec
405 980 548 1010 remedia
573 977 731 1008 salutaria
756 978 923 1009 discamus
937 984 968 1008 et
988 984 1150 1018 petamus,

164 1025 245 1054 sieut
257 1024 452 1064 saepissime
461 1022 675 1062 praecipitur:
692 1020 795 1051 Petite
804 1028 834 1052 et
844 1021 1026 1061 accipietis.
1040 1020 1151 1056 Quan-

164 1074 197 1098 to
222 1067 328 1109 tnagis
354 1066 452 1097 Pater
476 1071 585 1096 vester
611 1063 766 1095 coelestis
791 1065 879 1095 (labit
895 1064 1051 1105 Spiritum
1075 1074 1151 1094 sau-

165 1116 252 1142 ctum
276 1110 481 1151 petentibus:
506 1108 596 1145 116111,
620 1107 794 1138 Effundam
819 1118 920 1148 super
939 1108 1071 1138 domum
1084 1106 1151 1137 Da-

164 1154 219 1184 vid
243 1153 399 1194 Spiritum
423 1152 551 1194 gratiae
575 1158 606 1182 et
631 1161 776 1192 precum.
802 1150 893 1181 Haec
917 1156 1095 1191 praecepta
1120 1155 1151 1180 et

164 1197 225 1227 has
250 1195 460 1227 dulcissimas
483 1195 724 1236 promissiones
749 1194 894 1235 quotidie
913 1195 943 1225 in
969 1194 1152 1225 invocatio·

164 1250 206 1271 ne
230 1240 424 1282 cogitemus.

252 1326 362 1367 Supra
381 1331 491 1356 autem
515 1326 581 1356 dixi
595 1323 801 1365 disciplinam
824 1322 926 1361 illam,
946 1333 1044 1365 quam
1068 1323 1151 1353 ratio
1174 1327 1179 1351 Ι

165 1367 300 1401 efficere
325 1375 492 1410 utcunque
510 1374 633 1409 potest,
657 1378 866 1409 nequaquam
889 1377 966 1398 esse
979 1366 1082 1408 Legis
1106 1366 1152 1396 di·
1174 1357 1179 1382 ¹

167 1415 263 1444 vinae
296 1411 517 1454 impletionem
551 1421 660 1453 neque
693 1412 867 1449 iustitiam,
900 1421 965 1452 qua
987 1409 1086 1440 homo
1109 1409 1153 1439 sit

164 1458 270 1488 iustus
295 1467 407 1487 coram
430 1454 522 1494 Deo,
546 1465 654 1496 neque
677 1455 796 1486 mereri
820 1455 1051 1485 remissionem
1073 1463 1152 1494 pec·
1174 1473 1178 1484 .

165 1506 333 1538 catorum,
366 1509 473 1540 neque
499 1497 820 1536 reconciliationem,
844 1505 952 1539 neque
975 1498 1075 1529 vitam
1098 1506 1151 1526 ae-

163 1549 301 1574 ternam.
347 1542 388 1573 Et
418 1541 503 1573 infra
537 1543 578 1572 de
613 1542 706 1583 Lege
741 1541 927 1572 taxabimus
958 1539 1151 1571 Pharisaica

165 1585 392 1623 deliramenta,
413 1596 498 1627 quae
521 1585 649 1627 fingunt
674 1584 755 1627 Legi
778 1584 843 1615 Dei
866 1583 1021 1615 satisfieri
1045 1589 1151 1613 exter-

163 1631 216 1661 nis
241 1630 411 1671 operibuS,
437 1639 511 1660 611111
523 1628 593 1660 Lex
617 1629 800 1670 praecipiat
820 1628 983 1669 integram
997 1626 1152 1657 obedien·
1175 1641 1179 1679 1

164 1674 243 1704 tiam
267 1675 298 1704 in
323 1680 450 1710 mente,
477 1673 578 1703 corde
603 1679 634 1702 et
659 1672 806 1702 externis
830 1671 1037 1708 actionibus,
1062 1670 1152 1700 iuxta
1174 1682 1180 1870 Ι

1175 1871 1179 1884 Ι

165 1717 303 1748 dictum:
327 1715 458 1757 Diligas
482 1715 662 1746 Dominum
674 1714 782 1746 Deum
806 1721 896 1746 tuum
920 1724 961 1745 cx
984 1719 1054 1745 toto
1080 1723 1151 1744 cor—

165 1760 216 1791 de.
252 1759 446 1801 Congruere
471 1770 544 1790 cum
559 1758 652 1800 Lege
675 1767 816 1790 mentem
840 1764 870 1789 et
892 1767 951 1789 cor
964 1757 1152 1798 oportebat,

164 1814 250 1845 quae
273 1801 474 1834 horribiliter
497 1807 684 1844 repugnant
714 1801 797 1843 Legi
821 1801 903 1839 Dei,
939 1801 1025 1832 sicut
1051 1806 1083 1831 et
1105 1806 1152 1830 te-

165 1853 271 1878 statur
283 1845 425 1878 Paulus:
451 1846 579 1877 Sensus
605 1846 714 1876 carnis
738 1845 903 1876 inimicitia
924 1844 1152 1876 estadversus

164 1889 282 1921 Deum.
307 1889 403 1921 Mens
429 1890 459 1920 in
480 1900 545 1920 non
570 1890 692 1920 renatis
717 1887 814 1930 plena
837 1895 887 1919 est
912 1887 1151 1918 dubitationum

165 1934 206 1964 de
230 1933 317 1970 Deo,
343 1934 445 1964 eorda
469 1939 545 1963 sunt.
568 1933 640 1963 sine
663 1943 743 1963 vero
767 1933 884 1963 timore
903 1931 977 1968 Dei,
1001 1931 1074 1961 sine
1097 1940 1151 1961 ve-

164 1988 202 2007 ra
223 1976 346 2008 fiducia
369 1976 450 2014 Dei,
487 1981 517 2006 et
542 1975 664 2006 habent
688 1975 831 2017 impetus
855 1976 1010 2006 ardentes
1035 1980 1151 2004 contra

164 2019 292 2061 Legem
316 2019 395 2057 Dei,
431 2020 572 2061 denique
603 2025 723 2050 natura
747 2018 889 2049 humana
913 2027 1076 2060 oppressa
1100 2024 1151 2048 est

164 2069 304 2104 peccato
330 2071 361 2094 et
385 2069 500 2094 morte.
547 2062 639 2094 Haec
662 2062 809 2104 ingentia
838 2061 925 2093 mala
953 2063 1149 2099 intueamur,

166 2116 241 2137 cum
260 2112 455 2137 extenuatur
478 2105 615 2137 libertas
639 2105 833 2137 voluntatis.

270 2192 313 2224 lic
348 2193 448 2234 igitur
470 2193 609 2233 primum
635 2198 666 2223 et
688 2193 865 2234 perspicue
893 2191 1028 2222 dicitur:
1074 2190 1151 2221 Non
1175 2223 1179 2226 ,

165 2242 275 2278 potest
306 2236 449 2267 11111113113
479 2235 635 2267 voluntas
665 2246 789 2267 exuere
813 2235 986 2266 nobiscum
1011 2243 1151 2265 11356611-
1175 2227 1178 2251 ¹

165 2286 231 2311 tem
266 2280 481 2320 pravitatem,
516 2290 579 2310 nec
613 2285 723 2320 potest
747 2279 828 2320 Legi
853 2278 915 2309 Dei
946 2257 1179 2333 satisfacere}

165 2334 250 2364 quae
275 2324 397 2354 iudicat
420 2329 450 2353 et
476 2323 610 2354 damnat
633 2329 807 2363 peccatum
822 2323 854 2352 in
867 2327 985 2352 natura
998 2320 1152 2359 hominis,

165 2376 232 2397 non
256 2366 357 2404 tollit,
389 2367 473 2397 sicut
499 2377 561 2397 nec
585 2372 725 2397 mortem
748 2364 852 2403 tellit,
876 2375 938 2396 nec
961 2370 1072 2405 petest
1096 2375 1152 2395 ro·
1175 2341 1180 2390 l

165 2407 276 2440 luntas
299 2410 417 2440 mereri
437 2410 665 2440 remissionem
678 2415 904 2450 peccatorum,
927 2418 991 2439 nec
1003 2409 1152 2438 reconci-

165 2450 345 2491 liationem,
368 2463 430 2483 nec
446 2453 512 2484 vita
528 2460 731 2484 maeternam
744 2452 861 2483 mereri
874 2457 1002 2493 potest:
1027 2451 1086 2481 scd
1100 2450 1152 2481 fir-

166 2495 313 2527 missime
337 2497 480 2527 tenenda
503 2502 555 2527 651
579 2494 694 2538 regula
718 2495 874 2527 iohannis
893 2495 924 2526 8.
971 2494 1006 2525 Si
1029 2504 1091 2525 vos
1115 2493 1152 2524 li·

167 2539 331 2570 beraverit
356 2539 472 2578 Filius,
496 2549 575 2571 vere
598 2538 693 2570 liberi
717 2539 819 2570 eritis.
866 2538 907 2569 Et
932 2537 1025 2569 Rom.
1047 2537 1078 2568 3.
1101 2537 1151 2568 Ex
1176 2540 1179 2563 t

167 2582 326 2623 operibus
339 2581 438 2624 Legis
462 2593 529 2613 non
553 2582 785 2614 iustificabitur
809 2583 915 2613 omnis
940 2592 1018 2612 caro
1040 2590 1153 2612 coram

167 2635 219 2656 eo,
264 2625 363 2663 Item,
398 2625 616 2658 {ustificamur
650 2626 753 2668 gratis
784 2625 849 2656 fide
872 2635 932 2666 per
953 2625 1152 2666 sanguinem

1174 244 1179 286 j·
1205 241 1288 272 eius.

1334 240 1464 271 Deinde
1488 247 1520 272 et
1543 240 1608 272 hoe
1633 252 1747 273 verum
1770 248 1832 280 est,
1844 242 1918 274 Non
1942 249 2055 284 potest
2076 243 2192 276 huma-

1204 295 1247 314 na
1271 283 1428 315 voluntas
1453 285 1590 315 credere
1614 285 1655 315 de
1678 286 1900 326 promissione
1925 287 2054 325 divina,
2090 293 2124 318 et
2146 288 2193 319 in-

1205 327 1329 358 choare
1362 327 1553 358 interiorem
1588 328 1820 367 obedientiam,
1854 330 1917 360 nisi
1950 328 2024 361 luce
2047 341 2193 362 accensa

1204 381 1264 411 per
1287 369 1504 412 Evangelium
1528 381 1547 401 a
1570 369 1653 402 Filio
1668 370 1730 402 Dei
1754 378 1786 402 et
1804 372 1909 403 effuso
1929 374 2049 414 Spiritu
2072 380 2192 405 sancto

1204 415 1236 444 in
1263 414 1366 444 corda
1390 423 1521 451 eorum,
1553 415 1607 455 qui
1631 421 1882 446 convertuntur.
1928 415 2006 447 Ideo
2032 415 2123 448 clare
2147 418 2193 448 di·

1205 458 1290 487 citur
1314 456 1409 487 Rom.
1439 457 1470 488 8.
1517 457 1580 492 Qui
1611 458 1777 488 ducuntur
1799 458 1921 500 Spiritu
1944 458 2027 498 Dei,
2060 459 2093 490 hi
2116 466 2194 491 sunt

1204 499 1261 530 filii
1285 499 1356 531 Det
1403 500 1496 538 Item,
1519 500 1556 532 Si
1575 501 1649 542 quis
1674 500 1832 542 Spiritum
1844 500 1968 533 Christi
1990 513 2057 534 11011
2080 503 2193 542 habet,

1205 544 1233 574 is
1256 553 1323 574 11011
1348 549 1400 574 est
1423 543 1557 575 Christi.
1604 544 1718 575 lohan.
1743 544 1775 576 6.
1813 544 1919 576 Nemo
1943 552 2056 586 potest
2078 548 2193 578 venire

1206 587 1248 617 ad
1272 597 1335 623 me,
1360 587 1424 617 nisi
1443 587 1545 618 Pater
1570 587 1705 618 traxerit
1731 598 1816 618 enm.
1864 588 1955 626 Item,
1979 588 2058 620 Sine
2081 600 2134 620 nie
2146 590 2193 620 ni-

1205 628 1250 660 hil
1272 631 1412 671 110165115-
1432 629 1556 661 facere.
1604 630 1694 668 116111,
1730 631 1834 661 Nemo
1858 633 1951 662 novit
1975 632 2106 663 Patrem
2129 633 2192 664 nisi

1204 672 1326 711 Filius,
1359 680 1389 704 et
1410 675 1464 704 cui
1487 672 1579 704 volet
1602 673 1705 704 Filius
1729 673 1890 705 revelare.
1938 675 2117 707 Sciendum
2142 681 2193 707 est

1203 722 1312 747 autem
1336 715 1454 747 filium
1478 716 1552 754 Dei,
1587 718 1642 758 qui
1679 723 1729 748 est
1764 724 1863 759 caput
1886 717 2062 749 Ecclesiae
2095 720 2193 760 perfi-

1205 760 1296 790 ciens
1321 760 1429 790 omnia
1447 760 1479 790 in
1505 761 1658 791 munibus
1682 760 1853 792 efficacem
1878 771 1955 792 esse
1977 772 2064 793 voce
2083 761 2193 793 Evan-

1204 803 1293 844 gelii,
1318 809 1348 833 et
1372 803 1452 833 dare
1476 802 1634 844 Spiritum
1658 812 1809 835 sanctum
1835 815 1908 835 cum
1932 815 2017 836 voce
2040 804 2192 847 Evange-

1203 845 1236 876 lii
1261 852 1497 883 sustentamur,
1520 852 1555 877 ut
1578 845 1765 878 clarissime
1791 848 1911 879 dicitur
1935 847 2046 879 Galat.
2072 848 2102 880 3.
2149 848 2193 879 Ut

1203 890 1457 930 promissionem
1482 889 1625 930 Spiritus
1649 891 1852 931 accipiamus
1878 902 1937 931 per
1950 891 2073 922 Fidem.
2097 891 2190 930 Item,

1204 931 1423 974 Evangelium
1446 938 1497 964 est
1521 935 1667 973 potentia
1691 932 1754 964 Dei
1779 935 1820 965 ad
1845 934 1987 965 salutem
2011 936 2098 966 omni
2121 945 2193 966 cre-

1205 976 1304 1007 denti.
1351 977 1403 1007 Ac
1427 986 1528 1017 saepe
1551 975 1638 1007 hanc
1662 977 1868 1008 verissimam
1900 976 2193 1010 commonefactio-

1204 1030 1279 1050 nem
1303 1020 1498 1060 repetimus:
1523 1018 1717 1061 Cogitantes
1741 1021 1781 1051 (16
1805 1020 1878 1051 Deo
1904 1032 1923 1051 a
1944 1020 2113 1062 patefacta
2134 1031 2193 1053 vo-

1206 1073 1243 1093 ce
1264 1063 1433 1093 doctrinae
1457 1063 1558 1093 ordiri
1582 1070 1750 1104 oportere,
1785 1074 1846 1094 1166
1872 1065 2095 1105 quaerendam
2116 1074 2194 1095 esse

1205 1104 1409 1137 volantatem
1423 1105 1486 1136 Dei
1511 1107 1584 1137 sine
1605 1107 1710 1137 verbo
1734 1107 1849 1146 ipsius,
1874 1108 1948 1138 ideo
1968 1117 2128 1148 expresse
2147 1108 2193 1138 di-

1207 1150 1264 1180 cit:
1290 1148 1372 1180 Cum
1396 1149 1538 1180 mundus
1562 1159 1628 1180 11011
1648 1157 1765 1180 nosset
1781 1149 1888 1181 Deum
1901 1151 1934 1181 in
1948 1151 2111 1191 sapientia
2134 1161 2194 1192 per

1205 1193 1411 1233 sapientiam,
1434 1191 1560 1233 placuit
1578 1192 1652 1223 Deo
1676 1203 1735 1233 per
1759 1193 1891 1225 stultam
1913 1194 2194 1235 praedicationem

1205 1236 1320 1267 salros
1344 1235 1456 1267 tacere
1481 1236 1667 1267 credentes.

1292 1321 1353 1352 Est
1376 1328 1495 1355 autem,
1509 1328 1650 1363 utraque
1673 1323 1790 1353 concio
1813 1321 2036 1354 universalis:
2061 1323 2194 1355 Praedi-

1206 1365 1290 1397 catto
1303 1365 1538 1406 poenitentiae,
1563 1371 1593 1395 et
1606 1366 1796 1405 promissio,
1815 1365 1954 1407 Utrique
1966 1366 2065 1408 igitur
2077 1376 2194 1398 omnes

1205 1409 1438 1446 assentiamur,
1461 1418 1598 1450 agamus
1623 1409 1868 1448 poenitentiam,
1888 1409 2065 1441 credamus
2078 1420 2193 1441 omnes

1206 1454 1237 1483 in
1250 1451 1384 1490 Filium,
1406 1462 1470 1483 nec
1494 1452 1698 1492 disputemus
1723 1452 1764 1482 de
1787 1450 1852 1483 alia
1875 1463 1999 1483 arcana
2010 1452 2194 1492 voluntate,

1174 1486 1268 1536 {nec
1303 1495 1468 1537 fingamus
1503 1495 1537 1525 in
1566 1494 1640 1526 Deo
1677 1496 1956 1526 contradictorias
1990 1495 2193 1528 voluntates.

1205 1538 1355 1580 Cumque
1379 1550 1399 1569 a
1422 1539 1524 1569 verbo
1548 1537 1612 1568 Dei
1633 1539 1790 1577 ordimur,
1825 1539 1969 1569 sciamus
1994 1549 2193 1571 concurrere

1204 1581 1266 1612 has
1291 1592 1430 1612 causas:
1476 1581 1605 1612 Vocem
1629 1591 1647 1612 a
1672 1581 1745 1612 Deo
1769 1582 1933 1619 traditam,
1957 1589 1988 1613 et
2011 1583 2120 1624 ipsum
2142 1582 2194 1614 Fi-

1204 1624 1283 1656 lium
1319 1624 1492 1656 efficacem
1527 1635 1588 1666 per
1621 1625 1714 1656 verbi
1745 1627 1870 1656 externi
1902 1626 2138 1667 cogitationem
2162 1632 2194 1657 et

1205 1669 1337 1699 dantem
1354 1669 1510 1709 Spiritum
1536 1674 1700 1706 sanctum,
1724 1668 1808 1699 sicut
1833 1669 1954 1710 inquit:
1977 1668 2082 1700 Nemo
2101 1669 2194 1700 novit

1205 1712 1338 1743 Patrem
1361 1713 1425 1743 nisi
1449 1710 1570 1749 Filius,
1606 1717 1638 1742 et
1661 1712 1712 1742 cui
1735 1710 1878 1743 voluerit
1902 1711 2004 1743 Filius
2028 1711 2191 1744 revelare.

1205 1756 1348 1793 Scimus,
1374 1755 1463 1797 quod
1487 1755 1530 1786 sit
1552 1755 1584 1785 in
1607 1756 1724 1793 nobis,
1747 1756 1823 1797 qnia
1848 1756 1888 1786 de
1912 1756 2031 1797 Spiritu
2055 1766 2117 1787 suo
2136 1756 2193 1787 dat

1204 1800 1311 1830 nobis.
1357 1798 1449 1836 Item,
1474 1798 1550 1839 lpse
1573 1804 1624 1829 est
1649 1805 1747 1840 caput
1768 1797 1942 1830 Ecclesiae
1965 1800 2074 1830 onmia
2097 1798 2192 1841 perfi-

1206 1843 1297 1873 ciens
1321 1843 1353 1872 in
1378 1843 1549 1873 omnibns:
1575 1848 1606 1872 et
1629 1848 1706 1873 tunc
1727 1849 1883 1883 oportere
1902 1841 2107 1874 voluntatem
2125 1852 2193 1874 non

1205 1896 1393 1927 repugnare
1416 1885 1507 1924 Deo,
1543 1886 1603 1916 sed
1627 1886 1801 1924 assentiri,
1832 1896 1906 1917 611111
1930 1886 2061 1927 quidem
2084 1886 2149 1917 iam
2173 1897 2193 1917 a

1204 1929 1278 1961 Deo
1303 1928 1462 1960 trahatur.
1509 1928 1632 1960 Posset
1655 1929 1742 1960 6111111
1766 1936 1922 1960 excutere
1933 1930 2091 1970 Spiritum
2116 1939 2192 1960 san-

1205 1980 1305 2010 ctum,
1328 1978 1364 2004 ut
1383 1973 1506 2004 excutit
1531 1971 1612 2003 Saul
1635 1982 1696 2003 sua
1721 1979 1860 2013 sponte:
1907 1972 1975 2003 Sed
2000 1983 2074 2004 cum
2097 1982 2192 2004 mens

1204 2017 1342 2048 audiens
1366 2026 1405 2046 ac
1428 2026 1465 2047 se
1490 2022 1682 2047 sustentans
1705 2026 1771 2046 non
1795 2022 1978 2058 repugnat,
2000 2026 2067 2046 non
2086 2014 2192 2047 indul-

1205 2067 1260 2102 get
1283 2058 1496 2097 diffidentiae,
1530 2059 1590 2089 sed
1615 2059 1791 2089 adiuvante
1814 2057 1897 2090 Filio
1921 2058 1985 2089 Dei
2011 2069 2069 2100 per
2091 2059 2192 2100 Spiri-

1203 2110 1272 2134 tum
1307 2109 1459 2133 sanctum
1484 2102 1673 2133 assentitur.
1720 2102 1755 2132 In
1780 2101 1844 2133 hoc
1870 2103 2050 2133 certamine
2073 2101 2189 2134 volun-

1206 2153 1257 2177 tas
1282 2157 1350 2177 non
1374 2152 1425 2176 est
1449 2146 1567 2176 011053.
1616 2145 1656 2176 Et
1683 2152 1813 2176 veteres
1838 2146 2006 2176 dixerunt:
2052 2145 2192 2177 Praece-

1205 2191 1304 2221 dente
1323 2190 1441 2231 gratia,
1476 2189 1656 2220 comitante
1679 2187 1850 2220 voluntate
1869 2189 1958 2219 bona
1983 2199 2084 2231 opera
2109 2188 2191 2220 fieri.

1291 2275 1333 2306 Et
1355 2274 1502 2306 Basilius
1526 2276 1644 2317 inquit:
1667 2276 1759 2314 μένον
1776 2278 1905 2314 θέλησον
1926 2277 1977 2305 καὶ
1998 2274 2074 2311 θεὸς
2096 2287 2191 2317 προα-

1204 2320 1311 2364 παντᾷ.
1347 2319 1440 2350 Deus
1467 2320 1641 2350 antevertit
1665 2330 1739 2356 nos,
1764 2324 1875 2357 vocat,
1898 2324 2022 2357 monet,
2047 2319 2191 2357 adiuvat,

1206 2364 1265 2394 sed
1289 2373 1351 2394 nos
1369 2363 1561 2400 viderimus,
1595 2373 1636 2393 116
1660 2372 1894 2404 repugnemus.
1942 2360 2081 2393 Constat
2105 2363 2191 2393 enim

1204 2413 1378 2448 peccatum
1402 2406 1479 2436 oriri
1504 2416 1522 2436 a
1546 2406 1654 2444 nobis,
1679 2416 1745 2437 non
1769 2415 1787 2436 a
1807 2404 1978 2437 voluntate
2000 2404 2074 2436 Dei.

1292 2492 1555 2534 Chrysostomus
1579 2493 1699 2533 inquit:
1743 2490 1789 2522 ὅδ’
1817 2492 1910 2522 ἕλκων
1933 2491 1982 2522 τὸν
2012 2491 2191 2532 βουλόμενον

1204 2536 1293 2573 ἕλκει,
1329 2535 1441 2573 trahit,
1476 2536 1535 2566 sed
1560 2534 1724 2566 volentem
1749 2535 1859 2566 trahit.
1907 2534 1998 2566 Sicut
2022 2541 2054 2566 et
2077 2535 2108 2565 in
2132 2533 2190 2566 illo

1205 2580 1278 2620 ipso
1303 2577 1379 2610 loco
1404 2578 1559 2610 Iohannis
1583 2579 1716 2610 dicitur:
1753 2579 1870 2609 Omnis
1895 2579 1949 2620 qui
1972 2578 2063 2609 audit
2086 2587 2107 2608 a
2130 2577 2191 2608 Pa-

1205 2629 1255 2654 tre
1279 2629 1310 2654 et
1333 2623 1441 2660 discit,
1476 2623 1587 2653 veniet
1610 2622 1651 2653 ad
1676 2632 1736 2653 mc.
1784 2621 1925 2652 Discere
1948 2621 2047 2661 iubet,
2070 2621 2102 2651 id
2127 2627 2190 2659 est,
