2383 2990
300 218 383 258 AD
416 215 681 258 SPIRITUM
713 213 997 255 SANCTUM.

235 309 311 351 Ago
346 309 403 339 tibi
438 308 562 349 gratias
603 307 827 347 omnipotenS,
869 316 987 343 verax,
1030 311 1134 342 caste,

150 353 331 394 Spiritus
355 357 521 387 sancte,
544 350 732 390 procedens
756 350 798 379 ab
822 354 958 379 aeterno
981 349 1079 380 Patre
1102 354 1134 379 et

149 395 248 433 Filio,
273 394 417 425 Domino
441 400 557 423 nostro
584 392 658 423 Iesu
683 391 835 430 Christo,
861 391 964 422 effuse
988 393 1019 422 in
1044 392 1133 432 Apo-

149 438 267 476 stolos,
293 438 381 478 qnod
407 435 584 467 confirmas
606 435 707 466 corda
725 442 853 472 nostra,
877 441 910 465 ut
928 434 1063 465 firmiter
1081 444 1133 464 as-

152 483 336 512 sentiantur
358 481 461 511 verbo
486 479 561 516 Dei,
585 485 617 510 et
637 478 744 509 ssectis
766 489 805 509 ea
823 478 867 508 ad
890 478 1133 508 invocationem

149 525 224 561 Dei,
250 530 279 554 et
303 523 344 553 ad
369 532 484 554 omnes
508 529 615 553 motus
640 521 706 563 legi
733 522 863 552 divinae
897 526 1133 561 congruentes,

150 574 181 598 et
205 566 364 598 laetificas
388 576 444 603 ea,
475 571 510 596 ut
534 565 749 606 acquiescant
781 565 812 594 in
838 563 933 601 Deo,
964 569 1077 603 petant
1101 569 1134 593 et

148 615 321 651 expectent
352 610 460 640 omnia
494 608 653 640 beneficia
689 607 762 638 Dei.
809 606 879 638 Das
915 607 1012 637 etiam
1045 607 1135 637 bona

150 654 282 694 corpori
301 652 504 689 necessaria,
524 658 586 683 etc.

152 800 344 852 QUARE
390 796 989 900 ECCLECQgCISPUBIECTA
1035 795 1134 837 EST

226 974 289 1014 De
322 972 449 1013 causis
482 971 775 1020 calamitatum,
809 976 851 1009 et
882 969 934 1009 de
966 967 1062 1008 locis

476 1031 806 1071 consolationum.

239 1124 320 1157 C-um
330 1122 421 1155 nulla
440 1121 581 1153 visibilis
599 1126 718 1152 natura
738 1122 779 1152 sit
797 1120 1021 1162 praestantior
1040 1129 1139 1160 quam

151 1169 311 1206 humana,
344 1168 512 1208 sapientes
547 1175 663 1196 omnes
697 1169 878 1206 quaerunt,
908 1163 995 1193 unde
1017 1164 1059 1193 sit
1083 1160 1138 1192 illa

151 1222 272 1254 magna
294 1209 400 1242 moles
426 1219 587 1246 errorum,
613 1209 778 1245 vitiorum,
802 1213 833 1237 et
858 1205 1081 1237 calamitatum
1104 1206 1138 1235 in

153 1262 217 1287 tam
250 1254 433 1296 praestanti
461 1257 593 1283 natura.
644 1251 784 1286 Quoties
819 1259 934 1280 omnes
968 1249 1138 1289 sapientes

154 1304 264 1330 errant
287 1298 319 1328 in
344 1294 515 1327 consiliis?
554 1294 660 1330 Quam
684 1292 782 1324 facile
806 1298 903 1323 ruunt
926 1293 958 1322 in
984 1290 1138 1322 scelera?

152 1341 283 1373 Deinde
305 1340 392 1370 unde
417 1345 494 1370 sunt.
517 1337 629 1376 Mors,
654 1338 762 1368 morbi
787 1341 819 1367 et
849 1335 1036 1367 horrendae
1061 1344 1139 1366 con-

152 1385 301 1417 fusiones
325 1384 358 1414 in
382 1383 460 1420 vita,
483 1380 583 1419 bella,
607 1387 640 1412 et
655 1381 812 1411 assiduae
833 1379 1038 1410 vastationes
1053 1377 1140 1408 Gen-

153 1427 255 1459 tium?
299 1426 341 1458 Et
364 1436 466 1468 quare
489 1425 567 1456 iusti
589 1425 632 1455 ab
656 1424 785 1455 iniustis
810 1420 1061 1463 opprimuntur?

241 1503 516 1544 Philosophia
560 1502 654 1540 dicit,
700 1499 803 1532 multa
849 1509 932 1530 casu
975 1497 1140 1529 accidere.

156 1548 327 1584 Quaedam
359 1546 484 1578 fatetur
517 1544 644 1576 habere
678 1553 800 1576 causas
834 1541 965 1573 fatales.
1011 1540 1142 1572 Deinde

156 1591 274 1623 Mortis
310 1596 342 1621 et
371 1591 563 1621 morborum
587 1597 709 1620 causas
741 1587 819 1618 dicit
849 1596 925 1617 esse
957 1583 1141 1615 Materiam.

157 1634 286 1666 Causas
309 1639 418 1666 autem
442 1631 607 1664 scelerum
634 1632 715 1662 dicit
746 1640 823 1661 esse
850 1628 1055 1660 voluntatem
1085 1626 1142 1658 hu-

156 1688 296 1709 manain.

244 1755 312 1786 Sed
335 1754 363 1784 si
387 1762 547 1794 quaeras,
579 1752 666 1782 unde
689 1751 721 1781 in
744 1750 881 1781 materia
902 1748 1087 1784 hominum,
1111 1752 1144 1778 et

158 1799 191 1829 in
210 1797 434 1828 voluntatibus
452 1796 621 1827 hominum
639 1800 731 1825 tanta
751 1794 793 1824 sit
810 1792 994 1829 infirmitas,
1019 1789 1144 1821 sontem

158 1840 276 1872 horum
299 1838 459 1870 malorum
483 1849 548 1869 non
572 1843 747 1869 monstrat.
794 1836 859 1866 Sed
890 1832 1090 1876 principales
1115 1839 1145 1864 et

159 1895 258 1915 veras
284 1893 404 1914 causas
429 1882 522 1913 Deus
547 1882 578 1912 in
602 1879 754 1912 Ecclesia
777 1877 944 1919 patefecit,
969 1883 1000 1908 et
1023 1877 1144 1908 doctri-

159 1937 275 1958 narum
305 1924 438 1957 collatio
469 1925 631 1961 ostendit,
659 1921 834 1954 Ecclesiae
863 1921 1048 1952 doctrinam
1071 1930 1145 1960 per-

160 1969 330 2001 fectiorem
352 1979 439 2006 esse,
460 1978 544 2009 quae
569 1974 601 1998 et
623 1968 747 2008 primas
773 1975 895 1997 causas
909 1963 1143 2000 calamitatum,

162 2018 193 2044 et
216 2013 325 2044 firmas
350 2010 597 2042 consolationes
617 2016 798 2046 monstrat,
829 2009 960 2049 ignotas
992 2006 1145 2037 Philoso-

161 2056 268 2098 phiae.
297 2055 338 2086 Et
362 2054 513 2086 efficacia
536 2055 567 2084 in
593 2052 880 2084 consolationibus
905 2050 1058 2087 ostendit.
1083 2049 1145 2080 Ec-

163 2099 285 2130 clesiae
317 2099 498 2129 doctrinam
523 2108 541 2128 a
565 2096 639 2127 Deo
664 2096 815 2126 traditam
839 2105 934 2131 esse,
967 2093 1043 2135 quia
1065 2092 1146 2124 libe-

162 2143 307 2174 rationes
327 2148 403 2172 sunt
426 2141 612 2173 testimonia
635 2140 844 2180 praesentiae
867 2138 939 2169 Dei.

166 2291 280 2341 Quae
305 2298 366 2330 est}
392 2305 511 2330 causa
533 2289 734 2337 vitiorum⁷
768 2293 1001 2336 erratorum,
1034 2285 1146 2325 Mor-

164 2352 225 2401 tis,
259 2358 300 2390 et
331 2351 495 2391 aliarum
527 2350 776 2389 miseriarum
808 2348 850 2387 in
880 2353 968 2386 toto
998 2360 1146 2400 genere

548 2411 728 2449 humano
736 2410 754 2448 ⁸?

253 2500 362 2532 Prima
385 2508 416 2532 et
438 2499 637 2532 universalis
662 2510 763 2531 causa
789 2505 838 2530 est
865 2498 1041 2529 Peccatum
1071 2497 1147 2527 hae-

168 2554 247 2576 rens
265 2544 297 2574 in
318 2550 451 2580 natura,
474 2545 562 2575 iuxta
585 2545 721 2574 dictum:
753 2542 817 2573 Per
844 2547 1018 2582 peccatum
1043 2539 1148 2570 Mors.

167 2587 209 2618 Et
231 2587 394 2618 accedunt
417 2587 533 2618 deinde
562 2588 595 2617 in
620 2585 676 2617 tali
709 2586 831 2618 vitiosa
858 2590 978 2616 natura
1004 2593 1150 2620 errores,

783 116 894 148 PHIL.
917 115 1022 147 MEL.
1046 113 1232 148 SCRIPTA
1251 113 1537 147 DOGMA'HCA.

2126 95 2173 147 '⁷6

1188 215 1220 241 et
1250 210 1281 240 in
1308 208 1478 240 voluntate
1510 207 1642 240 scelera
1664 214 1783 249 sponte
1806 207 1934 248 electa,
1958 219 2043 251 quae
2072 215 2172 242 attra-

1187 252 1268 284 hunt
1291 251 1481 294 singulares
1504 261 1642 292 poenas.

1274 320 1392 351 Altera
1416 331 1519 352 causa
1543 325 1594 351 est
1620 318 1802 357 Diabolus,
1832 321 1887 361 qui
1909 319 2047 360 impellit
2068 320 2172 351 homi-

1187 375 1247 395 nes
1271 364 1348 395 odio
1372 362 1436 394 Dei
1460 364 1501 394 ad
1527 361 1698 394 horribilia
1722 361 1869 401 scelera,
1899 369 1932 394 et
1956 369 2055 404 auget
2085 361 2173 394 cala-

1187 408 1317 439 mitates
1342 408 1444 437 variis
1468 407 1587 444 modis,
1607 406 1697 437 iuxta
1721 406 1823 436 dicta:
1849 406 1973 437 Ponam
1985 407 2173 438 inimicitias

1187 451 1272 481 inter
1295 460 1407 480 semen
1431 448 1589 487 mulieris,
1614 455 1646 479 et
1670 456 1869 489 serpentem.
1915 449 2010 480 Item:
2033 451 2172 481 Satanas

1186 494 1319 524 intravit
1342 494 1376 523 in
1399 503 1483 524 cum.
1520 492 1574 530 Ut,
1600 491 1683 523 Cain
1707 492 1828 522 occidit
1851 491 1988 523 fratrem
2010 491 2173 533 impulsus

1186 547 1207 567 a
1225 534 1382 567 Diabolo.
1409 568 1421 580 ο

1274 603 1341 635 Sed
1365 604 1420 635 hie
1444 613 1559 635 rursus
1579 604 1763 645 quaeritur:
1788 602 1899 638 Quare
1921 602 2073 633 Ecclesia
2096 604 2175 634 sub-

1186 647 1273 678 iecta
1303 652 1354 677 est
1387 648 1577 689 ingentibus
1607 647 1768 685 miseriis,
1804 657 1877 677 cum
1911 646 1955 676 sit
1982 645 2089 677 iusta?
2132 645 2174 676 Et

1189 690 1343 722 obiicitur
1366 689 1432 720 hoc
1455 695 1693 731 argumentum.

1248 770 1410 810 Iustis
1451 771 1576 810 debet
1606 771 1713 809 bene
1747 784 1851 819 esse⁷
1898 769 2009 808 iuxta
2053 769 2114 808 dj—

1310 837 1439 870 ctum:
1475 830 1554 880 Qui
1586 829 1727 869 feeerit
1759 844 1817 879 ea,
1850 829 1963 868 vivet
1984 829 2025 868 in
2047 829 2114 867 eis.

1249 890 1478 930 Ecclesia
1511 896 1573 929 est
1604 890 1718 929 iusta.

1250 951 1360 1004 Ergo
1391 950 1567 990 Ecclesia
1599 951 1726 989 debet
1765 963 1851 989 esse
1892 948 1976 988 sine
2009 947 2116 988 cala-

1312 1010 1533 1050 mitatibus.

1278 1100 1480 1142 Respondeo
1504 1101 1643 1141 primum
1669 1101 1710 1131 ad
1734 1099 1906 1131 Minorem.
1950 1097 2105 1130 Ecclesia
2127 1104 2180 1129 est

1192 1145 1288 1181 iusta,
1313 1143 1453 1181 sedicet,
1477 1144 1689 1185 imputatione
1714 1149 1746 1174 et
1767 1143 1990 1179 inchoatione,
2015 1142 2075 1172 sed
2101 1140 2179 1172 hae-

1191 1193 1242 1218 ret
1271 1186 1380 1217 adhuc
1413 1188 1446 1217 in
1482 1198 1519 1217 ea
1543 1194 1727 1227 peccatum.
1754 1185 1854 1216 'Vult
1885 1192 1991 1216 autem
2015 1185 2109 1216 Deus
2133 1185 2180 1216 iu-

1193 1231 1313 1261 stitiam
1349 1241 1443 1261 suam
1479 1236 1519 1260 et
1534 1231 1616 1260 iram
1639 1230 1803 1260 adversus
1833 1235 1972 1269 peccata
2001 1228 2181 1269 praecipue

1192 1275 1225 1305 in
1248 1272 1402 1304 Ecclesia
1422 1273 1575 1314 agnosci,
1600 1278 1632 1303 et
1651 1271 1721 1304 vult
1746 1273 1858 1313 quaeri
1882 1271 2071 1302 remedium.
2101 1270 2180 1301 Ideo

1192 1317 1298 1358 magis
1328 1317 1487 1357 premitur
1510 1314 1675 1353 Ecclesia,
1699 1316 1789 1346 iuxta
1812 1315 1947 1345 dictum:
1984 1313 2182 1344 Iudicium

1193 1371 1213 1391 a
1237 1362 1355 1391 domo
1379 1359 1451 1390 Dei
1480 1360 1642 1399 incipit.
1689 1358 1783 1388 Item:
1814 1357 1900 1387 Dedi
1932 1355 2086 1388 dilectam
2114 1356 2181 1387 ani-

1193 1413 1279 1434 mam
1302 1412 1408 1433 meam
1431 1403 1464 1433 in
1487 1402 1628 1432 medium
1650 1401 1857 1432 inimicorum
1879 1409 2037 1430 meorum.

1284 1469 1389 1502 Simul
1412 1475 1522 1501 autem
1552 1468 1679 1500 revelat
1708 1468 1802 1499 Deus
1826 1469 1858 1499 in
1881 1465 2065 1509 Evangelio
2095 1465 2183 1497 futu-

1195 1525 1265 1546 ram
1288 1513 1515 1545 liberationem
1546 1513 1718 1553 integram.
1766 1511 1843 1542 Ideo
1867 1517 1985 1552 postea
2014 1510 2057 1541 ad
2079 1510 2183 1541 Maio-

1196 1568 1264 1588 rem
1277 1557 1544 1598 respondendum
1563 1561 1629 1585 est:
1653 1555 1776 1585 Iustis
1801 1555 1927 1585 debet
1951 1554 2054 1584 bene
2077 1562 2181 1590 esse,

1196 1600 1344 1637 scilicet,
1378 1600 1467 1630 iuxta
1493 1597 1727 1630 revelationem
1750 1596 1947 1638 Evangelii,
1979 1607 2055 1627 cum
2085 1601 2183 1626 erunt

1196 1654 1336 1685 prorsus
1359 1642 1489 1673 liberati
1513 1652 1531 1672 a
1555 1648 1707 1682 peccato,
1732 1651 1798 1671 non
1824 1646 1949 1670 tantum
1967 1639 2182 1679 imputatione

1197 1693 1229 1718 et
1252 1686 1474 1719 inchoatione,
1500 1685 1561 1715 sed
1585 1685 1867 1715 consummatione
1889 1682 2057 1713 novitatis.

1284 1754 1415 1785 Causae
1451 1759 1559 1784 autem
1593 1752 1772 1795 praecipue
1807 1758 1883 1782 sunt
1918 1756 2012 1788 octo,
2046 1755 2184 1792 propter

1198 1808 1281 1840 quas
1305 1797 1459 1828 Ecclesia
1485 1797 1598 1827 durius
1622 1797 1796 1836 premitur,
1831 1805 1928 1836 quam
1953 1792 2081 1834 reliqua
2104 1803 2183 1834 pars

1198 1841 1329 1883 generis
1363 1840 1509 1877 humani,
1543 1840 1629 1870 sicut
1666 1839 1789 1870 dictum
1822 1844 1890 1868 est:
1925 1837 2127 1868 Iudicium
2163 1846 2185 1868 a

1199 1886 1317 1916 domo
1341 1883 1413 1914 Dei
1436 1883 1601 1923 incipit.

1285 1952 1307 1982 I.
1354 1951 1463 1982 Prima
1488 1961 1589 1981 causa
1613 1956 1663 1980 est
1691 1949 1868 1980 Peccatum
1891 1947 2033 1978 haerens
2064 1948 2095 1978 in
2126 1957 2184 1978 na-

1199 2003 1288 2031 tura,
1325 1995 1412 2036 quod
1438 2005 1511 2025 cum
1536 1998 1723 2024 contemnat
1748 1992 1908 2028 Mundus,
1941 1990 2036 2021 Deus
2066 1991 2097 2021 in
2121 1989 2184 2022 Ec-

1200 2038 1301 2071 clesia
1324 2037 1392 2069 vult
1418 2037 1564 2077 conspici
1598 2036 1678 2066 iram
1713 2045 1808 2066 suam
1831 2035 1994 2065 adversus
2029 2034 2185 2064 interiora

1199 2089 1231 2113 et
1255 2082 1423 2113 exteriora
1453 2086 1603 2121 peccata.
1649 2078 1689 2109 Et
1718 2084 1751 2108 ut
1783 2088 1855 2108 eam
1879 2087 2123 2119 agnoscamus,
2153 2081 2185 2107 et

1200 2136 1262 2156 nos
1285 2125 1498 2156 subiiciamus
1522 2122 1642 2152 iudicio
1668 2132 1742 2155 suo,
1767 2118 2019 2151 commonefacit
2044 2130 2106 2150 nos
2129 2129 2185 2150 va-

1199 2170 1257 2199 riis
1276 2168 1396 2204 modis,
1420 2167 1508 2197 iuxta
1527 2166 1662 2196 dictum:
1688 2163 1804 2194 Filium
1824 2173 1919 2204 quem
1943 2161 2060 2203 diligit,
2085 2162 2185 2194 corri-

1200 2213 1256 2253 pit.
1303 2211 1399 2242 Item:
1435 2209 1597 2239 Innocens
1627 2218 1691 2238 non
1723 2208 1782 2237 erit
1811 2207 1973 2237 innocens
2004 2215 2117 2236 coram
2141 2211 2184 2237 te.

1200 2255 1240 2286 Et
1259 2255 1315 2285 Iob
1340 2254 1473 2290 fatetur,
1498 2262 1534 2282 se
1555 2262 1665 2281 coram
1679 2250 1753 2281 Deo
1772 2249 1926 2280 iniustum
1946 2258 2034 2285 esse,
2058 2248 2186 2279 etiamsi

1201 2298 1416 2329 afflictionum
1433 2306 1566 2326 suarum
1580 2305 1645 2324 non
1662 2294 1726 2324 sint
1743 2302 1868 2324 causae
1885 2290 2028 2323 actualia
2043 2289 2184 2329 scelera,

1200 2342 1287 2372 sicut
1307 2340 1402 2371 amici
1426 2339 1603 2379 disputant.

1288 2411 1321 2441 ΙΙ.
1369 2407 1523 2439 Secunda
1548 2416 1650 2437 causa
1675 2410 1741 2435 est:
1773 2403 1859 2439 Quia
1881 2401 2048 2433 Diabolus
2077 2402 2185 2443 magis

1202 2453 1268 2484 odit
1290 2449 1538 2487 Ecclesiam,
1563 2459 1658 2490 quam
1684 2446 1779 2478 alios,
1827 2446 1969 2477 Genesis
1982 2445 2013 2476 2.
2059 2444 2187 2475 Ponam

1201 2496 1385 2527 inimicitias
1409 2495 1492 2524 inter
1511 2502 1624 2523 semen
1649 2490 1794 2522 mulieris
1817 2496 1848 2521 et
1871 2494 2071 2530 serpentem.
2107 2487 2186 2518 Item

1201 2540 1232 2570 ia
1258 2539 1331 2569 lob:
1351 2535 1515 2569 Diabolus
1538 2536 1629 2566 stetit
1651 2535 1735 2566 inter
1758 2533 1845 2565 filios
1858 2532 1935 2571 Dei,
1960 2538 1991 2562 et
2013 2530 2187 2562 insidiatur

1202 2581 1339 2613 sanctis.
