2383 2990
156 167 220 198 557

157 262 223 300 nia,
247 267 280 292 et
303 270 342 292 se
363 259 534 302 patefecit,
559 266 591 291 et
615 260 666 291 sic
689 259 762 292 vult
785 258 869 297 coli,
907 260 993 291 sicut
1015 268 1054 290 se
1078 269 1151 290 ver-

158 306 200 337 bo
235 303 405 346 patefecit,
442 310 475 335 et
508 303 579 335 vult
604 314 642 335 se
675 314 790 335 verum
813 302 922 335 Deum
946 302 1151 344 patefactum

797 163 839 195 V.
863 162 1134 196 EXPLICATIO
1164 163 1366 195 SYMsstiLl
1393 163 1555 201 NlCENJ.

2136 164 2202 196 5⁴38

1292 259 1446 301 Epicurei
1471 265 1502 290 et
1515 258 1684 302 Cyclopes
1711 260 1857 301 cogitant
1882 258 1962 290 nihil
1987 269 2063 289 esse
2076 258 2197 290 Deum.

1204 303 1398 334 Academici
1433 303 1602 341 dubitant,
1645 303 1747 334 'Stoici
1783 302 1929 334 fatentur
1963 302 2085 344 aliquid
2122 313 2200 334 esse

157 349 298 391 agnosci
322 354 356 379 et
378 347 524 379 discerni
549 357 569 378 a
593 347 834 378 commenticiis
858 347 1058 378 numinibus
1094 345 1152 377 Sic
1175 353 1179 387 Ι
1205 352 1347 377 mentem
1372 347 1624 385 ordinatricem,
1653 348 1713 378 sed
1744 346 1883 389 alligant
1908 357 1980 377 eam
2011 347 2052 377 ad
2079 356 2199 377 causas

156 393 254 424 Adae
277 392 439 434 principio
466 389 525 422 suit
549 391 662 422 datum
683 392 822 422 verbum
845 391 877 421 in
904 389 1085 426 Paradiso,
1119 394 1152 420 et

156 436 366 478 propositum
400 440 505 466 totum
540 434 707 475 opificium
742 434 873 472 mundi,
909 439 943 464 ut
978 440 1068 464 esset
1105 438 1152 464 te-

156 479 347 510 stimonium
372 478 413 509 de
435 477 524 517 Deo,
548 478 609 509 sed
622 483 752 519 postea,
772 487 846 508 cum
869 475 986 517 lapsus
1010 475 1070 507 fuit
1094 475 1152 506 110-

155 533 210 554 1110
246 528 277 554 et
312 522 492 553 moriturus
528 528 632 559 esset,
666 521 789 552 editum
814 527 865 552 est
887 519 977 551 aliud
1003 521 1152 557 verbum,

156 564 286 597 scilicet
309 565 489 607 promissio
514 565 641 607 gratiae
664 571 802 606 propter
826 570 999 595 venturum
1025 574 1151 601 semen,

157 615 189 641 et
212 609 360 641 additum
386 615 436 640 est
461 608 592 639 illustre
616 608 857 645 testimonium,
893 606 1021 638 scilicet
1045 607 1151 638 vivili-

156 653 244 684 catio
268 653 365 684 Adae
389 659 422 684 et
445 651 548 689 Evae,
571 657 691 693 postea
715 652 826 682 addita
851 658 927 682 sunt
953 649 1017 682 alia
1041 651 1149 693 signa.

156 696 442 728 Accendebantur
465 695 620 727 victimae
640 693 846 726 coelestibus
866 694 1018 732 flammis,
1045 696 1094 725 sic
1118 700 1152 725 et

156 741 254 772 nobis
290 740 375 771 idem
410 740 549 771 verbum
582 736 757 779 Evangelii
792 738 998 779 propositum
1023 744 1088 776 est,
1118 743 1151 768 et

159 789 287 815 certum
322 783 563 820 testimonium,
599 781 729 813 scilicet
753 780 856 812 Filius
882 780 944 812 Dei
971 780 1151 813 crucifixus

157 833 190 859 et
208 828 441 864 resuscitatuS,
465 836 524 867 per
546 824 636 857 hunc
649 823 804 867 placatus
825 831 877 856 est
891 825 1001 863 Pater,
1027 832 1059 855 et
1074 835 1151 866 pro-

156 877 230 912 pter
253 881 328 902 eum
347 870 479 902 exaudit
501 876 532 900 et
546 868 668 907 salvat,
693 875 725 900 et
745 868 812 900 vult
828 870 877 899 sic
890 869 1031 911 agnosci
1045 868 1151 906 Deus,

157 914 247 956 quod
266 914 320 945 hic
339 915 381 945 sit
406 924 507 945 verus
531 912 640 951 Deus,
664 913 719 954 qui
743 922 780 943 se
800 911 957 952 patefecit
982 914 1085 944 misso
1100 912 1150 942 κ’ἰ-

156 957 214 997 lio,
249 963 285 990 ut
320 959 362 989 sit
387 956 564 995 Mediator,
599 957 653 998 qui
678 957 769 987 dedit
794 956 871 988 huic
895 955 977 988 Filio
997 956 1150 998 Evange-

155 1000 235 1033 lium
254 1002 296 1032 de
318 1001 517 1032 remissione
539 1008 755 1040 peccatorum
786 1006 817 1031 et
843 1001 884 1031 (le
909 1001 975 1031 vita
1001 1006 1150 1037 aeterna,

156 1051 189 1077 et
219 1045 308 1087 qnod
344 1045 394 1075 sic
418 1042 495 1076 velit
521 1042 602 1081 coli,
638 1044 723 1075 sicut
748 1054 808 1085 per
832 1043 921 1075 hunc
946 1043 1063 1075 Filium
1088 1053 1150 1074 nos

156 1089 278 1121 docuit.
348 1087 460 1123 Quare
494 1088 526 1119 in
562 1088 650 1118 omni
682 1087 893 1118 invocatione
919 1088 1150 1119 discernamus

157 1133 245 1164 hunc
274 1142 391 1163 verum
426 1131 535 1162 Deum
571 1141 589 1162 a
625 1132 864 1162 commenticiis
894 1132 1094 1169 numinibus,
1119 1137 1151 1161 et

157 1185 290 1217 semper
324 1176 510 1218 cogitemus
536 1185 599 1205 nos
627 1173 752 1216 alloqui
777 1174 866 1205 hunc
892 1185 1007 1206 verum
1030 1174 1150 1212 Deum,

157 1220 212 1262 qui
247 1229 285 1250 se
309 1217 467 1261 patefecit
502 1219 605 1249 misso
629 1217 725 1256 Filio,
761 1225 792 1249 et
818 1217 1151 1250 commonefactionis

157 1273 261 1295 causa
284 1262 426 1305 prodest
451 1272 557 1303 saepe
581 1272 743 1304 expresse
768 1262 911 1294 recitare
935 1261 1086 1294 sormam.

245 1358 465 1399 Omnipotens
489 1357 585 1389 Deus
609 1364 746 1388 aeterne
770 1357 868 1388 Pater
890 1357 1024 1389 Domini
1050 1356 1152 1388 lESU

156 1401 343 1439 CHRISTI,
366 1408 500 1432 creator
525 1398 611 1432 coeli
635 1407 665 1431 et
690 1407 801 1432 terrae
824 1408 854 1432 et
880 1401 1062 1439 hominum,
1087 1411 1153 1432 una

155 1456 229 1477 cum
253 1445 338 1476 Filio
362 1451 419 1476 tuo
439 1450 620 1476 coaeterno
645 1450 678 1476 et
701 1444 828 1486 Spiritu
853 1451 909 1475 tuo
933 1452 1071 1482 sancto,
1096 1445 1152 1476 mi-

154 1499 271 1521 serere
295 1489 377 1526 mei,
409 1494 440 1519 et
471 1486 614 1519 iustiflca
644 1498 696 1519 me
730 1498 790 1530 per
826 1495 859 1519 et
882 1496 1020 1530 propter
1044 1490 1151 1521 lesum

155 1531 327 1564 Christum
361 1530 480 1563 Filium
515 1538 624 1570 tuum,
663 1538 695 1563 et
730 1532 903 1564 sanctifica
939 1543 991 1564 me
1027 1533 1152 1574 Spiritu

155 1583 212 1608 tuo
237 1581 369 1614 sancto,
389 1573 524 1618 collige,
549 1585 649 1607 serva
673 1581 705 1607 et
729 1586 811 1617 rege
834 1575 1036 1608 Ecclesiam.

242 1671 334 1704 Haec
345 1670 455 1703 forma
479 1670 772 1713 comprehenditur
784 1671 817 1702 in
838 1672 950 1703 verbis
964 1671 1151 1713 Baptisma-

154 1717 198 1748 tis
233 1721 267 1747 et
291 1714 463 1758 Symboli,
498 1722 531 1747 et
565 1716 655 1757 quod
691 1716 740 1746 sic
775 1713 851 1746 velit
881 1716 1032 1747 invocari
1056 1714 1150 1747 Deus

154 1760 321 1790 mentione
345 1757 436 1797 Filii,
461 1760 643 1790 ostendunt
666 1757 751 1790 haec
774 1759 878 1790 dicta:
913 1759 977 1795 Qui
1003 1770 1068 1791 non
1092 1759 1151 1790 ho-

131 1829 135 1836 .
155 1809 253 1834 norat
274 1802 405 1840 Filium,
428 1812 495 1833 non
518 1802 661 1834 honorat
686 1803 828 1834 Patrem.
864 1802 957 1841 Item,
983 1802 1076 1834 Haec
1099 1809 1152 1834 est

156 1847 223 1878 vita
245 1853 398 1885 aeterna,
429 1854 463 1877 ut
489 1852 677 1888 agnoscant
700 1853 732 1877 te
756 1845 865 1878 solum
891 1857 1007 1878 verum
1031 1845 1152 1885 Deum,

155 1896 187 1922 et
210 1901 309 1933 quem
332 1890 450 1921 misisti
474 1889 613 1921 IESUM
637 1900 716 1922 esse
738 1889 978 1922 CHRisTUM.

242 1987 396 2018 Sciamus
427 1987 528 2029 igitur
558 1986 651 2018 initio
686 1987 718 2018 in
748 1987 812 2018 1108
842 1987 998 2018 mandato
1022 1979 1149 2025 doceri,

155 2037 312 2072 oportere
348 2029 462 2062 lucere
492 2031 523 2062 in
554 2031 653 2062 nobis
689 2041 804 2062 veram
839 2031 1043 2073 agnitionem
1070 2029 1148 2068 Dei,

154 2075 240 2106 sicut
263 2084 302 2105 se
323 2072 481 2114 patefecit
510 2074 613 2105 misso
638 2073 722 2106 Filio
746 2086 827 2112 suo,
855 2085 915 2115 per
939 2085 1035 2116 quem
1059 2073 1150 2106 colli·

155 2119 243 2161 gitur
260 2116 433 2155 Ecclesia,
470 2123 608 2159 propter
637 2129 735 2160 quam
771 2117 1005 2150 collectionem
1039 2118 1150 2150 omnia

155 2160 315 2194 miracula
337 2159 427 2192 facta
449 2167 539 2193 sunt.

289 2232 309 2243 x

242 2256 374 2289 Deinde
411 2257 616 2299 praecipitur
643 2256 741 2289 huius
771 2258 841 2290 veri
870 2256 935 2290 Dei
965 2258 1089 2289 ardens
1118 2263 1150 2290 et

154 2301 303 2344 perfecta
338 2299 471 2332 dilectio
505 2311 609 2341 super
643 2301 772 2341 omnia,
806 2308 838 2334 et
871 2300 996 2333 laetitia
1031 2302 1063 2332 in
1098 2312 1150 2342 eo,

154 2345 254 2376 timor
266 2344 330 2376 Dei
353 2354 456 2386 super
469 2345 578 2376 onmia
591 2350 622 2375 et
640 2344 762 2376 fiducia
786 2356 889 2388 super
912 2345 1033 2384 onmia,
1057 2346 1151 2377 iuxta

154 2389 292 2420 dictum:
316 2387 449 2431 Diligas
461 2387 640 2420 Dominum
653 2387 762 2421 Deum
786 2396 877 2421 tuum
899 2400 940 2421 ex
954 2395 1022 2420 toto
1047 2390 1151 2421 corde

154 2439 222 2464 tuo.

242 2527 465 2560 Considerata
488 2534 599 2559 autem
629 2528 810 2567 Antithesi,
834 2529 869 2560 fit
893 2528 1058 2563 illustrior
1092 2529 1148 2560 do-

154 2573 279 2611 ctrina,
309 2578 342 2603 et
364 2571 473 2613 magis
498 2572 702 2614 conspicitur
724 2572 846 2616 ingens
868 2573 1002 2605 miseria
1021 2578 1151 2612 nostra,

153 2626 240 2658 quae
261 2625 344 2648 vero
368 2614 487 2647 dolore
509 2615 716 2658 deploranda
738 2623 802 2648 est.
840 2616 877 2648 In
901 2617 1066 2649 mentibus
1089 2616 1149 2649 hu-

153 2660 260 2692 manis
284 2664 362 2691 sunt
385 2660 545 2692 tenebrae
569 2665 602 2692 et
625 2660 849 2692 dubitationes
871 2661 1071 2692 horrendae.

1057 2774 1078 2801 ἰ

1205 390 1386 422 secundas,
1433 390 1604 421 Pharisaei
1630 389 1776 421 fatentur
1799 401 1877 421 esse.
1901 390 2029 428 Deum,
2060 391 2121 420 sed
2145 400 2200 420 ne-

1205 440 1283 474 gant
1309 444 1347 465 se
1366 435 1407 464 ab
1432 444 1472 465 eo
1497 434 1666 471 exaudiri,
1691 435 1782 476 diligi
1805 442 1837 465 et
1862 434 1968 465 iuvari
1994 434 2080 464 sicut
2105 432 2198 464 Saul.

1205 476 1303 508 Hanc
1345 478 1582 509 dubitationem
1623 478 1798 509 comitatur
1835 476 2007 509 horribilis
2049 476 2201 508 fremitus

1205 520 1369 551 adversus
1393 520 1520 559 Deum,
1556 527 1589 552 ut
1615 520 1740 552 Paulus
1764 522 1885 563 inquit:
1923 522 2052 552 Sensus
2089 521 2200 552 carnis

1206 564 1372 595 inimicitia
1408 572 1457 596 est
1493 565 1658 596 adversus
1684 565 1799 596 Deum,
1847 564 1885 595 Et
1912 564 2086 596 Ieremias:
2122 564 2201 595 Per-

1205 618 1339 638 versum
1364 613 1415 638 est
1440 619 1500 639 cnr
1522 607 1664 639 hominis
1689 615 1719 639 et
1743 618 1990 640 aerumnosum.
2026 608 2082 639 Sic
2106 618 2201 639 aver-

1205 661 1264 682 sae
1289 657 1365 682 sunt
1400 657 1529 682 mentes
1564 658 1594 682 et
1631 653 1776 683 cordua
1804 652 1895 689 Deo,
1932 663 2005 683 cum
2042 652 2201 683 deberent

1206 704 1282 725 esse
1318 693 1475 735 copulata
1511 706 1584 726 cum
1614 694 1706 733 Deo,
1741 694 1862 737 templa
1889 695 1963 733 Dei,
1999 694 2201 726 vivificantis

1206 748 1257 776 ea,
1281 745 1314 770 ut
1340 739 1411 769 sine
1436 745 1576 779 peccato
1600 747 1629 770 et
1656 740 1728 770 sine
1753 746 1859 770 morte
1883 740 2082 770 viveremus.

1294 824 1447 866 Pugnant
1477 835 1558 866 ergo
1588 826 1620 856 in
1650 837 1716 858 una
1746 833 1840 867 parte
1871 837 1945 857 cnm
1975 827 2080 867 primo
2104 836 2200 868 prae-

1206 876 1304 909 cepto
1331 869 1495 910 ignoratio
1522 868 1604 906 Dei,
1640 871 1671 900 in
1708 868 1813 901 altera
1851 878 1947 911 parte
1983 871 2092 901 odium
2130 870 2200 900 veri

1205 911 1268 943 Dei
1294 920 1322 943 et
1345 911 1455 944 cultus
1474 911 1653 944 ldolorum.
1686 913 1846 945 Homines
1872 915 1902 944 in
1923 919 2201 955 metuquaerunt

1202 954 1329 997 aliquid
1356 962 1510 998 tanquam
1532 955 1655 988 Deum:
1681 957 1766 993 Quia
1791 958 1876 988 ratio
1891 958 1952 987 scit
1977 956 2101 999 aliquid
2125 967 2201 988 esse

1205 997 1332 1037 Deum,
1363 1000 1395 1030 id
1426 1001 1534 1041 ipsum
1558 1007 1669 1032 tamen
1700 1002 1851 1032 amittunt
1881 1007 1911 1032 et
1937 1001 2096 1038 oderunt,
2128 1011 2201 1031 cum

1206 1044 1315 1074 deseri
1340 1054 1378 1073 se
1401 1044 1526 1081 vident,
1549 1044 1631 1075 sicut
1648 1044 1787 1076 Hecuba
1812 1045 1933 1087 inquit:
1959 1044 2082 1075 Invoco
2108 1044 2200 1085 igna-

1208 1098 1267 1117 xos
1292 1086 1509 1128 opitulatores
1535 1098 1594 1119 5811
1619 1088 1722 1119 Deos.

1294 1173 1412 1205 Donec
1442 1181 1550 1206 autem
1581 1182 1748 1213 metuunt,
1783 1182 1948 1217 quaerunt
1984 1174 2129 1217 aliquid,
2164 1181 2200 1207 ut

1205 1220 1308 1258 poeta
1332 1218 1453 1259 inquit:
1473 1218 1602 1249 Primus
1615 1219 1647 1249 in
1672 1220 1753 1249 orbe
1768 1219 1862 1250 Deos
1882 1218 1959 1250 sec-it
1977 1220 2086 1257 timor,
2110 1218 2200 1260 quod

1206 1272 1320 1292 verum
1346 1268 1394 1292 est
1427 1262 1468 1293 de
1492 1260 1604 1293 idolis.
1651 1262 1746 1293 Alius
1773 1264 1865 1304 lingit
1895 1262 1984 1294 aliud
2009 1272 2143 1300 numen,
2169 1267 2202 1293 et

1206 1304 1275 1336 vult
1294 1304 1403 1336 Deum
1428 1304 1564 1347 placare
1588 1304 1653 1337 alio
1679 1306 1780 1338 cultu.
1820 1305 2006 1338 Bellatores
2032 1305 2201 1338 collocant

1205 1355 1346 1379 statuam
1373 1348 1508 1387 Martis,
1535 1361 1720 1390 puerperae
1746 1351 1881 1381 lunonis
1900 1348 2058 1382 statuam.
2097 1350 2200 1381 Deni-

1206 1402 1271 1434 que
1308 1399 1341 1423 ut
1382 1393 1547 1434 cupiditas
1589 1401 1748 1435 vagatur,
1795 1395 1837 1425 ita
1873 1394 2044 1436 finguntur
2080 1392 2200 1424 81111115.

1207 1437 1386 1467 Amatores
1400 1436 1579 1475 Venerem,
1600 1437 1807 1469 Mei-catores
1822 1437 2036 1475 Mercurium,
2061 1437 2200 1479 Sapien-

1207 1487 1257 1510 tes
1283 1478 1454 1511 Palladem
1479 1479 1653 1512 finxerunt.
1699 1480 1762 1512 Alii
1789 1481 1942 1513 fiduciam
1955 1481 2030 1513 Deo
2055 1481 2199 1513 debitam

1207 1521 1373 1554 collocant
1399 1524 1429 1554 in
1454 1534 1536 1555 suas
1564 1525 1669 1563 vires,
1698 1531 1732 1557 ut
1758 1525 1853 1556 Aiax.
1900 1525 1966 1556 Alii
1996 1531 2094 1567 pacta
2126 1536 2200 1556 cum

1205 1565 1360 1598 Diabolis
1384 1566 1521 1605 iaciunt,
1545 1574 1578 1600 ut
1603 1568 1706 1611 Magi,
1730 1570 1855 1600 Omnes
1870 1575 1978 1600 autem
2003 1570 2200 1600 aberrantes

1204 1622 1225 1642 a
1250 1621 1329 1641 vero
1353 1610 1428 1642 Deo
1460 1612 1669 1643 nominantur
1702 1611 1850 1644 cultores
1882 1612 2069 1652 ldolorum,
2099 1619 2129 1643 et
2160 1622 2200 1644 eo

1205 1662 1365 1695 peccant,
1386 1655 1462 1696 quia
1486 1656 1613 1698 fingunt
1636 1656 1668 1686 id
1693 1667 1770 1688 esse
1794 1656 1915 1695 Deum,
1940 1658 2028 1698 quod
2054 1667 2120 1688 non
2145 1663 2198 1687 est

1206 1698 1311 1730 Deus.
1357 1698 1426 1730 Aut
1454 1700 1600 1731 tribuunt
1624 1701 1894 1741 omnipotentiam
1918 1700 1982 1731 Dei
2014 1708 2200 1738 creaturae,

1205 1748 1238 1773 et
1262 1742 1324 1773 hac
1349 1741 1468 1773 fiducia
1495 1753 1567 1774 eam
1586 1744 1760 1782 invocant,
1785 1751 1817 1776 ut
1832 1746 2030 1776 invocantur
2049 1743 2199 1775 homines

1205 1786 1343 1825 mortui,
1367 1791 1424 1816 aut
1443 1786 1597 1818 fiduciam
1622 1786 1788 1819 collocant
1814 1789 1844 1819 in
1869 1787 2004 1830 aliquid,
2030 1788 2117 1830 quod
2131 1798 2199 1819 non

1207 1836 1256 1860 cst
1275 1829 1382 1867 Deus,
1402 1836 1435 1861 ut
1456 1830 1546 1872 Magi
1570 1831 1603 1862 in
1627 1831 1775 1870 diabolo,
1798 1832 1884 1864 Aiax
1910 1833 1940 1863 in
1963 1843 2056 1863 suam
2069 1830 2199 1863 fortitu-

1205 1874 1333 1912 dinem,
1367 1880 1424 1905 aut
1465 1876 1611 1917 cogitant
1648 1875 1765 1913 Deum,
1796 1886 1873 1907 esu-se
1908 1877 2120 1914 mendacem,
2163 1881 2199 1908 ut

1205 1917 1305 1955 Saul,
1340 1917 1451 1956 ludas,
1470 1918 1705 1959 desperatione
1728 1931 1747 1950 a
1773 1921 1846 1951 Deo
1870 1919 2080 1951 deficientes.

1292 2004 1326 2036 ln
1358 2003 1423 2036 hac
1452 2005 1554 2048 longa
1582 2006 1770 2038 Anthithosi
1802 2008 2052 2045 consideretur,
2076 2013 2199 2049 quanta

1203 2049 1246 2080 sit
1270 2047 1377 2080 moles
1397 2056 1614 2090 peccatorum
1628 2051 1659 2081 in
1685 2051 1747 2081 hac
1773 2059 1889 2083 natura
1914 2051 2055 2082 hominis
2080 2052 2197 2092 ‹lepra-

1203 2099 1294 2131 vata‚
1331 2100 1447 2125 contra
1482 2096 1621 2135 primum
1657 2102 1890 2136 praeceptum,
1933 2101 1965 2126 et
2001 2106 2018 2126 e
2054 2095 2194 2137 regione

1204 2136 1385 2175 discamus,
1410 2138 1487 2178 quid
1513 2138 1674 2169 doceatur
1692 2138 1724 2169 in
1749 2139 1812 2169 1108
1837 2144 2036 2179 praecepto,
2061 2144 2091 2170 et
2116 2150 2197 2180 quo-

1202 2181 1303 2211 modo
1327 2180 1664 2223 inchoenturagnitto
1678 2188 1709 2212 et
1724 2181 1857 2213 dilectio
1882 2181 1944 2213 Dei
1971 2188 2002 2213 et
2027 2183 2195 2224 quomodo

1204 2224 1429 2265 perficiantur.
1485 2224 1671 2267 Utrumque
1711 2227 1790 2257 sciri
1835 2236 1980 2257 necesse
2023 2234 2075 2257 est
2111 2237 2197 2268 quae

1202 2274 1345 2309 peccata
1390 2269 1422 2299 in
1463 2267 1528 2300 hoc
1569 2275 1752 2311 praecepto
1783 2270 2000 2309 damnentur,
2047 2275 2080 2301 et
2114 2281 2196 2312 quo-

1203 2312 1303 2343 modo
1327 2311 1384 2343 fiat
1408 2312 1577 2344 inchoatio
1602 2323 1710 2344 novae
1733 2314 1954 2345 obedientiae.

1290 2355 1362 2387 Etsi
1393 2357 1477 2387 enim
1506 2357 1538 2387 in
1562 2357 1691 2388 nemine
1714 2363 1846 2399 praeter
1875 2356 1992 2388 Filium
2016 2356 2079 2388 Dei
2103 2355 2197 2388 fulsit

1203 2405 1236 2430 et
1266 2398 1373 2443 fulget
1407 2398 1557 2441 perfecta
1604 2401 1793 2432 obedientia
1827 2402 1900 2432 sine
1930 2400 2001 2432 ullo
2036 2407 2196 2441 peccato:

1202 2448 1312 2474 tamen
1336 2444 1368 2475 in
1389 2444 1561 2482 omnibus.
1585 2444 1641 2486 qui
1665 2450 1923 2482 convertuntur,
1947 2445 2097 2476 inchoari
2117 2445 2197 2476 olie-

1203 2486 1359 2561 dientliam
1384 2497 1525 2519 necesse
1547 2495 1610 2526 est,
1634 2488 1726 2519 iuxta
1750 2489 1888 2520 dictum:
1912 2488 1977 2519 Per
1995 2488 2110 2520 Fidem
2123 2488 2195 2519 Lex

1202 2531 1288 2562 stabi
1304 2531 1378 2562 itur.

1290 2618 1466 2650 Sciendum
1481 2624 1533 2651 est
1544 2619 1661 2662 igitur,
1685 2618 1811 2662 Legem
1824 2629 1867 2651 ne
1890 2619 2022 2661 quidem
2045 2619 2195 2651 inchoari

1201 2672 1318 2703 posse,
1343 2663 1405 2694 nisi
1428 2663 1543 2706 agnito
1568 2661 1662 2702 Filio,
1682 2670 1714 2695 et
1738 2662 1948 2705 apprehensa
1972 2663 2196 2704 promissione
