2383 2990
165 132 229 163 551
805 129 917 160 PHlL.
941 128 1044 160 MEL.
1065 129 1253 162 SCR1PTA
1272 126 1554 160 DOGMAT1CA.
2129 123 2193 155 55⁶2

165 225 311 269 gladium
345 226 525 267 acceperit,
561 224 674 268 gladio
709 225 838 267 peribit.
907 224 1000 262 Item,
1037 224 1153 255 Omnis
1204 224 1237 255 in
1261 222 1336 255 aliis
1359 223 1517 263 minores=
1542 222 1618 266 quia
1648 232 1797 255 summos
1826 234 1924 256 nemo
1953 223 2043 256 ferre
2070 231 2192 268 potest,

164 270 272 302 anima
298 280 382 311 quae
406 268 519 300 fecerit
540 269 601 299 has
625 269 903 306 abominationes,
928 274 1100 300 evometur
1113 279 1153 299 ex
1205 268 1291 300 sieut
1312 267 1345 299 in
1369 266 1494 299 Psalm.
1520 268 1658 299 dicitur:
1692 267 1767 298 Non
1798 268 1948 299 accendit
1974 267 2067 300 Deus
2090 275 2194 301 totam

164 319 264 345 terra.
311 314 410 351 item,
444 313 517 343 Vae
552 313 606 354 qui
641 310 785 353 spolias,
828 312 904 353 quia
940 310 1152 353 spoliaberis.
1204 312 1288 343 iram
1311 322 1416 343 suam.
1463 310 1505 341 Et
1528 312 1560 341 in
1584 310 1694 341 Osea:
1718 311 1793 342 Non
1810 310 1930 342 faciam
1954 310 2101 343 furorem
2124 313 2194 344 irae

162 355 249 388 Hinc
272 356 390 398 regula
415 362 482 386 est:
507 355 647 386 Atrocia
667 354 786 386 delicta
807 355 1005 386 comitantur
1017 361 1152 386 atroces
1204 366 1309 393 meae,
1345 355 1421 396 quia
1444 353 1539 385 Deus
1563 365 1626 396 ego
1651 364 1742 386 sum:
1777 361 1886 386 tamen
1911 365 2027 386 omnes
2053 366 2194 387 conver-

162 411 292 443 poenae
316 401 346 430 in
370 399 434 430 hac
459 400 536 430 vita.
1208 399 1297 429 tendi
1333 399 1375 429 ad
1398 397 1506 428 Deum
1530 396 1640 439 aliqua
1673 397 1763 428 initia
1798 397 1910 429 talium
1935 405 2098 429 terrorum
2118 409 2194 430 sen-

1205 442 1299 480 tiunt,
1323 447 1359 473 ut
1383 440 1517 472 Psalmo
1537 440 1590 472 50.
1614 441 1748 472 dieitur:
1773 440 1867 472 Deus
1880 448 1996 472 noster
2017 441 2194 473 manifeste

251 485 361 517 Tertia
388 495 491 516 causa
515 490 585 523 est,
608 490 644 518 ut
666 483 740 517 aliis
763 495 828 526 pax
853 485 908 524 sit,
935 484 1020 521 Quia
1044 486 1152 517 nasci·
1205 484 1327 524 veniet,
1351 490 1383 516 et
1404 495 1472 516 non
1496 483 1607 516 silebit
1629 484 1717 527 ignis
1740 484 1774 515 in
1798 491 1981 526 conspectu
2005 485 2088 516 eius.

162 541 234 561 mur
257 530 299 561 ad
322 529 501 560 fiwendam
526 530 733 567 societatem,
756 539 823 560 non
847 530 889 561 ad
913 528 1073 561 infinitam
1097 530 1153 562 de-

161 572 317 605 letionem
342 573 476 615 generis
499 573 646 604 humani.
1291 571 1333 602 Et
1368 581 1447 603 vere
1480 571 1638 602 irascitur
1671 570 1765 602 Deus
1790 569 1916 602 carnali
1939 571 2123 609 securitati,
2157 577 2194 603 ut

1204 614 1330 647 Paulus
1360 616 1401 646 ad
1432 614 1599 656 Ephesios
1635 615 1767 645 damnat
1804 624 1874 653 eos,
1910 615 1943 645 in
1967 615 2086 656 quibus
2109 613 2195 647 nulli

1203 664 1279 690 sunt
1305 657 1453 696 dolores,
1477 668 1561 700 quos
1585 658 1731 689 nominat
1755 657 1968 697 ἀπηλγηκότιις,
1992 658 2023 688 id
2052 663 2115 696 est,
2139 658 2195 700 qui

1203 700 1435 736 dedoluerunt,
1470 702 1512 733 ric
1547 702 1584 733 bii
1607 701 1790 741 verschmertjt
1815 704 1914 740 buben!
1946 702 1990 733 bic
2014 702 2103 743 nidpre
2128 703 2193 733 bar:

1203 747 1270 785 und)
1295 745 1408 786 fragm.
1438 744 1516 775 Ideo
1541 755 1615 775 cum
1639 745 1680 776 de
1703 744 1902 776 contritione
1920 745 1953 775 in
1976 744 2128 776 doctrina
2152 745 2193 776 de

1202 788 1406 830 poenitentia
1441 788 1571 826 dicitur,
1606 787 1639 819 hi
1663 794 1810 819 terrores
1841 786 2079 830 intelligantur,
2114 799 2194 830 quo-

1203 843 1275 862 rum
1299 831 1389 862 initia
1411 831 1444 861 in
1467 841 1548 862 vera
1570 831 1772 872 poenitentia
1797 831 1957 862 discenda
1977 837 2064 862 sunt.

249 659 387 698 Quarta,
411 665 445 691 ut
474 664 611 691 externa
634 658 797 690 modestia
820 659 863 690 sit
885 659 1096 701 paedagogia
1118 659 1152 689 in

162 702 350 741 Christum,
373 709 408 734 ut,
432 703 546 734 doceri
570 703 739 744 possimus
770 712 831 733 nos
856 708 888 733 et
912 701 986 738 alii,
1016 709 1045 732 et
1078 712 1151 742 per-

162 753 357 778 severantes
382 747 413 777 in
440 745 626 777 sceleribus
651 752 768 778 contra
797 746 1054 782 conscientiam,
1083 755 1150 775 non

161 796 239 822 sunt
264 789 464 821 sanctificati
487 801 507 821 a
531 789 663 821 Christo
688 801 748 831 per
778 800 895 821 vocem
920 787 1094 829 Evangelii
1118 793 1151 818 et

161 834 315 874 Spiritum
339 839 502 864 sanctum.
548 834 626 865 Ideo
651 834 785 864 dicitur:
810 835 1033 869 ScortatoreS,
1057 829 1151 862 adul-

160 878 234 915 teri,
258 876 443 908 homicidae
466 888 531 908 non
556 877 778 919 possidebunt
801 886 939 917 regumn
952 874 1027 905 Dei.
1060 873 1150 905 Usus

161 927 211 952 est
247 926 357 951 autem
382 919 506 952 Paulus
541 918 765 961 appellatione
794 929 860 950 non
885 916 1043 956 terribili,
1073 918 1151 959 quia

159 964 378 1005 paedagogus
404 974 469 995 non
494 970 620 995 tantum
645 964 802 1003 castigat,
834 962 895 992 sed
918 962 1016 992 etiam
1040 961 1150 999 docet,

159 1013 192 1039 et
213 1008 372 1038 ordinatis
398 1007 564 1038 exercitiis
596 1006 789 1037 assuefacit.
836 1005 884 1036 lta
913 1015 997 1036 usus
1027 1004 1150 1045 paeda-

159 1051 300 1092 gogicus
322 1050 422 1092 Legis
446 1051 487 1081 ad
512 1049 576 1080 hoc
599 1051 717 1090 prosit,
742 1055 777 1080 ut
790 1049 974 1079 doceantur
998 1048 1150 1079 rudiores

160 1094 201 1125 de
224 1093 312 1132 Deo,
351 1100 382 1124 et
407 1094 447 1124 de
467 1094 663 1131 virtutibus,
697 1103 765 1124 non
787 1098 823 1123 ut
847 1091 1061 1124 confirmetur
1085 1090 1150 1133 Cy·
1202 1091 1281 1122 Ideo
1312 1090 1406 1122 Deus
1443 1101 1577 1132 semper
1611 1092 1643 1121 in
1672 1100 1753 1121 vera
1776 1090 1928 1122 Ecclesia
1952 1092 2106 1132 repetivit
2129 1091 2193 1122 Le-

160 1136 289 1178 clopica
315 1144 345 1167 et
371 1136 471 1168 effera
494 1137 680 1168 barbaries.
726 1135 822 1167 Hunc
852 1146 950 1167 usum
978 1134 1149 1176 politicum
1203 1145 1291 1177 gem,
1329 1140 1362 1165 et
1396 1134 1507 1165 docuit
1544 1144 1616 1165 eam
1641 1144 1718 1166 esse
1746 1134 1902 1165 iudicium
1927 1144 2093 1165 accusans
2116 1144 2193 1175 pec-

1175 852 1179 1015 ξ
1290 917 1363 948 Etsi
1398 924 1506 949 autem
1530 924 1581 949 est
1609 917 1722 959 aliqua
1746 918 1860 948 notitia
1886 917 1986 959 Legis
2010 918 2141 949 divinae
2159 918 2192 949 in

159 1181 248 1212 ratio
273 1181 371 1211 etiam
395 1181 426 1210 in
451 1191 519 1211 non
543 1180 667 1211 renatis
691 1186 860 1220 utcunque
883 1177 1049 1220 intelligit,
1086 1178 1150 1208 etsi
1204 1187 1279 1209 cata
1304 1184 1442 1209 externa
1466 1184 1498 1209 et
1521 1178 1699 1216 interiora,
1733 1178 1891 1208 tenebras
1912 1183 1944 1209 et
1968 1178 2193 1208 dubitationes

1176 2276 1179 2289 Ι

1203 966 1273 992 toto
1309 971 1433 1004 genere
1469 960 1626 999 humano,
1660 970 1745 1002 quae
1767 962 1943 992 nobiscum
1962 962 2125 992 nascitur:
2144 966 2192 992 ta-

1202 1015 1277 1036 men
1311 1003 1409 1035 simul
1443 1014 1564 1046 magna
1589 1003 1697 1045 caligo
1722 1010 1784 1042 est,
1819 1011 1851 1035 et
1875 1005 1958 1035 ratio
1981 1004 2192 1047 imaginatur,

1202 1046 1399 1079 satisfacere
1421 1046 1573 1078 homines
1586 1047 1668 1090 Legi
1693 1047 1825 1079 (livinae
1843 1054 1981 1079 externa
2005 1047 2192 1089 disciplina.

157 1222 248 1255 hunc
267 1234 399 1265 quoque
419 1234 478 1265 per
503 1222 678 1265 caliginem
703 1223 832 1264 aspicit,
857 1229 888 1254 et
901 1222 988 1253 addit
1004 1232 1150 1259 errores,
1203 1222 1243 1253 de
1269 1221 1342 1253 Deo
1377 1223 1410 1252 in
1445 1227 1565 1259 mente,
1591 1228 1621 1252 et
1645 1221 1842 1263 pravitatem
1867 1221 1997 1258 cordis,
2029 1221 2118 1262 quod
2142 1226 2195 1252 est

157 1266 250 1309 fingit
275 1277 350 1298 esse
376 1268 491 1298 merita
515 1266 721 1298 remissionis
745 1273 973 1307 peccatorum,
997 1275 1075 1296 esse
1093 1268 1150 1295 im-
1202 1266 1235 1296 in
1258 1264 1323 1296 hac
1348 1270 1503 1306 corrupta
1527 1271 1645 1296 natura
1668 1270 1746 1295 ante
1782 1265 2036 1296 conversionem
2060 1264 2131 1295 sine
2155 1264 2193 1295 ti-

157 1309 336 1352 pletionem
360 1310 461 1352 Legis
493 1317 523 1341 et
552 1310 708 1341 iustitiam
739 1320 852 1341 coram
881 1309 968 1340 Deo.
1014 1309 1067 1340 De
1097 1308 1150 1339 his

158 1355 329 1386 erroribus
355 1361 471 1396 postea
497 1354 644 1385 dicemus
664 1354 697 1384 in
720 1354 870 1385 secundo
894 1363 966 1385 usu.

1202 1318 1297 1339 more
1330 1308 1406 1346 Dei,
1442 1308 1514 1338 sine
1549 1307 1671 1339 fiducia
1705 1314 1737 1339 et
1758 1308 1829 1339 sine
1855 1306 2033 1341 dilectione
2056 1306 2131 1346 Dei,
2161 1313 2195 1339 et

1202 1352 1295 1383 ardet
1320 1351 1492 1383 affectibus
1517 1352 1745 1393 pugnantibus
1771 1361 1845 1381 cum
1858 1351 1951 1394 Lege
1973 1350 2048 1388 Dei,
2073 1357 2105 1382 et
2127 1349 2193 1382 fre-

1203 1395 1258 1426 mit
1294 1396 1458 1426 adversus
1492 1393 1620 1433 Deum,
1655 1395 1741 1425 sicut
1776 1393 1935 1425 leremiae
1970 1394 2021 1424 17.
2057 1394 2192 1425 dicitur:

1203 1438 1403 1469 Perversum
1428 1444 1478 1468 est
1499 1448 1557 1468 cor
1580 1436 1722 1468 hominis
1746 1442 1777 1468 et
1801 1447 2046 1469 aerumnosum.
2113 1437 2193 1468 Per-

1203 1482 1346 1513 versitas
1371 1481 1537 1523 significat
1562 1479 1694 1522 culpam
1725 1491 1785 1512 seu
1810 1481 2053 1512 contumaciam
2078 1485 2194 1512 contra
2346 1483 2350 1506 t

1203 1524 1339 1566 Legem.
1406 1524 1651 1555 Aerumnosum
1686 1523 1851 1566 significat
1880 1525 2034 1565 ingentes
2058 1522 2194 1555 dolores

1202 1569 1234 1599 in
1258 1568 1339 1611 fuga
1362 1573 1395 1599 et
1416 1566 1549 1600 fremitu
1572 1567 1736 1599 adversus
1760 1567 1879 1605 Deum,
1900 1567 1956 1609 qui
1979 1573 2056 1599 sunt
2075 1565 2194 1609 culpae
2346 1563 2351 1595 ‘r

1203 1618 1234 1643 et
1258 1621 1398 1653 poenae.
2052 1610 2062 1613 ”
2346 1629 2348 1645 ,

248 1440 426 1472 Secundus
455 1450 537 1472 usus
560 1440 663 1482 Legis
694 1440 826 1471 divinae
859 1439 891 1470 in
921 1439 1041 1471 iudicio
1071 1448 1150 1470 con-

160 1484 332 1522 scientiae.
357 1485 388 1515 in
413 1495 478 1525 quo
504 1494 579 1515 cum
602 1494 687 1515 voce
709 1483 810 1525 Legis
835 1490 1050 1520 accusantur,
1074 1491 1149 1512 sen-

159 1538 219 1559 sus
243 1529 312 1558 irae
324 1528 386 1559 Dei
411 1528 574 1558 adversus
597 1533 771 1569 peccatum
794 1536 894 1558 veros
919 1532 951 1557 et
970 1524 1149 1556 horribiles

160 1570 296 1602 dolores
332 1571 438 1602 affert.
484 1570 537 1601 De
572 1569 637 1601 hoc
668 1581 733 1602 usu
764 1570 982 1601 concionatur
1012 1568 1150 1607 Paulus,

160 1625 235 1646 cum
263 1615 383 1656 inquit:
419 1614 488 1645 Lex
522 1614 604 1645 iram
639 1612 752 1645 efficit.
799 1612 840 1644 Et
874 1613 917 1644 ad
946 1611 1150 1650 Corinthios,

160 1657 309 1690 Aculeus
334 1659 450 1689 mortis
474 1664 648 1698 peccatum
669 1663 732 1695 est,
755 1657 902 1698 potentia
926 1656 1054 1697 peccati
1079 1655 1149 1686 Lex

1289 1697 1332 1728 Ut
1367 1698 1467 1740 igitur
1489 1703 1628 1738 peccata
1652 1696 1810 1727 interiora
1843 1703 1873 1727 et
1899 1697 2066 1728 exteriora
2090 1706 2193 1738 agno-

1204 1747 1352 1779 scantur,
1387 1740 1455 1773 vult
1482 1740 1577 1772 Deus
1595 1741 1627 1771 in
1657 1738 1812 1771 Ecclesia
1835 1750 1896 1772 sua
1920 1740 2033 1771 doceri
2056 1738 2193 1782 Legem,

1204 1785 1288 1816 sieut
1326 1783 1449 1816 Paulus
1485 1785 1605 1825 inquit:
1640 1783 1705 1814 Per
1728 1783 1854 1826 Legem
1879 1784 2025 1825 cognitio
2049 1784 2190 1824 peccati.

1203 1828 1243 1859 Et
1275 1839 1462 1870 quanquam
1498 1826 1652 1859 Christus
1690 1837 1756 1857 non
1781 1833 1831 1858 est
1855 1827 1988 1864 missus,
2012 1832 2047 1857 ut
2066 1827 2107 1857 sit
2130 1826 2192 1858 Le-

1204 1870 1344 1914 gislator
1367 1882 1476 1903 novae
1500 1870 1640 1902 alicuius
1663 1869 1777 1911 Legis,
1802 1871 1860 1902 sed
1874 1877 1907 1901 ut
1921 1869 2192 1911 proferatEvan-

160 1707 220 1733 est.
268 1701 362 1732 Rom.
383 1702 410 1734 7.
445 1700 625 1733 Peccatum
655 1701 867 1733 occasionem
899 1700 1069 1740 accipiens
1092 1708 1150 1740 per

160 1744 286 1787 Legem
312 1746 444 1776 occidit.
490 1744 550 1775 Est
575 1745 659 1775 enim
679 1744 751 1776 Lex
776 1749 852 1784 post
876 1749 1050 1784 peccatum
1073 1741 1150 1773 hor-

160 1788 257 1819 ribile
282 1788 344 1819 Dei
380 1789 552 1825 iudicium,
586 1798 756 1819 accusans
787 1793 818 1818 et
841 1787 1002 1818 danmans
1034 1795 1149 1817 omnes

159 1843 250 1871 reos,
275 1843 413 1873 quorum
437 1830 491 1862 alii
515 1830 580 1862 alio
605 1837 755 1873 tempore
779 1831 921 1861 sentiunt
946 1829 1045 1860 huius
1068 1829 1150 1860 iudi-

161 1876 201 1907 cii
232 1876 497 1917 exequutionem.
549 1874 591 1905 Et.
621 1884 809 1916 quanquam
838 1872 930 1905 multi
961 1873 1151 1909 damnandi,

159 1925 196 1951 ut
217 1919 320 1957 Nero,
346 1920 460 1950 vivunt
484 1918 613 1957 securi,
639 1924 670 1949 et
693 1917 818 1949 habent
842 1918 990 1948 cervices
1011 1915 1150 1953 ferreas,

159 1960 290 1993 frontes
314 1973 455 2002 aeneas,
491 1963 594 1993 corda
617 1961 843 1993 adamantina:
879 1967 988 1991 tamen
1018 1960 1151 1991 tandem

160 2004 213 2037 his
236 2007 422 2037 terroribus
447 2006 686 2047 opprimuntur.

1205 1914 1325 1957 gelium
1357 1926 1397 1945 ex
1432 1916 1506 1946 sinu
1542 1915 1668 1946 aeterni
1693 1913 1812 1951 Patris,
1836 1919 1867 1944 et
1892 1914 1933 1944 sit
1956 1913 2138 1944 Redemtor
2160 1919 2193 1944 et
2344 1914 2350 1996 ι

1204 1958 1380 1989 Salvator:
1405 1965 1513 1989 tamen
1540 1969 1612 1989 cum
1637 1958 1748 1994 «locet,
1772 1964 1807 1988 ut
1830 1957 1979 1987 minister
1992 1957 2109 1998 repetit
2134 1967 2193 1987 vo-

1205 2013 1275 2033 cem
1301 2002 1404 2044 Legis
1428 2001 1580 2039 moralis,
1608 2007 1639 2031 et
1663 2011 1737 2031 eam
1761 1999 1929 2037 declarat,
1967 1999 2119 2030 emendat
2142 2009 2192 2030 er-

1204 2056 1314 2076 rorem
1349 2045 1616 2082 Pharisaeorum,
1649 2044 1703 2084 qui
1725 2043 1850 2085 Legem
1872 2050 1996 2074 tantum
2020 2043 2061 2074 de
2085 2048 2192 2074 exter-

250 2091 314 2124 Alii
351 2103 432 2123 vero
468 2092 702 2130 convertendi,
733 2097 769 2123 ut
803 2089 931 2128 David,
960 2088 1153 2127 Manasses,
1204 2090 1256 2120 nis
1280 2089 1467 2120 actionibus
1490 2088 1805 2128 interpretabantur.

160 2135 337 2171 Ezechias,
363 2134 497 2169 Paulus,
522 2136 554 2166 in
579 2146 681 2166 sensu
705 2133 818 2166 talium
843 2140 1006 2165 terrorum
1020 2134 1151 2175 erigun-

161 2185 216 2211 tur
251 2178 494 2217 consolatione,
528 2179 694 2210 intuentes
727 2178 982 2219 promissionem
1013 2177 1152 2218 gratiae,

162 2224 340 2256 credentes
364 2221 561 2264 Evangelio,
592 2227 623 2253 et
658 2221 779 2253 fiducia
802 2221 996 2252 Mediatoris
1019 2226 1151 2252 susten-

161 2267 221 2298 tati
254 2266 475 2305 vivificantur,
509 2272 544 2297 ut
578 2263 703 2297 Paulus
737 2266 857 2307 inquit:
891 2263 1062 2296 {ustificati
1086 2263 1151 2294 fide

162 2321 279 2353 pacem
302 2308 463 2341 habemus
483 2310 571 2351 apud
594 2309 715 2340 Deum.

1295 2175 1351 2206 Sic
1375 2184 1508 2216 semper
1531 2175 1572 2205 ab
1597 2174 1687 2205 initio
1712 2174 1743 2204 in
1769 2172 1843 2204 sola
1877 2171 1941 2203 Dei
1966 2170 2117 2203 Ecclesia
2142 2182 2193 2204 re-

1204 2226 1295 2251 tenta
1320 2224 1371 2250 est
1389 2219 1517 2259 integra
1539 2217 1622 2255 Lex,
1647 2223 1678 2248 et
1703 2217 1842 2248 subinde
1856 2217 2010 2247 detersae
2022 2221 2099 2247 sunt
2121 2225 2193 2246 sor-

1206 2264 1276 2302 des,
1300 2263 1420 2305 quibus
1445 2262 1624 2293 obscurata
1647 2261 1719 2292 tuit.

1292 2348 1404 2385 Quare
1442 2346 1537 2379 furor
1571 2353 1622 2378 est
1658 2346 1867 2378 execrandus
1898 2346 2030 2377 dicere:
2065 2345 2193 2377 Vocem

250 2396 304 2428 De
338 2395 404 2428 hoc
437 2397 560 2428 iudicio
597 2401 629 2426 et
656 2396 696 2427 de
719 2395 771 2426 his
797 2395 981 2425 terroribus
1004 2391 1151 2435 loquitur
1204 2392 1306 2434 Legis
1339 2390 1489 2430 Moralis,
1523 2391 1608 2422 sicut
1643 2401 1715 2422 eam
1751 2389 1916 2427 Christus,
1952 2388 2139 2430 Prophetae
2161 2394 2194 2420 et

162 2438 340 2478 Ezechias,
375 2450 449 2471 cum
482 2441 604 2482 inquit:
639 2439 731 2471 Sicut
764 2438 835 2470 Leo
866 2437 1021 2469 contrivit
1043 2437 1152 2468 onmia
1206 2434 1361 2477 Apostoli
1386 2434 1571 2473 declarant,
1590 2444 1656 2465 non
1682 2434 1867 2465 docendam
1880 2443 1958 2464 esse
1981 2433 2013 2463 in
2025 2431 2192 2464 Ecclesia.

166 2493 250 2514 ossa
275 2494 360 2514 mea.
429 2483 471 2514 Et
503 2484 536 2515 in
571 2481 726 2515 Psalmo:
750 2482 826 2513 Non
850 2487 902 2513 est
925 2491 991 2523 pax
1013 2480 1150 2512 ossibus
1206 2478 1347 2511 Constat
1382 2479 1468 2510 enim
1503 2478 1730 2509 necessariam
1766 2476 2049 2518 praedicationem
2079 2475 2192 2516 poeni-

164 2526 248 2559 meis
271 2537 292 2558 a
315 2532 499 2569 conspectu
521 2533 736 2569 peccatorum
759 2535 916 2557 meorum.
1205 2524 1327 2554 tentiae
1361 2533 1454 2560 esse,
1490 2523 1522 2553 in
1547 2532 1612 2563 qua
1642 2526 1783 2562 peccata
1807 2520 1936 2551 ostendi
1963 2529 2106 2551 necesse
2128 2524 2192 2557 est,

1206 2567 1291 2598 sicut
1315 2566 1473 2598 Ieremiae
1491 2565 1597 2606 primo
1620 2565 1778 2606 scriptum
1802 2569 1872 2595 est:
1907 2562 1998 2594 Ecce
2021 2562 2095 2593 dedi
2118 2571 2193 2593 ver-

253 2611 325 2645 Etsi
358 2619 468 2646 autem
501 2614 534 2645 in
568 2612 642 2646 aliis
670 2612 704 2644 hi
722 2619 869 2645 terrores
892 2617 969 2644 sunt
993 2610 1151 2649 maiores,
1205 2611 1249 2641 ba
1283 2620 1357 2642 mea
1391 2610 1423 2640 in
1446 2619 1506 2640 ore
1529 2614 1597 2647 tuo,
1632 2607 1799 2639 constitui*
1822 2613 1856 2638 te
1879 2617 1980 2648 super
2005 2612 2133 2648 genteS,
2156 2611 2192 2636 ut

2295 2969 2352 2990 t⁴t
