2383 2990
175 137 215 169 31
796 134 908 166 PHIL.
930 134 1034 166 MEL.
1058 134 1245 167 SCRIPTA
1266 135 1544 168 DOGMATICA.
2151 138 2194 171 32

174 231 316 262 monium
351 229 542 271 perhibent,
576 228 690 260 salvos
725 229 796 260 fieri
829 239 889 270 per
918 239 1038 261 nomen
1074 230 1157 269 eius,

175 284 302 311 omneS,
327 275 381 315 qui
407 274 542 304 credunt
562 273 592 303 in
617 283 701 303 eum.

262 333 374 364 Altera
408 339 455 363 est
487 332 655 363 absolutio
684 332 817 373 publica
848 343 961 363 coram
990 332 1156 364 Ecclesia.

173 377 207 407 ln
243 377 306 407 hac
339 377 485 416 conspici
521 386 663 406 necesse
698 382 749 406 est
785 377 826 407 ab
862 375 934 406 aliis
970 377 1157 407 testimonia

174 420 419 455 conversionis,
454 427 485 448 ut
518 417 570 449 hic
601 418 756 450 Christus
787 418 967 450 Pharisaeo
1003 420 1156 457 ostendit,

175 474 234 494 cm·
248 474 318 492 eam
334 462 478 502 recipiat.
500 462 575 502 qnia
589 469 699 493 extent
714 463 901 493 testimonia
917 463 1155 493 conversionis.
1181 486 1184 510 Ι

258 522 290 552 Si
318 522 368 552 cui
393 521 475 552 haee
498 520 619 552 solutio
651 533 716 553 non
744 521 870 563 placet,
901 529 1009 554 utatur
1038 521 1156 553 altera:
1180 523 1183 547 Ι

170 565 321 595 L'sitame
346 572 420 595 sunt
447 565 707 606 Synecdochae,
732 565 953 597 Remittuntur
983 566 1009 596 ei
1042 564 1154 603 multa,
1180 558 1183 613 1

171 609 245 650 qnia
261 618 423 638 conversa
449 615 510 638 est.
531 608 570 638 Et
591 609 936 651 1111110115)·1100(100110
956 608 1154 649 explicanda
1179 620 1183 657 f

171 658 231 682 est.
279 650 359 682 Cum
384 650 506 681 multae
529 652 593 681 sint
619 658 730 692 partes
756 652 1005 689 conrersionis,
1036 651 1155 681 contri·
1180 659 1182 691 3

171 696 227 729 tio,
253 694 347 731 tides,
367 693 510 731 dilectio,
535 705 626 735 spes,
651 696 772 726 bonum
796 696 1021 736 propositum,
1045 700 1155 724 tamen
1179 713 1182 746 1

172 738 342 768 sciendum
367 744 429 775 est,
455 738 525 767 dari
549 739 789 775 remissionem,
810 750 873 769 non
894 745 1032 779 propter
1051 737 1155 778 digni·
1179 748 1183 788 ἱ

171 788 270 811 tatem
295 780 410 811 harum
447 782 617 818 111-11110111,
655 782 713 811 sed
750 788 886 822 propter
921 781 1183 830 MediatorenLi

170 824 261 854 Haec
283 823 462 854 declaratio
487 824 626 854 sumitur
645 834 683 854 ex
699 824 803 855 Paulo
829 825 1003 855 dimicante
1023 824 1063 854 de
1082 833 1155 864 par-

170 866 271 897 ticula
291 867 404 897 Gratis
429 866 492 897 tide
516 874 651 907 propter
674 867 902 898 Mediatorem.

228 1110 327 1149 Vita
359 1116 521 1149 aeterna
552 1109 784 1148 nominatur
813 1123 978 1158 merces,

227 1170 333 1223 Ergo
367 1179 427 1209 est
458 1170 597 1209 debita
626 1184 698 1223 pro
731 1169 931 1223 operibus.

1179 960 1183 988 1

410 1015 565 1054 XVIII.
600 1015 916 1068 Argumentum.
1179 991 1183 1065 Ι

1178 1067 1182 1122 i

1178 1136 1182 1165 !

1177 1170 1182 1254 ἔ

255 1261 456 1300 Responde«)
482 1261 686 1290 brevissime.
717 1259 854 1290 Phrasis
878 1265 955 1289 nota
980 1264 1042 1295 est,
1065 1258 1152 1289 Mer·
1177 1255 1181 1310 Ι

168 1305 284 1336 cedem
315 1305 376 1334 dici
406 1314 472 1333 11011
503 1310 629 1333 tantum
661 1303 966 1343 compensationem
997 1302 1151 1340 debitam,
1177 1311 1180 1326 Ι

167 1349 226 1378 sed
246 1346 387 1378 fructum
413 1347 466 1387 qui
486 1347 642 1387 sequitur.
678 1345 808 1376 Deinde
833 1356 947 1376 verum
965 1351 1027 1383 cst,
1052 1345 1151 1376 vitam
1177 1329 1181 1359 Ι

166 1398 347 1426 aeternam,
372 1390 498 1419 etiamsi
523 1395 658 1430 propter
682 1388 770 1419 a’liud
795 1389 901 1425 datur,
925 1395 1034 1419 tamen
1055 1388 1151 1418 etiam
1176 1402 1180 1421 1

167 1444 245 1464 esse
267 1433 470 1470 mercedem,
500 1433 575 1473 quia
601 1438 794 1472 compensat
819 1430 1012 1468 benefacta,
1037 1437 1072 1461 ut
1098 1441 1151 1471 pa·
1176 1426 1180 1465 Ι

166 1477 351 1508 trimonium
377 1483 428 1505 estv
451 1485 581 1506 merces
607 1474 793 1506 officiorum
824 1473 899 1512 filit,
931 1475 1059 1504 etiamsi
1097 1484 1151 1505 ac·
1175 1466 1179 1507 i

167 1521 286 1561 cipitur
308 1526 445 1560 propter
469 1517 566 1549 aliam
592 1528 739 1549 causam.
1174 1508 1178 1556 Ι

254 1587 540 1618 Considerandum
579 1593 608 1617 et
652 1586 717 1617 hoc
751 1592 812 1617 est.
870 1585 979 1626 Saepe
1017 1590 1151 1616 utuntur
1175 1564 1178 1608 Ι

165 1631 353 1672 Prophe÷ae
376 1630 488 1671 phrasi
507 1630 621 1672 Legis,
646 1630 702 1661 ubi
726 1635 834 1660 tamen
859 1629 1086 1669 interpretatio
1111 1638 1151 1658 ex

165 1673 349 1715 Evangelio
373 1674 530 1704 sumenda
557 1680 619 1703 est.
666 1673 721 1710 Ut,
748 1672 873 1703 Reddet
899 1672 1076 1712 unicuique
1100 1682 1151 1702 se-

169 1719 310 1748 cundum
335 1727 435 1757 opera
460 1728 537 1753 sua,
567 1717 622 1748 ubi
646 1722 714 1747 tota
740 1716 917 1747 conversio
948 1714 1151 1757 intelligitur,
1175 1722 1178 1741 t

168 1767 199 1791 et
222 1767 331 1791 tamen
356 1761 525 1790 sciendum
545 1767 606 1796 est,
631 1759 696 1790 fide
718 1761 858 1800 primum
879 1759 982 1800 gratis
1002 1758 1152 1789 reconci—

167 1803 332 1835 liationem
364 1804 486 1844 accipi,
515 1810 632 1844 postea
665 1801 799 1844 placere
823 1802 898 1833 Deo
930 1802 1026 1832 fidem
1050 1807 1082 1832 et
1104 1801 1151 1831 in-
1175 1798 1178 1856 ἱ

168 1847 318 1877 choatam
344 1847 572 1877 obedientiam.
618 1846 659 1876 Et
689 1846 760 1886 pias
785 1851 912 1876 mentes
938 1855 1068 1885 semper
1097 1854 1151 1874 so-

168 1901 246 1921 nare
267 1891 360 1921 decet
385 1890 506 1921 dictum
530 1889 646 1920 Iacob:
669 1889 779 1920 Minor
803 1899 875 1919 sum
903 1888 1030 1919 cunctis
1054 1888 1151 1918 mise-

168 1934 347 1964 rationibus
373 1934 446 1964 tuis.

423 2081 541 2121 XIX.
573 2080 888 2135 Argumentum.

227 2175 363 2216 Iacobi
403 2179 439 2215 2.
498 2175 659 2216 Videtis
703 2175 840 2229 igitur,
883 2174 994 2228 quod
1037 2188 1090 2213 ex

288 2237 476 2289 operibus
528 2236 766 2275 iustificatum
810 2236 953 2285 homo,
1007 2249 1090 2274 non

285 2296 367 2335 fide
398 2302 570 2336 tantum.

253 2385 465 2427 Respondeo.
516 2385 730 2418 Manifestum
764 2392 816 2417 est
850 2387 882 2417 in
912 2385 1035 2417 Iacobo
1070 2385 1150 2417 Fide

167 2434 291 2460 tantum
322 2429 457 2472 intelligi
481 2431 629 2461 notitiam
658 2430 837 2468 historiae,
872 2429 913 2459 de
942 2439 1007 2470 qua
1034 2429 1150 2460 notitia

168 2472 260 2502 dicit:
284 2471 472 2504 Daemones
504 2474 642 2505 credunt
672 2478 704 2504 et
733 2473 1001 2504 contremiscunt.
1054 2472 1149 2503 Fate—

167 2525 239 2545 mur
261 2521 383 2553 autem,
408 2517 568 2547 neminem
592 2526 669 2548 esse
689 2516 811 2547 iustum
839 2513 913 2546 sola
942 2513 998 2545 illa
1021 2515 1149 2553 notitia,

168 2558 227 2588 sed
257 2556 381 2588 Paulus
410 2557 554 2600 loquitur
585 2559 625 2590 de
648 2559 731 2597 fide,
766 2568 852 2600 quae
880 2564 930 2589 est
959 2559 1083 2599 agnitio
1117 2564 1149 2588 et
1174 2568 1178 2627 l

168 2599 290 2631 fiducia
307 2601 571 2641 misericordiae,
606 2613 692 2644 quae
719 2612 836 2644 pacem
859 2600 955 2632 affert
977 2601 1147 2640 cordibus,

1209 236 1244 262 ut
1261 231 1380 272 inquit:
1400 230 1570 262 Iustificati
1590 230 1655 261 fide
1678 241 1793 272 pacem
1812 231 1984 263 habemus.
2019 232 2059 263 Et
2078 233 2193 264 discri-

1210 284 1283 304 men
1329 275 1360 304 in
1405 284 1484 304 vera
1527 275 1748 305 conversione
1793 274 2006 317 intelligitur,
2049 277 2081 306 in
2127 287 2192 317 qua

1210 316 1293 347 fides
1317 317 1418 347 vincit
1441 327 1540 348 veros
1570 327 1733 357 pavoreS‚
1766 324 1796 348 et
1828 325 1878 348 est
1909 324 2018 349 motus
2050 319 2192 360 Spiritus

1210 361 1336 397 sancti,
1367 371 1432 401 quo
1457 361 1559 391 corda
1583 361 1810 398 vivificantur,
1841 367 1873 391 et
1896 362 2090 392 accenditur
2113 372 2193 393 vera

1209 403 1389 440 invocatio,
1416 414 1480 444 qua
1501 403 1694 440 clamamus,
1719 403 1815 434 Abba
1839 411 1946 444 pater,
1970 410 2003 434 ut
2021 405 2140 435 dicitur
2160 405 2192 435 in

1210 445 1387 476 Zacharia:
1410 446 1585 477 Effundam
1610 456 1711 487 super
1742 447 1873 477 domum
1895 446 2005 477 David
2036 447 2193 487 Spiritum

1209 490 1335 529 gratiae
1360 495 1390 519 et
1414 500 1560 529 pret-rm.
1595 490 1670 520 Non
1695 490 1795 531 igitur
1818 496 1943 531 pugnat
1957 490 2099 521 Iacobus
2120 501 2193 522 cum

1208 531 1328 569 Paulo,
1352 532 1411 562 sed
1435 533 1475 563 de
1499 531 1564 563 alia
1588 543 1624 563 10
1647 531 1804 574 loquitur.

1295 626 1426 657 Deinde
1462 637 1534 657 cum
1568 627 1628 657 ait:
1675 627 1724 657 Ex
1764 627 1921 667 operibus
1964 626 2192 665 iustificamur,

1229 668 1338 700 hrasis
1370 668 1584 711 intelligenda
1614 676 1675 700 est.
1721 671 1795 700 Non
1826 671 1910 700 enim
1940 671 1994 701 hic
2023 670 2191 711 iustificari

1209 719 1259 743 est
1283 711 1509 750 reconciliari,
1546 714 1606 744 sed
1639 719 1755 754 postea
1786 712 1947 743 habentes
1980 714 2067 744 hona
2092 724 2193 754 opera

1208 755 1436 793 iustificantur,
1461 757 1568 794 idest,
1593 758 1829 796 approbantur,
1855 757 2016 787 habentes
2036 757 2192 787 iustitiam

1208 809 1354 839 operum,
1379 809 1463 840 quae
1488 800 1520 829 in
1544 798 1767 830 reconciliatis
1792 801 1854 830 iam
1878 798 2009 840 placent
2033 799 2120 831 Deo.

1474 948 1572 987 XX.
1606 949 1920 1001 Argumentum.

1267 1040 1488 1081 Iustificare
1506 1048 1567 1081 est
1583 1056 1635 1081 ex
1658 1042 1804 1081 iniusto
1821 1042 1970 1081 iustum
1986 1041 2129 1082 facere.

1266 1101 1399 1140 Iustus
1440 1108 1501 1140 est
1540 1102 1695 1141 habens
1728 1096 1937 1153 iustitiam,
1983 1103 2025 1141 id
2058 1111 2129 1153 est,

1328 1161 1604 1200 obedientiam
1630 1162 1840 1215 integram⁷
1874 1177 1945 1201 seu
1971 1162 2130 1202 confor-

1329 1221 1514 1260 mitatem
1547 1236 1640 1261 cum
1673 1222 1774 1260 Deo.

1264 1281 1371 1334 Ergo
1404 1296 1486 1320 11011
1518 1282 1600 1321 sola
1633 1282 1733 1321 Fide
1766 1282 2037 1321 iustificatum.

1292 1371 1491 1412 Respondeo
1516 1373 1557 1403 ad
1581 1374 1749 1403 maiorem.
1799 1372 1983 1403 Iustificare
2014 1374 2102 1403 iuxta
2133 1374 2190 1404 do-

1205 1415 1352 1445 ctrimam
1382 1414 1553 1456 Evangelii
1582 1416 1721 1455 primum
1754 1421 1803 1445 est
1839 1426 1879 1445 ex
1909 1425 1966 1445 reo
1997 1426 2062 1445 non
2096 1426 2188 1446 reum

1204 1457 1328 1489 facere.
1373 1457 1457 1487 Nam
1483 1458 1546 1488 hoc
1570 1459 1678 1500 agitur
1701 1459 1732 1487 in
1757 1459 1844 1488 reris
1870 1456 2061 1492 doloribus,
2095 1469 2191 1499 quae-

1203 1502 1286 1531 ritur
1309 1501 1462 1544 remissio
1486 1508 1699 1540 peccatorum
1725 1507 1755 1531 et
1778 1500 2015 1531 reconciliatio.
2051 1500 2104 1531 De
2128 1500 2190 1532 hac

1203 1554 1239 1574 re
1274 1544 1404 1574 dimicat
1441 1545 1654 1575 conscientia.
1709 1543 1784 1574 Ideo
1820 1545 1936 1575 Actor.
1971 1544 2021 1574 10.
2057 1544 2188 1582 dicitur:

1203 1587 1287 1617 Huic
1307 1597 1422 1617 onmes
1447 1586 1636 1627 Prophetae
1661 1587 1880 1617 testimonium
1910 1586 2101 1627 perhibent,
2138 1598 2188 1617 re-

1204 1631 1391 1660 missionem
1426 1637 1637 1669 peccatorum
1671 1631 1822 1670 accipere
1864 1640 1922 1669 per
1952 1640 2071 1660 nomen
2107 1631 2189 1668 eius,

1204 1683 1331 1710 omnes,
1357 1673 1411 1714 qui
1437 1673 1573 1704 credunt
1595 1674 1625 1703 in
1644 1684 1726 1703 cum.
1773 1672 1831 1703 Sic
1855 1672 1974 1703 clamat
2003 1672 2187 1714 Propheta:

1204 1715 1341 1747 Salvum
1365 1726 1416 1746 me
1446 1714 1498 1746 sac
1522 1722 1658 1757 propter
1681 1716 1941 1746 misericordiam
1970 1723 2070 1746 tuam.
2115 1715 2188 1747 Etsi

1203 1765 1311 1790 autem
1340 1769 1454 1789 rerum
1479 1767 1548 1797 est,
1584 1760 1615 1789 in
1640 1758 1703 1789 hac
1730 1757 1979 1796 consolatione,
2018 1769 2091 1789 cum
2122 1758 2187 1789 fide

1204 1803 1375 1843 eriguntur
1411 1802 1532 1839 corda,
1564 1810 1594 1833 et
1620 1801 1834 1833 retrahuntur
1864 1812 1904 1832 ex
1929 1800 2059 1839 inseris.
2090 1800 2190 1832 simul

1205 1846 1281 1876 dato
1307 1844 1428 1885 Spiritu
1454 1851 1569 1876 sancto
1593 1845 1744 1875 inchoari
1768 1845 2007 1882 obedientiam,
2037 1851 2067 1875 et
2096 1844 2189 1875 habi-

1204 1894 1275 1919 tare
1304 1887 1412 1918 Deum
1442 1889 1474 1918 in
1499 1889 1601 1919 corde
1633 1894 1764 1925 renato,
1800 1894 1908 1918 tamen
1944 1897 2075 1927 semper
2104 1886 2189 1917 haec

1205 1931 1391 1962 consolatio
1423 1930 1632 1971 praeluceat,
1663 1931 1750 1972 quod
1780 1931 1920 1961 credens
1951 1929 2082 1970 placeat
2111 1941 2188 1971 pro·

1204 1981 1278 2015 pter
1301 1973 1528 2004 Mediatcrem.
1574 1974 1652 2004 Ideo
1676 1972 1858 2004 lustificare
1882 1974 2019 2013 primum
2054 1971 2108 2003 hic
2142 1973 2186 2004 si-

1205 2017 1341 2058 gnificat
1365 2028 1405 2048 ex
1431 2027 1487 2047 reo
1500 2027 1566 2047 non
1580 2027 1669 2047 reum
1684 2015 1806 2053 facere,
1832 2023 1862 2046 et
1887 2016 1974 2046 hanc
1993 2014 2187 2046 relationem

1206 2062 1236 2091 in
1261 2061 1365 2091 verbo
1388 2059 1569 2091 iustificare
1593 2059 1840 2100 comprehendit
1866 2057 2009 2096 Paulus,
2039 2069 2111 2089 cum
2142 2059 2189 2089 in-

1206 2105 1288 2144 quit:
1324 2102 1493 2134 lustificati
1531 2102 1595 2133 fide
1629 2113 1745 2143 pacem
1776 2102 1951 2132 hahemus.
2002 2101 2042 2131 Et
2076 2102 2189 2132 nititur

1206 2147 1288 2177 tides
1313 2147 1498 2177 obedientia
1522 2145 1657 2177 Christi.
1690 2156 1755 2176 non
1785 2146 1917 2186 propria
1948 2145 2104 2175 novitate.
2152 2143 2187 2174 111

1204 2189 1362 2220 infinitum
1393 2190 1477 2220 0111111
1516 2187 1728 2219 anteferenda
1759 2194 1809 2218 est
1844 2186 1967 2218 Christi
2003 2187 2188 2218 ohedientia

1204 2239 1340 2263 nostrae
1359 2232 1507 2270 novitati,
1532 2231 1618 2262 sicut
1632 2229 1755 2262 Paulus
1779 2232 1896 2272 inquit:
1922 2230 2092 2262 lustifieati
2109 2241 2187 2261 san-

1205 2276 1305 2317 guine
1328 2276 1442 2317 ipsius.

1205 2423 1340 2474 Quare
1386 2436 1551 2463 necesse
1602 2428 1664 2462 est
1714 2422 1876 2462 retineri
1923 2421 2182 2473 exclusivam,

1433 2481 1525 2524 Sola
1557 2482 1650 2532 fide,
1684 2497 1756 2522 seu
1788 2481 1949 2524 Gratis?

1290 2557 1431 2598 Propter
1454 2562 1572 2598 quator
1601 2567 1733 2588 causas.
1779 2555 1926 2587 Primum
1954 2561 1990 2586 ut
2019 2556 2184 2587 tribuatur

1201 2601 1311 2633 honos
1335 2601 1465 2632 debitus
1488 2598 1571 2631 Filio
1595 2599 1670 2639 Dei,
1695 2600 1784 2642 quod
1806 2599 1890 2630 haec
1912 2597 1987 2630 sola
2008 2598 2120 2630 hostia
2141 2598 2185 2630 sit

2374 2740 2380 2747 .
2373 2698 2377 2715 -
2366 2634 2383 2682 ⁴⁴42-

2356 2899 2376 2990 ken...-
