2383 2990
150 148 193 179 39
768 143 881 174 PHIL.
905 142 1008 174 MEL.
1033 141 1223 174 SCRIPTA
1245 141 1525 174 DOGMATICA.
2127 141 2170 175 40

243 244 353 294 Quid
384 243 613 284 nominatur
646 240 953 282 Sacramentum
985 240 1026 280 in
1181 237 1305 287 dictum
1329 234 1603 286 fueratthemen
1626 234 1772 266 mulieris
1796 242 1947 267 conteret
1970 241 2069 277 caput
2099 246 2170 269 ser-

531 301 734 342 Eeclesia9
1180 286 1303 330 penus.
1351 279 1570 329 Signincabat
1594 279 1671 329 item
1695 277 1993 330 Ci1·cumcisio,.in
2022 278 2086 311 hac
2115 290 2172 322 ge·

720 334 727 341 ·
1181 328 1351 353 neratlone
1393 320 1517 353 carnali
1551 332 1645 352 nasci
1678 327 1831 352 naturam
1864 322 2033 353 hommum
2068 333 2170 361 ream,

1181 366 1391 403 nnmundam,
1416 371 1449 396 et
1470 365 1743 405 praecidendam,
1767 364 1832 395 hoc
1855 371 1923 403 est,
1953 365 2052 396 morti
2080 366 2170 397 addi-

234 411 486 443 Sacramentum
509 410 542 440 in
565 410 662 441 Novo
675 409 898 446 Testamenta.
923 414 957 438 ut
975 406 1129 439 Ecclesia
1183 414 1281 445 ctam,
1306 409 1366 439 sed
1390 414 1526 449 propter
1550 408 1752 449 promissum
1775 417 1887 438 semen
1917 408 2009 438 iuxta
2032 410 2171 440 verbum

146 454 301 496 loquitur,
327 459 377 485 est
401 454 482 484 ritus
507 453 661 484 divinitus
684 453 870 490 institutus,
901 452 1030 483 additus
1054 462 1129 492 pro·
1181 450 1367 482 Ecclesiam
1391 450 1576 482 habituram
1599 460 1677 482 esse
1698 460 1820 481 novam
1840 456 1873 481 et
1891 457 2060 483 aeternam
2079 452 2171 484 iusti-

147 498 296 529 missioni
322 497 353 527 in
385 496 570 538 Evangelio
594 497 750 534 traditae,
780 502 816 527 ut
839 496 881 526 sit
909 495 1130 525 testimonium
1182 495 1261 525 tiam
1285 500 1316 526 et
1338 495 1448 526 vitam.

147 547 179 572 et
203 541 324 582 pignus
349 540 514 571 exhibitae
537 545 569 570 et.
592 538 779 581 applicatae
802 538 1034 579 promissionis
1048 537 1130 568 Gra-

145 584 219 657 gae.
254 584 331 614 ldeo
356 589 506 615 vetustas
531 583 625 614 dixit:
657 585 904 614 Sacramentum
928 588 979 612 est
999 581 1131 623 signum

176 628 290 658 ratiae.

1271 563 1324 594 Sic
1368 562 1560 603 Baptismus
1605 560 1831 602 principaliter
1877 562 2062 604 significat,
2106 572 2170 594 nos

1183 605 1287 646 mergi
1318 605 1349 635 in
1379 605 1576 646 sanguinem
1599 604 1741 643 Christi,
1777 611 1809 635 et
1840 605 1930 636 ablui
1959 615 1979 636 a
2008 606 2169 646 peccatis.

1183 648 1307 699 Postea
1330 648 1495 690 significat
1523 648 1638 686 etiam,
1669 646 1859 680 Ecclesiam
1888 649 1993 690 mergi
2021 649 2054 680 in
2087 648 2171 681 affli-

1184 698 1326 722 ctiones.

189 774 325 825 Quare
358 774 485 815 additi
518 781 611 814 §unt
642 774 740 814 ritus
784 772 931 813 nomm
962 772 1085 812 atiom·
1271 758 1387 790 Coena
1398 758 1533 790 Domini
1556 758 1724 801 significat
1742 758 1980 801 principaliter,
2004 770 2067 791 nos
2092 771 2171 792 esse

518 804 528 813 '⁷
608 835 615 841 ,
661 835 668 841 ,
730 834 737 841 ,
766 789 786 864 s}
931 787 960 826 g
1182 803 1330 833 membra
1365 801 1505 840 Christi,
1542 808 1573 833 et
1602 803 1703 833 inseri
1736 804 1805 833 eius
1836 804 1985 845 corpori,
2021 809 2053 834 et
2081 803 2173 835 ablui

487 848 777 889 pl'onllSSlOnlS.
1182 856 1244 876 nos
1268 846 1373 886 ipsius
1397 846 1570 886 sanguine.
1604 845 1666 876 Est
1689 846 1789 887 igitur
1813 847 2034 878 testimonium
2059 852 2090 877 et
2114 857 2169 877 ex-

1181 888 1304 919 hibitae
1328 888 1559 929 promissionis
1573 887 1758 930 Evangelii,
1783 895 1815 919 et
1833 888 2020 930 applicatae
2043 890 2085 920 ad
2104 890 2171 920 sin-

230 942 355 975 Multae
379 952 501 974 causae
526 950 614 979 sum,
640 942 699 973 sed
723 939 1026 972 maffimesslustres
1051 947 1128 971 Sunt
1182 931 1291 973 gulos.
1350 931 1479 962 Deinde
1514 938 1563 962 est
1599 930 1874 963 commonefactio
1915 933 1955 963 de
1991 932 2172 973 gratiarum

145 988 209 1019 hae
224 988 320 1018 duae.
354 985 437 1022 Quia
463 996 535 1016 cum
560 985 653 1016 Deus
677 983 813 1025 colligat
827 983 1017 1014 Ecclesiam
1040 984 1128 1014 edita
1181 975 1322 1005 θθῑῑΟΠθ·
1355 974 1432 1005 Ideo
1456 975 1642 1005 ¹¹0ffl3>¹¹³t¹ff
1665 974 1853 1015 &impio-tta,
1879 981 1910 1006 θῐ
1935 976 2021 1006 Sicut
2033 974 2172 1017 Cypria·

145 1031 378 1072 promissione,
404 1036 434 1059 et
454 1035 583 1059 vtantum
607 1027 652 1059 illi
675 1027 753 1058 fiant
777 1027 940 1057 haeredes
964 1027 1051 1057 vitae
1074 1036 1127 1056 ae-
1182 1028 1244 1049 nus
1269 1018 1390 1058 ΟΡ(ἱιῃθ
1414 1018 1504 1055 dicit,
1527 1023 1580 1048 est
1599 1019 1868 1049 commemoratio
1887 1019 1955 1050 dati
1978 1024 2010 1049 et
2028 1018 2171 1059 accepti.

144 1079 274 1111 ternae,
299 1073 352 1114 qui
376 1072 586 1114 promis-sioni
609 1071 650 1101 de
673 1071 856 1101 Mediatore
872 1070 1032 1107 ‘ct-edunt,
1057 1068 1129 1100 vult

145 1117 243 1147 etiam
265 1115 385 1147 illustri
408 1114 596 1145 testimonio
619 1114 742 1145 visibili
765 1113 917 1143 omnibus
940 1111 1127 1143 hominibus

145 1160 322 1191 ostendere
351 1158 619 1200 promissionem,
657 1163 687 1188 et
721 1157 754 1187 in
784 1156 822 1187 iis
851 1154 1038 1196 applicare,
1073 1156 1128 1196 qui

144 1213 217 1234 eam
240 1202 305 1233 fide
327 1200 582 1242 amplectuntur,
607 1200 639 1230 id
663 1205 725 1237 est,
748 1198 921 1230 testificari
945 1198 1033 1239 quod
1052 1208 1128 1238 pro-

143 1246 259 1276 missio
283 1245 325 1276 ad
347 1245 440 1285 ipsos
463 1244 636 1284 pertineat.
682 1243 766 1273 Nam
789 1241 966 1282 promissio
991 1251 1128 1282 genera-

144 1288 186 1319 lis
211 1295 272 1319 est.
313 1288 411 1318 Fides
435 1293 544 1317 autem
568 1292 600 1317 et.
623 1296 704 1317 usus
729 1285 936 1316 Sacramenti
959 1283 1128 1325 applicant

144 1342 218 1363 eam
251 1331 294 1362 ad
328 1329 480 1372 singulos
517 1330 703 1360 credentes
750 1328 798 1359 lta
832 1329 971 1369 primum
1011 1330 1128 1359 Sacra-

144 1380 255 1405 menta
277 1380 354 1405 sunt
377 1374 473 1415 signa
496 1371 677 1403 voluntatis
690 1371 755 1403 Dei
778 1381 859 1413 erga
876 1381 952 1408 nos,
975 1369 1127 1407 videlicet

145 1415 476 1449 commonefacientia
499 1426 562 1447 nos
586 1417 626 1446 de
648 1415 882 1456 promissione,
906 1420 938 1445 et
961 1412 1128 1454 applican-
1153 1410 1157 1430 ¹

144 1461 205 1498 tia,
229 1461 261 1491 id
284 1467 346 1498 est,
371 1459 581 1492 testificantia
605 1459 694 1500 quod
714 1458 891 1498 promissio
914 1457 957 1487 ad
973 1466 1036 1487 nos
1055 1467 1128 1497 per-

1268 1085 1329 1116 Est
1351 1087 1429 1117 item
1451 1095 1575 1116 nei-wis
1598 1084 1752 1127 publicae
1775 1082 2058 1128 congregationis.
2090 1085 2172 1117 Item

1181 1129 1403 1159 testimonium
1438 1135 1570 1159 mutuae
1606 1127 1790 1159 dilectionis
1827 1136 1858 1160 et
1900 1129 2102 1160 concordiae
2137 1130 2173 1160 in

1182 1172 1298 1203 eadem
1322 1170 1490 1208 Ecclesia,
1520 1172 1606 1202 sicut
1630 1172 1808 1212 antiquitas
1837 1171 1978 1203 foedera
2007 1170 2086 1203 fecit
2115 1181 2170 1203 so-

1182 1216 1301 1246 cietate
1325 1214 1589 1245 ceremoniarum
1613 1220 1643 1244 et
1668 1224 1815 1245 mensae.
1862 1214 1957 1245 Unde
1986 1221 2018 1246 et
2048 1225 2170 1246 nomen

1152 1246 1157 1309 Ι
1181 1257 1329 1295 σπονδαὶ,
1354 1258 1385 1288 id
1409 1263 1476 1296 est,
1501 1256 1696 1294 libationes,
1722 1267 1782 1298 pro
1807 1255 2000 1288 foederibus
2030 1267 2170 1298 usurpa-

1181 1303 1271 1332 bant.
1316 1300 1409 1342 ltem,
1438 1300 1601 1331 Vetustas
1631 1300 1727 1331 dixit:
1762 1300 1829 1335 τούς
1856 1299 1932 1336 ἅλας
1955 1302 2005 1330 καὶ
2027 1299 2078 1339 τήν
2101 1300 2171 1342 τρά-

1181 1347 1273 1383 πεζαν
1290 1342 1330 1382 μή
1344 1344 1551 1384 παραβαίνειν.
1598 1343 1647 1373 Ita
1669 1343 1701 1373 in
1724 1342 1877 1374 Ecclesia
1901 1344 2048 1374 Societas
2072 1343 2170 1374 huius

1181 1386 1425 1429 pulcherrimae
1457 1386 1637 1417 communis
1673 1386 1936 1416 manducationis
1965 1385 2171 1427 intelligatur

1181 1428 1349 1462 vinculum
1373 1439 1450 1460 esse
1475 1429 1656 1460 communis
1681 1429 1902 1466 concordiae,
1935 1439 2000 1470 quo
2025 1427 2172 1469 copulati

157 1504 164 1512 ,
1182 1483 1298 1504 omnes
1322 1483 1421 1503 unum
1445 1473 1548 1502 simus
1572 1473 1604 1502 in
1628 1472 1700 1512 ipso
1726 1470 1880 1509 Christo,
1906 1478 1938 1502 et
1960 1482 2028 1502 non
2053 1472 2172 1502 distra-

143 1509 254 1535 nsseat·
1180 1516 1299 1547 hamus
1323 1514 1509 1546 Ecclesiam
1531 1514 1699 1546 furoribus
1723 1515 1932 1555 opinionum,
1957 1515 2172 1545 ambitionum

231 1570 347 1602 Altera
371 1581 473 1602 causa
496 1576 560 1609 est,
583 1570 671 1611 quod
696 1579 771 1600 cum
793 1567 873 1600 velit
894 1567 990 1599 Deus
1014 1577 1128 1598 omnes
1182 1565 1214 1590 et
1253 1559 1420 1595 odiorum,
1457 1558 1521 1589 Sed
1555 1568 1688 1599 semper
1725 1557 1815 1589 initio
1849 1556 2052 1599 principales
2085 1556 2170 1588 fines

146 1613 327 1646 salvandos
357 1614 457 1645 inseri
486 1612 678 1650 Ecclesiae,
714 1618 745 1642 et
780 1612 913 1652 adiungi
947 1611 1128 1642 ministerio
1183 1603 1445 1633 considerentur.

145 1657 333 1699 Evangelii,
357 1658 442 1688 sicut
461 1657 583 1688 dictum
606 1661 672 1687 est:
697 1655 789 1690 Quos
809 1653 920 1696 elegit,
943 1653 1006 1684 hos
1026 1660 1057 1684 et
1072 1664 1129 1684 vo-

146 1702 244 1739 carit,
269 1701 400 1732 tradidit
413 1701 493 1731 ritus
511 1699 683 1731 manifeste
701 1699 930 1729 discernentes
943 1696 1130 1728 Ecclesiam

145 1746 187 1776 ab
212 1745 364 1777 omnious
395 1744 560 1786 gentibus.
605 1742 646 1773 Et
678 1747 713 1772 ut
741 1747 984 1783 agnosceretur
1012 1739 1130 1770 Eccle-

145 1788 206 1825 sia,
232 1793 263 1818 et
286 1788 349 1827 ipsi
370 1788 452 1819 ritus
471 1786 657 1817 testimonia
678 1790 803 1822 essent,
829 1784 883 1825 qui
902 1783 1129 1820 ostenderent,

146 1829 232 1862 velle
265 1830 372 1862 Deum
406 1840 469 1861 nos
504 1839 582 1861 esse
619 1828 786 1859 auditores
814 1827 907 1858 vocis
942 1824 1129 1867 Evangelii,

145 1884 207 1905 nec
231 1883 308 1912 eos,
343 1873 398 1915 qui
427 1883 494 1904 non
524 1873 657 1903 audiunt
692 1881 810 1902 vocem
838 1869 1032 1911 Evangelii,
1067 1879 1131 1899 nec

146 1917 228 1949 fiunt
251 1917 342 1948 cives
366 1916 463 1947 huius
495 1921 611 1947 coetus
636 1920 850 1951 vocatorum,
886 1923 963 1944 esse
993 1911 1131 1942 electos.

146 1959 196 1991 Ita
217 1958 289 1991 vult
312 1959 407 1991 Deus
431 1957 617 1990 Ecclesiam
642 1957 791 1998 conspici
815 1955 941 1994 oculis,
967 1961 999 1986 et
1021 1955 1132 1986 visibi-
1157 1959 1162 2248 ἱ

1862 1690 1877 1701 χ

1454 1748 1546 1803 [DE
1579 1748 1901 1802 BAPTISMO]

1431 1877 1541 1928 Quid
1573 1883 1635 1918 est
1666 1876 1924 1931 Baptismus³

1271 1987 1333 2018 Est
1356 1987 1503 2018 instituta
1526 1996 1546 2017 a
1564 1985 1648 2016 Filio
1661 1984 1723 2015 Dei
1748 1985 1870 2016 mersio
1891 1985 1922 2015 in
1941 1995 2071 2025 aquam,
2096 1994 2171 2016 cum

1185 2031 1450 2072 pronuntiatione
1472 2030 1665 2060 verborum:
1688 2027 1760 2069 Ego
1782 2029 1913 2069 baptizo
1938 2034 1969 2058 te
1988 2028 2019 2058 in
2039 2028 2171 2059 nomine

1186 2074 1294 2105 Patris
1319 2079 1351 2104 et
1374 2072 1461 2109 Filii,
1493 2079 1524 2103 et
1548 2072 1687 2112 Spiritus
1711 2071 1837 2108 sancti,
1868 2070 2069 2107 testificans,
2094 2071 2170 2116 quia

1185 2117 1250 2147 hoc
1274 2116 1495 2147 testimonium
1524 2115 1679 2146 divinitus
1708 2115 1891 2144 institutum
1921 2120 1987 2151 est,
2017 2123 2090 2144 eum
2115 2113 2172 2154 qui

1187 2171 1259 2190 cnm
1283 2160 1347 2191 hac
1370 2158 1638 2200 pronuntiatione
1661 2158 1836 2188 verborum
1862 2157 2030 2196 mergitur,
2054 2165 2171 2187 recon-

1188 2202 1291 2233 ciliari
1310 2202 1384 2233 Deo
1407 2208 1542 2243 propter
1565 2200 1748 2238 Chiistum,
1773 2206 1803 2230 et
1828 2199 2031 2231 sanctificari
2050 2199 2171 2241 Spiritu

1188 2252 1306 2277 sancto
1330 2246 1373 2277 ad
1396 2246 1496 2275 vitam
1520 2249 1700 2275 aeternam.
1881 2269 1894 2280 ,

146 2001 212 2034 lem
245 2013 337 2041 esse,
374 2008 409 2034 ut
444 2003 646 2044 cogitemus,
681 2001 736 2032 ubi
772 2000 813 2031 sit
849 1999 1000 2030 doctrina
1027 1999 1133 2039 ipsius

147 2046 356 2088 quaerenda?

234 2116 313 2146 Sunt
332 2115 430 2157 igitur
449 2115 661 2145 Sacramenta
679 2111 776 2153 signa
789 2109 1018 2142 confirmantia
1035 2108 1133 2139 fidem

149 2167 231 2199 erga
267 2157 392 2195 Deum,
434 2157 509 2198 quia
551 2162 627 2187 sunt
662 2155 851 2186 testimonia
890 2152 1132 2194 applicationis,

147 2200 233 2231 sicut
259 2199 383 2231 Paulus
408 2200 553 2231 nominat
587 2198 879 2229 Circumcisionem
911 2195 1064 2237 σφραγῖδα
1089 2195 1133 2225 δι-

147 2243 319 2283 καιοσύνης,
343 2243 375 2274 id
395 2250 456 2281 est,
481 2241 626 2284 sigillum
648 2241 810 2278 iustitiae,
834 2240 910 2281 quia
933 2240 1133 2275 testabatur,

147 2287 403 2327 promissionem
426 2287 593 2327 pertinere
617 2284 657 2315 ad
676 2283 857 2315 Abraham.
903 2282 1034 2313 Deinde
1057 2288 1134 2312 sunt

150 2330 246 2371 signa
269 2330 439 2361 societatis
463 2327 636 2360 Ecclesiae
660 2333 693 2358 et
715 2326 949 2358 contessionis.

238 2396 466 2429 Consideratis
478 2403 588 2428 autem
607 2394 845 2437 principalibus
859 2394 991 2431 finibus,
1016 2398 1134 2434 postea

151 2439 345 2482 Allegoriae
385 2446 417 2472 et
449 2439 710 2481 significationes
745 2437 831 2469 aliae
864 2438 940 2468 addi
981 2442 1131 2477 possunt.

151 2482 209 2522 Ut,
240 2482 453 2515 Circumcisio
476 2483 534 2514 fuit
564 2483 597 2513 in
620 2481 677 2513 illa
701 2491 823 2513 arcana
846 2486 940 2521 parte
970 2479 1133 2520 corporis,

151 2531 189 2558 ut
211 2532 302 2557 esset
324 2527 473 2558 miranda
495 2526 673 2557 admonitio
698 2526 739 2556 de
762 2530 900 2555 venturo
925 2523 1059 2553 semine.
1084 2523 1135 2552 Ac

153 2567 252 2600 simul
274 2567 376 2601 multa
398 2569 619 2611 significabat,
644 2566 800 2600 videlicet
816 2577 857 2598 ex
869 2566 1014 2608 posteris
1031 2566 1136 2596 Abra-
1278 2562 1351 2605 Ego
1375 2561 1507 2602 baptizo
1532 2566 1564 2591 te
1581 2560 1616 2591 in
1634 2559 1768 2591 nomine
1791 2558 1912 2597 Patris,
1937 2556 2022 2596 Filii,
2047 2563 2081 2589 et
2106 2557 2174 2599 Spi-

155 2611 219 2643 hae
241 2618 415 2644 venturum
445 2622 522 2644 esse
551 2611 700 2644 salutare
722 2620 853 2649 semen,
879 2611 920 2642 de
949 2619 1014 2651 quo
1038 2614 1136 2640 antea
1189 2608 1272 2639 ritus
1298 2605 1418 2643 sancti,
1441 2605 1474 2636 id
1497 2609 1562 2642 est,
1584 2603 1659 2646 Ego
1682 2603 1830 2634 minister
1852 2602 1917 2634 hoc
1931 2601 1997 2632 ritu
2013 2600 2176 2633 testificor

1334 2393 1462 2444 Quae·
1483 2399 1545 2433 ests
1579 2392 1778 2432 sententia
1810 2392 2029 2431 verborum

1572 2451 1797 2507 Baptismi‘?

2343 2779 2346 2782 >
2332 2409 2359 2770 -n'nae.0am
