2383 2990
425 711 1197 822 CATE'OHESIS
1288 741 1908 817 PUERILis.

829 927 877 957 Ex
896 926 1040 957 Editione
1063 927 1293 965 Witebergensi
1313 926 1382 956 anni
1407 928 1499 956 1558.

329 1077 440 1129 Quid
472 1077 673 1132 significat:
706 1075 968 1117 catechesis?

238 1187 386 1218 Verbum
400 1196 556 1226 graecum
568 1190 702 1225 κατηχέω
722 1192 774 1216 est
797 1186 911 1217 erudio
936 1195 997 1217 seu
1021 1186 1139 1217 doceo.

147 1229 235 1262 Olim
266 1236 377 1262 autem
405 1235 500 1261 erant
527 1230 561 1260 in
584 1228 738 1260 Ecclesia
758 1237 825 1260 non
848 1228 959 1260 solum
983 1228 1141 1270 Episcopi

147 1280 181 1307 et
203 1273 377 1311 Pastores,
400 1273 463 1304 sed
487 1273 585 1303 etiam
609 1275 781 1312 κατηχηταὶ,
806 1282 947 1313 quorum
970 1278 1042 1303 erat
1064 1283 1140 1313 pro-

146 1318 255 1360 prium
277 1327 396 1348 munus
421 1317 552 1347 erudire
576 1316 733 1352 novitios,
767 1316 961 1356 priusquam
992 1316 1139 1356 baptisa-

147 1362 283 1393 bantur.
329 1359 427 1390 Unde
451 1358 646 1390 Catechesis
670 1358 781 1389 adhuc
800 1358 940 1395 dicitur,
975 1359 1139 1400 quaedam

147 1404 254 1445 prima
277 1403 449 1439 institutio,
473 1402 507 1433 in
531 1412 596 1443 qua
618 1401 815 1442 compendio
841 1401 981 1432 traditur
1011 1412 1140 1433 summa

146 1445 347 1488 Evangelii„
391 1444 482 1476 Talis
510 1450 621 1476 autem
650 1445 791 1476 docendi
816 1445 900 1475 ratio
925 1450 1007 1476 erat.
1064 1445 1139 1475 Non

147 1488 258 1522 solum
280 1490 513 1531 proponebant
534 1490 697 1528 κατηχηταὶ
720 1487 918 1528 doctrinam,
941 1489 1002 1519 sed
1016 1489 1058 1519 ab
1082 1498 1139 1519 au·

148 1533 311 1564 ditoribus
325 1532 548 1573 reposcebant
573 1532 708 1569 dictata,
733 1531 823 1573 quod
847 1531 879 1561 in
904 1531 1055 1562 docendo
1078 1532 1140 1562 uti-

147 1574 311 1607 lissimum
335 1581 396 1607 est.
442 1575 491 1606 Ita
515 1576 601 1606 enim
632 1574 815 1615 exploratis
839 1575 1046 1606 auditoribus
1071 1575 1139 1605 ani-

147 1619 313 1651 madverti
336 1625 459 1660 potest,
484 1619 562 1660 quid
575 1619 716 1660 quisque
734 1616 912 1659 intelligat,
936 1625 967 1650 et
987 1624 1139 1649 errantes

147 1663 320 1694 admoneri
344 1667 496 1704 possunt.
563 1662 606 1693 Et
625 1662 709 1693 haec
732 1662 816 1693 ratio
841 1662 994 1700 docendi,
1017 1662 1049 1692 in
1074 1672 1141 1703 qua

150 1706 273 1737 dictata
291 1712 531 1746 reposcuntur,
563 1705 695 1747 proprie
718 1710 771 1736 est
793 1710 949 1746 κατηχεῖν,
984 1706 1140 1736 maxime-

150 1759 216 1791 que
239 1749 420 1791 prodesset
446 1750 479 1780 in
502 1747 657 1780 Ecclesia
680 1758 817 1780 manere
841 1750 929 1781 hanc
964 1754 1141 1780 consuetu-

149 1792 270 1831 dinem,
296 1791 471 1833 explorare
490 1792 655 1829 rudiores,
678 1798 714 1822 ut
737 1792 855 1823 iudicia
878 1793 919 1824 de
939 1792 1141 1823 necessariis

148 1837 251 1867 rebus
274 1835 510 1867 formarentur.
556 1835 700 1866 Prodest
719 1835 751 1866 et
773 1834 875 1874 illud,
909 1846 1010 1866 unam
1038 1845 1141 1876 quan-

149 1880 226 1911 dam
248 1878 431 1920 simplicem
456 1884 489 1910 et
512 1886 636 1910 certam
654 1878 794 1910 formam
818 1879 990 1910 doctrinae
1014 1884 1140 1917 extare,

151 1928 183 1954 et
206 1928 321 1953 tenere
345 1928 458 1953 certos
481 1921 639 1964 loquendi
662 1922 794 1959 modOS‚
829 1923 884 1964 qui
907 1920 987 1952 nihil
1017 1921 1141 1953 habent

150 1966 387 2007 ambiguitatis,
421 1971 453 1996 et
477 1971 554 1997 sunt
573 1966 790 1996 consentanei
815 1967 1019 2007 scripturae,
1055 1965 1142 1996 sicut

151 2015 184 2041 et
208 2008 333 2040 Paulus
356 2010 515 2050 praecipit
539 2008 732 2046 Timotheo,
767 2015 803 2040 ut
827 2015 1005 2040 conservet
1032 2008 1141 2039 ὑποτύ-

150 2063 251 2083 πωσιν
275 2062 378 2083 sanae
392 2052 577 2091 doctrinae,
602 2053 709 2090 idest,
733 2058 857 2083 certam
881 2051 1032 2083 formam.
1058 2051 1141 2082 Nam

152 2094 330 2127 dissimiles
353 2101 385 2126 et
408 2096 553 2137 ambigui
576 2096 664 2126 modi
686 2095 845 2137 loquendi
867 2096 999 2137 pariunt
1022 2093 1142 2126 multas

154 2138 246 2178 (eum
262 2137 345 2169 alius
359 2137 449 2170 aliud
461 2138 631 2181 intelligit)
652 2139 895 2171 dissensiones.
920 2139 1030 2180 Saepe
1044 2139 1142 2170 etiam

154 2181 287 2221 pariunt
310 2191 453 2214 errores.

415 2329 882 2373 DECALOGUS.

208 2441 318 2493 Quid
349 2442 545 2497 praecipit]
576 2443 751 2497 primum
789 2443 1090 2498 Praeceptum?

244 2551 333 2592 Apte
357 2551 485 2582 orditur
508 2550 580 2582 Lex
604 2553 646 2583 ab
670 2552 841 2594 agnitione
864 2552 941 2584 Dei.
972 2552 1055 2583 Nam
1079 2553 1143 2594 pri-

155 2605 244 2626 mum
277 2600 493 2636 praeceptum
528 2595 625 2626 docet
659 2605 735 2627 esse
757 2595 883 2634 Deum,
919 2601 951 2628 et
974 2596 1144 2637 requirere

1192 1073 1431 1107 obedientiam,
1467 1070 1668 1103 benefacere
1692 1070 1922 1102 obedientibus
1946 1076 1978 1101 et
1996 1070 2114 1110 punire
2137 1070 2187 1101 in-

1193 1117 1398 1148 obedientes.
1434 1114 1486 1146 Ac
1509 1113 1607 1146 simul
1631 1115 1731 1146 tradit
1753 1115 1900 1151 modum,
1919 1124 1985 1155 quo
1997 1113 2092 1145 Deus
2114 1112 2185 1145 vult

1193 1159 1411 1201 apprehendi,
1436 1164 1469 1190 et
1493 1157 1630 1198 cultum,
1655 1168 1722 1200 quo
1748 1156 1822 1189 coli.
1846 1156 1958 1188 Docet
1976 1158 2062 1188 enini
2075 1156 2185 1188 Deum

1194 1212 1271 1233 esse
1306 1204 1411 1234 verbo
1446 1207 1478 1233 et
1511 1200 1624 1243 aliquo
1654 1202 1758 1243 ipsius
1782 1201 1973 1232 testimonio
1997 1199 2186 1241 apprehen-

1194 1246 1348 1277 dendum.
1415 1245 1493 1277 Ideo
1516 1246 1566 1276 sic
1590 1246 1651 1276 ait:
1685 1244 1760 1286 Ego
1784 1254 1859 1276 sum
1882 1243 1976 1275 Deus
2001 1249 2096 1280 tuus,
2130 1243 2186 1284 qui

1194 1289 1292 1320 eduxi
1325 1296 1357 1320 te
1394 1288 1435 1320 de
1470 1294 1559 1319 terra
1588 1288 1746 1330 Aegypti.
1805 1286 1909 1322 Quasi
1945 1287 2052 1318 dicat:
2082 1285 2186 1325 Ecce,

1192 1332 1282 1363 hunc
1295 1331 1404 1363 Deum
1427 1341 1596 1374 agnosces
1617 1338 1646 1362 et
1669 1330 1774 1369 coles,
1797 1331 1853 1372 qui
1875 1330 1933 1361 tibi
1956 1329 2022 1361 hoe
2046 1330 2187 1361 verbum

1192 1376 1368 1416 proponit,
1404 1380 1436 1405 et
1468 1375 1524 1415 qui
1543 1375 1602 1406 tibi
1624 1374 1799 1416 proposuit
1820 1374 2043 1404 testimonium
2067 1373 2109 1404 de
2132 1382 2183 1412 se,

1193 1416 1321 1449 scilicet
1356 1418 1422 1449 hoc
1452 1418 1559 1458 ipsum
1591 1428 1694 1459 opus,
1731 1417 1821 1458 quod
1844 1416 1943 1448 eduxi
1966 1415 2126 1458 populum
2144 1426 2185 1448 ex

1191 1461 1361 1503 Aegypto.
1407 1460 1456 1491 lta
1479 1466 1511 1491 et
1535 1471 1597 1492 nos
1622 1461 1782 1492 debemus
1806 1458 2057 1501 apprehendere
2075 1459 2185 1492 Deum

1192 1507 1310 1543 verbo,
1345 1504 1435 1547 quod
1458 1504 1555 1535 nobis
1579 1504 1692 1535 datum
1716 1509 1780 1541 est,
1816 1510 1848 1534 et
1872 1503 2072 1541 testimonio,
2095 1501 2185 1534 scili-

1194 1554 1258 1585 cet,
1283 1548 1359 1590 quia
1382 1546 1548 1578 exhibitus
1572 1553 1622 1578 est
1645 1548 1742 1578 nobis
1767 1546 1931 1578 Christus.
1954 1545 2052 1577 Hunc
2064 1545 2185 1586 Deum,

1193 1592 1248 1633 qui
1273 1598 1325 1622 est
1348 1590 1449 1622 Pater
1468 1590 1602 1622 Domini
1625 1591 1733 1622 nostri
1750 1592 1825 1622 Iesu
1839 1588 1974 1627 Christi,
1998 1599 2185 1631 agnoscere

1194 1641 1225 1666 et
1249 1633 1361 1666 colere
1380 1634 1551 1665 debemus.
1619 1633 1737 1665 Cultus
1767 1644 1849 1665 vero
1874 1638 1951 1664 sunt
1973 1633 2071 1664 timor
2094 1639 2126 1664 et
2149 1632 2184 1664 fi-

1194 1678 1272 1716 des,
1308 1683 1341 1709 et
1374 1676 1525 1719 perfecta
1554 1677 1700 1709 dilectio.
1769 1676 1830 1708 Est
1854 1677 1940 1708 enim
1960 1676 2129 1716 emphasis
2152 1676 2185 1708 in

1193 1720 1370 1763 particula,
1393 1721 1488 1752 Deus
1513 1727 1602 1760 tuus,
1625 1722 1658 1752 id
1681 1727 1752 1759 est,
1775 1731 1897 1752 curans
1922 1723 1966 1751 t'e.
2035 1719 2185 1758 Zelotes‚

1194 1766 1225 1796 id
1261 1771 1323 1803 est,
1355 1766 1410 1806 qui
1444 1775 1511 1795 non
1546 1765 1668 1806 patitur
1702 1763 1797 1795 alteri
1822 1764 1918 1795 tribui
1943 1762 2084 1805 gloriam
2109 1762 2185 1802 Dei,

1193 1818 1261 1840 non
1284 1809 1406 1850 patitur
1430 1806 1514 1839 alios
1534 1807 1627 1839 Deos
1647 1807 1792 1849 confingi
1817 1813 1874 1838 aut
1892 1806 2052 1838 invocari.
2097 1806 2185 1837 Visi-

1193 1858 1268 1883 tans
1293 1852 1497 1893 iniquitatem
1520 1858 1584 1883 etc.
1607 1851 1662 1882 hic
1686 1851 1823 1892 requirit
1846 1851 2007 1881 timorem.
2054 1849 2184 1881 Rursus

1194 1896 1329 1937 requirit
1354 1894 1452 1926 fidem
1476 1901 1509 1926 et
1532 1894 1761 1933 dilectionem,
1785 1905 1859 1925 cum
1881 1894 1941 1925 ait:
1972 1893 2106 1924 Faciam
2129 1893 2185 1924 mi·

1194 1939 1412 1970 sericordiam
1436 1937 1649 1980 diligentibus
1674 1948 1737 1968 mc.
1806 1937 1898 1968 Sicut
1923 1942 1954 1968 et
1973 1935 2051 1967 alibi
2076 1934 2184 1967 decla-

1196 1987 1287 2013 ratur
1310 1982 1376 2013 hoc
1398 1988 1630 2023 praeceptum:
1654 1980 1784 2022 Diliges
1807 1979 1985 2011 Dominum
2004 1979 2114 2011 Deum
2136 1985 2185 2010 tu-

1194 2036 1250 2057 um
1275 2036 1314 2056 ex
1338 2031 1409 2056 toto
1434 2026 1548 2057 corde.
1594 2024 1687 2063 Item,
1711 2024 1888 2055 Dominum
1900 2023 2009 2055 Deum
2031 2029 2123 2054 tuum
2147 2022 2184 2053 ti-

1195 2069 1315 2106 mebis,
1339 2074 1369 2100 et
1392 2067 1439 2099 illi
1463 2068 1527 2100 soli
1552 2069 1692 2099 servies.
1737 2070 1784 2099 Ita
1806 2067 1946 2108 primum
1968 2072 2184 2107 praeceptum

1195 2112 1294 2143 tradit
1325 2118 1355 2143 et
1388 2113 1523 2143 modum
1546 2112 1752 2153 agnoscendi
1775 2110 1852 2147 Dei,
1883 2117 1915 2142 et
1938 2119 2038 2141 veros
2063 2108 2182 2140 cultus.

1195 2155 1346 2197 Suntque
1372 2156 1440 2186 veri
1464 2161 1496 2186 et
1518 2156 1614 2196 primi
1627 2154 1736 2186 cultus
1758 2155 1946 2192 interiores,
1968 2154 2077 2190 timor,
2100 2152 2184 2184 fides

1195 2205 1227 2230 et
1252 2198 1396 2230 dilectio.
1442 2198 1483 2229 Et
1503 2199 1581 2240 quia
1602 2199 1710 2241 inagis
1734 2197 1872 2240 intelligi
1896 2203 2038 2238 possunt
2064 2195 2098 2227 hi
2116 2206 2184 2226 mo-

1195 2248 1248 2273 tus
1274 2243 1370 2273 timor
1393 2247 1425 2272 et
1448 2241 1546 2280 fides,
1570 2242 1646 2273 ideo
1672 2252 1747 2273 cum
1771 2242 1956 2283 quaeritur,
1989 2241 2067 2282 quid
2090 2248 2184 2280 prae-

1196 2286 1295 2326 cipiat
1319 2286 1458 2326 primum
1481 2290 1706 2326 praeceptum,
1733 2284 2038 2316 commodissimum
2058 2288 2110 2314 est
2133 2292 2185 2313 re·

1196 2329 1375 2369 spondere,
1398 2328 1550 2360 timorem
1573 2327 1638 2359 Dei
1662 2334 1693 2359 et
1718 2327 1827 2359 fidem.
1875 2326 2051 2363 Quomodo
2073 2331 2184 2358 autem

1195 2371 1280 2404 fides
1304 2373 1410 2414 pariat
1435 2370 1656 2410 dilectionem,
1680 2370 1763 2402 alias
1788 2372 1927 2402 dicetur.

1226 2469 1538 2511 Satissaciuntne
1570 2470 1755 2510 homines
1786 2469 1880 2508 huic
1912 2468 2162 2523 Praecepto?

1283 2552 1355 2584 Lex
1379 2553 1443 2584 Dei
1466 2553 1603 2594 requirit
1632 2551 1815 2594 perfectam
1839 2551 2076 2589 obedientiam,
2110 2561 2184 2591 per-

1195 2595 1318 2628 fectum
1341 2597 1504 2634 timorem,
1528 2594 1713 2637 perfectam
1735 2595 1888 2627 fiduciam
1908 2594 1984 2633 Dei,
2002 2594 2184 2635 perfectam

1978 2655 2012 2681 s·
