2383 2990
126 149 186 181 181
852 145 904 176 111.
929 145 1202 178 GATECHESIS
1224 146 1355 178 PUERl
1361 147 1437 178 Lis.
2082 148 2143 180 182

124 243 200 275 inde
222 240 334 283 placet
357 246 389 273 et
410 239 567 272 inchoata
590 239 798 278 obedientia,
822 239 899 280 quia
921 248 1036 271 sumus
1059 237 1108 289 fa:
1331 243 1550 294 Quomodo
1583 245 1781 285 amjttitur
1811 245 1965 300 gratia?

125 287 170 318 cti
204 284 280 323 filii,
315 291 348 316 et
381 284 546 315 credimus
571 289 708 324 propter
732 281 904 314 Christum
927 283 1108 314 condonari

124 329 222 361 nobis
245 328 472 370 indignitatem
494 332 655 358 nostram.
702 325 883 366 Utrumque
906 325 1006 367 igitur
1029 325 1109 357 sciri

123 381 266 404 necesse
289 377 352 408 est,
375 376 412 402 ut
434 370 554 401 fiducia
576 370 732 411 propriae
754 369 910 406 iustitiae,
934 374 967 399 et
990 369 1108 409 despe-
1247 368 1382 400 Dictum
1417 375 1479 407 est,
1513 370 1547 401 in
1581 371 1706 401 sanctis
1742 380 1875 401 manere
1908 375 2060 410 peccata,
2083 370 2144 402 sed

79 413 85 417 ’
125 415 210 446 10110
243 415 361 445 01110115
397 414 591 444 eximantur.
647 412 732 443 Nam
761 412 885 453 agnitio
909 410 1107 442 infirmitatis
1160 418 1273 444 tamen
1309 412 1486 443 discrimen
1520 415 1697 444 tenendum
1732 419 1792 444 est.
1865 412 2034 449 Quaedam
2068 419 2145 444 sunt

124 464 260 490 nostrae
282 455 432 488 humiliat
454 467 528 494 nos,
552 456 666 487 incutit
688 461 853 491 terroreS‚
888 460 921 484 et
945 454 1109 486 exuscitat
1161 455 1338 491 eiusmodi,
1374 461 1409 486 ut
1442 454 1540 486 simul
1585 458 1727 487 existere
1764 456 1846 487 fides
1869 463 1901 487 01
1927 457 2034 497 gratia
2069 466 2144 497 pos-

124 501 372 543 poenitentiam.
408 499 538 531 Rursus
561 504 670 529 autem
693 498 811 538 ingens
835 496 1022 529 consolatio
1046 504 1109 535 est,
1161 500 1214 529 sit.
1269 496 1346 529 Alia
1370 499 1538 530 excutiunt
1561 499 1658 530 fidem
1682 505 1715 530 et
1737 501 1886 541 gratiam.
1932 499 2004 530 Hoc
2029 500 2145 530 discri-

125 545 215 586 quod
248 544 292 584 pii
322 544 355 574 in
389 548 481 574 tanta
509 541 698 573 infirmitate
735 546 845 570 tamen
868 546 991 571 norunt
1016 546 1107 571 certo
1161 552 1237 573 men
1278 542 1377 572 tradit
1418 540 1542 572 Paulus
1576 542 1673 573 Rom.
1702 542 1732 573 S.
1791 543 1826 573 Si
1856 543 2039 573 secundum
2074 552 2145 573 car·

126 587 338 618 statuendum
362 596 450 623 esse,
474 585 562 625 quod
585 582 741 624 placeant
755 582 830 614 Deo
854 589 991 624 propter
1014 583 1108 615 Chri-
1161 595 1237 616 nem
1269 584 1400 621 vivetis,
1434 585 1633 623 moriemini,
1664 585 1699 616 Si
1722 592 1831 616 autem
1856 586 1972 626 spiritu
1996 586 2146 616 actiones

126 636 224 661 stum.
269 629 399 660 Deinde
433 628 521 669 quod
544 627 617 657 Deo
653 627 751 657 etiam
775 625 860 656 haec
883 627 1053 668 inquinata
1077 632 1108 657 et
1162 628 1272 658 carnis
1296 626 1554 665 mortificabitiS,
1588 628 1719 659 vivetis.
1773 628 1884 658 Manet
1910 630 1995 659 enim
2015 629 2047 659 in
2071 639 2146 660 san-

124 671 318 713 imperfecta
353 671 539 702 obedientia
568 669 717 710 placeat,
751 669 827 710 quia
854 678 969 700 sumus
992 670 1108 700 inserti
1163 671 1224 701 ctis
1258 669 1419 701 naturalis
1454 671 1645 708 infirmitas,
1680 672 1965 712 concupiscentia,
2002 670 2147 702 etmulti

127 715 272 753 Christo,
297 716 381 746 sicut
404 712 527 744 Paulus
549 712 670 754 inquit:
705 711 805 743 Nulla
828 722 916 743 nunc
941 713 1107 743 danmatio
1161 713 1272 745 vitiosi
1305 712 1454 744 affectus.
1512 714 1580 745 Sed
1615 714 1691 755 quia
1725 713 1777 744 his
1812 724 1879 744 non
1918 715 2145 754 obtemperant

126 766 178 789 est
200 758 263 796 his,
294 758 348 799 qui
371 757 403 788 in
427 755 560 787 Christo
584 755 660 786 lesu
684 754 866 786 ambulant.
912 755 1017 786 Tanta
1041 766 1108 786 ma-
1162 757 1287 793 sancti,
1322 766 1436 787 verum
1461 762 1646 798 repugnant
1670 763 1701 788 et
1725 762 1913 798 agnoscunt
1937 758 1999 788 sibi
2024 758 2147 788 condo-

125 802 262 843 gnitudo
286 800 533 831 misericordiae
556 799 696 829 maxime
715 799 900 829 accendere
923 809 986 830 nos
1010 799 1107 830 debet
1163 800 1234 830 nari
1257 799 1345 830 hanc
1368 798 1589 830 infirmitatem
1613 806 1746 841 propter
1759 799 1939 838 Christum,
1964 799 2049 831 haec
2070 811 2145 841 pec—

124 845 167 875 ad
203 845 286 875 bene
320 843 540 884 operandum,
563 848 595 872 et
629 842 671 872 ad
694 841 907 872 sustinendas
935 852 1110 873 aerumnas
1135 841 1138 876 i
1164 848 1238 873 cata
1257 843 1410 873 dicuntur
1433 842 1587 881 venialia,
1611 843 1675 873 hoc
1699 849 1761 880 est,
1785 842 1878 880 talia,
1913 853 1998 883 quae
2022 844 2148 874 sanctis

125 888 232 918 omnis
256 887 404 927 generis,
438 886 514 926 quia
538 885 696 915 discimus
725 894 766 915 ex
789 883 994 925 Evangelio,
1029 895 1110 926 quo·
1135 879 1138 916 i
1163 886 1410 923 condonantur,
1446 891 1476 916 et
1512 893 1649 926 propter
1679 896 1764 927 quae
1787 896 1852 916 11011
1877 887 2027 917 amittunt
2051 886 2147 917 tidem

126 930 224 961 modo
248 928 380 970 placeat
402 929 434 959 in
458 934 550 959 tanta
568 928 755 958 infirmitate
780 927 970 959 obedientia
982 935 1108 959 nostra.
1135 931 1138 992 Ι
1163 934 1194 959 et
1218 928 1376 969 Spiritum
1399 935 1563 959 sanctum.
1609 929 1667 959 Est
1699 930 1797 970 igitur
1820 935 1994 969 peccatum
2018 928 2148 960 veniale

1162 972 1303 1002 vitiosus
1327 971 1476 1009 affectus,
1501 973 1553 1003 cui
1576 982 1643 1003 11011
1667 973 1894 1013 obtemperant
1918 973 1979 1012 pii,
2014 973 2074 1003 sed
2097 983 2147 1003 re-

1162 1021 1328 1055 pugnant,
1363 1022 1393 1045 et
1420 1015 1559 1045 01011001
1583 1016 1645 1046 sibi
1670 1025 1743 1046 eam
1767 1014 1987 1046 infirmitatem
2011 1021 2147 1057 propter

1135 995 1138 1011 ¹

1134 1014 1138 1035 1

267 1091 384 1124 CAUS
394 1090 447 1123 ΑΕ
470 1090 590 1122 HORT
600 1090 738 1121 &NTFS
766 1089 830 1122 AD
854 1089 971 1121 BENE
1163 1056 1332 1088 Christum
1357 1058 1549 1089 condonari.

468 1142 763 1174 OPERANDUM.
1251 1142 1318 1173 Sed
1340 1144 1486 1184 'quando
1516 1154 1581 1173 non
1605 1149 1806 1185 repugnant,
1842 1153 1956 1174 verum
1981 1144 2148 1184 obtempe—

1162 1191 1235 1216 rant
1264 1186 1391 1216 vitiosis
1425 1186 1598 1217 affectibus
1634 1194 1750 1217 contra
1775 1187 2031 1224 conscientiam,
2067 1188 2149 1217 1111111

1162 1235 1302 1268 peccata
1324 1227 1487 1267 mortalia,
1513 1230 1542 1260 id
1562 1236 1625 1267 est,
1649 1236 1785 1270 propter
1809 1240 1894 1270 quae
1918 1228 1977 1267 illi,
2001 1230 2055 1271 qui
2080 1229 2148 1261 sue-

209 1272 417 1309 Necessitas,
441 1282 526 1312 quae
549 1270 668 1311 triplex
692 1278 753 1302 est.
782 1271 904 1309 Prima,
930 1272 1109 1312 (1010111011-
1161 1277 1236 1302 1001
1258 1272 1353 1309 10511,
1384 1273 1533 1303 amittunt
1558 1273 1655 1303 11110111
1680 1279 1710 1303 et
1734 1273 1892 1313 Spiritum
1912 1280 2081 1309 sanctum,
2116 1280 2149 1304 et

124 1318 233 1348 datum
258 1322 320 1353 est,
342 1320 378 1346 ut
399 1314 474 1345 Deo
499 1315 704 1345 obediamus.
751 1313 919 1351 Secunda,
943 1315 1020 1355 quia
1042 1324 1109 1344 non

122 1365 233 1400 potest
253 1359 398 1389 existere
423 1357 506 1387 fides
530 1358 562 1387 in
585 1358 637 1393 iis,
658 1358 711 1398 qui
735 1368 800 1387 non
822 1362 923 1398 agunt
937 1357 1109 1397 poeniten-

121 1403 211 1439 tiam,
235 1402 295 1432 sed
318 1400 434 1432 laxant
458 1398 587 1431 frenum
612 1400 857 1440 cupiditatibus,
884 1399 1006 1437 Tertia,
1031 1400 1108 1440 quia

122 1445 205 1476 fides
226 1445 438 1485 extinguitur,
464 1443 493 1474 si
516 1453 583 1473 non
606 1450 801 1474 exerceatur
830 1444 862 1473 in
885 1443 1107 1480 invocatione,

109 1487 371 1525 astlictoionibus,
397 1492 429 1517 et
451 1486 549 1517 bonis
573 1486 740 1527 operibus.
776 1486 917 1527 Semper
930 1486 1015 1516 0111111
1029 1496 1107 1526 ope-

122 1532 213 1562 ribus
237 1531 336 1561 debet
358 1530 487 1571 praeire
511 1529 606 1567 fides,
631 1535 667 1560 ut
691 1530 817 1571 cogitet,
839 1539 933 1559 111005
958 1539 996 1560 50
1022 1528 1108 1560 velle

123 1574 258 1604 obedire
286 1573 379 1610 Deo,
414 1578 446 1603 et
478 1571 543 1603 1100
578 1582 662 1613 opus
697 1571 832 1613 placere
862 1571 937 1603 Deo
972 1578 1108 1613 propter

122 1615 301 1652 Christum,
336 1622 368 1647 ct
397 1621 494 1657 roget
527 1621 562 1646 ut
585 1621 721 1657 regatur
745 1626 763 1646 a
788 1614 876 1646 Deo.
921 1616 974 1647 Sic
997 1615 1108 1646 David

120 1660 153 1691 in
176 1670 237 1691 sua
260 1659 438 1690 vocatione
461 1659 631 1689 constituit
654 1668 692 1689 se
716 1656 803 1689 velle
817 1659 951 1689 obedire
964 1658 1052 1696 Deo,
1076 1664 1109 1689 et

122 1703 222 1733 sentit
255 1701 312 1733 illa
345 1712 449 1742 opera
485 1702 669 1733 vocationis
690 1700 764 1732 Deo
787 1700 942 1742 placere,
972 1708 1109 1743 propter

121 1748 319 1787 promissam
337 1745 608 1783 misericordiam,
632 1750 665 1776 et
690 1752 805 1786 rogat,
836 1752 871 1776 ut
890 1744 984 1776 Deus
1008 1755 1108 1776 voca-

122 1789 245 1819 tionem
279 1788 349 1819 eius
379 1789 559 1829 gubernet,
593 1787 666 1818 Hoc
700 1788 799 1819 modo
835 1789 1024 1819 exercenda
1059 1794 1109 1818 est

122 1831 206 1862 fides
229 1832 261 1861 in
286 1831 439 1862 omnibus
464 1831 631 1871 operibus.
662 1829 801 1868 Quarta,
826 1832 965 1862 invitant
987 1832 1028 1862 ad
1054 1832 1109 1862 be-

121 1885 164 1905 ne
188 1875 392 1915 operandum
416 1879 448 1905 et
471 1873 712 1915 promissiones
737 1874 868 1905 additae
888 1876 1045 1914 operibus
1068 1885 1109 1905 00

121 1918 279 1959 praemia.
324 1917 456 1948 Habent
489 1918 574 1948 enim
609 1918 696 1948 bona
726 1927 828 1957 opera
863 1918 992 1958 piorum
1015 1928 1109 1958 prae-

122 1961 186 1991 mia
220 1959 409 2001 corporalia
444 1966 476 1990 et
509 1959 712 2001 spiritualia,
753 1968 787 1991 ut
823 1960 922 1991 docet
955 1966 1108 2001 quartum

123 2009 353 2045 praeceptum:
376 2002 514 2034 Honora
529 2009 658 2044 patrem
682 2008 715 2034 et
738 2010 888 2040 matrem,
908 2009 942 2034 ut
966 2005 1012 2034 sis
1036 2002 1106 2034 lon-

125 2056 252 2087 gaevus
288 2056 390 2087 super
426 2052 559 2077 terrani.
605 2045 693 2077 Date
713 2052 745 2077 et
769 2047 900 2078 dabitur
925 2047 1019 2077 vobis
1043 2052 1107 2078 010.

123 2088 184 2119 Est
206 2095 313 2120 autem
338 2095 369 2120 et
392 2089 425 2119 in
448 2089 500 2120 his
524 2090 801 2130 promissionibus
815 2090 1000 2120 exercenda
1014 2089 1109 2128 fides,

1161 1321 1297 1355 propter
1326 1325 1411 1356 quae
1447 1315 1528 1346 fiunt
1552 1317 1599 1346 rei
1623 1316 1737 1346 mortis
1762 1322 1929 1353 aeternae,
1953 1316 2038 1347 sicut
2064 1316 2148 1347 Pau-

1160 1357 1214 1388 lus
1239 1358 1357 1398 inquit:
1382 1358 1637 1396 FornicatoreS,
1665 1357 1824 1396 adulteri,
1858 1359 2057 1396 homicidae,
2082 1370 2149 1390 non

1160 1401 1380 1440 possidebunt
1403 1411 1543 1443 regnum
1565 1401 1640 1432 Dei.
1669 1401 1854 1432 Teneamus
1874 1403 1972 1443 igitur
1995 1403 2060 1432 hoc
2084 1403 2149 1433 dis-

1162 1444 1305 1481 crimen,
1341 1454 1383 1474 ne
1406 1445 1509 1475 simus
1533 1444 1657 1486 ignavi,
1681 1455 1743 1475 nec
1766 1443 1917 1476 laxemus
1941 1444 2070 1476 frenum
2094 1456 2147 1476 cu-

1160 1487 1364 1527 piditatibuS,
1388 1497 1430 1518 ne
1454 1489 1642 1519 amittamus
1666 1488 1754 1519 dena
1777 1487 1859 1526 Dei,
1883 1489 1943 1519 sed
1967 1488 2148 1520 memineri-

1160 1540 1234 1560 mus
1253 1530 1399 1568 assidue,
1423 1537 1578 1571 tanquam
1601 1531 1634 1561 in
1658 1532 1728 1562 acie
1753 1532 1907 1562 standum
1931 1542 2019 1569 esse,
2043 1542 2082 1563 ac
2097 1542 2149 1562 ca-

1161 1574 1287 1604 vendas
1321 1573 1458 1604 insidias
1490 1572 1642 1612 Diaboli,
1677 1581 1706 1605 et
1744 1575 1973 1615 reprimendos
2007 1575 2149 1606 vitiosos

1160 1622 1282 1654 11101115,
1318 1617 1362 1647 ad
1397 1618 1605 1649 excitandam
1639 1618 1904 1656 invocationem,
1939 1624 1971 1649 et
1993 1618 2092 1649 fidem
2116 1619 2149 1649 in

1160 1660 1260 1689 tantis
1284 1659 1371 1690 w'tae
1394 1659 1564 1700 periculis,
1588 1672 1673 1702 quae
1697 1667 1728 1691 et
1751 1662 1876 1692 maiora
1899 1672 1929 1692 01
1952 1660 2046 1702 plura
2059 1667 2147 1699 sunt,

1161 1712 1259 1743 quam
1284 1708 1317 1733 ut
1340 1701 1479 1745 intelligi
1499 1710 1555 1735 aut
1580 1705 1724 1746 prospici
1749 1715 1769 1735 a
1792 1706 1889 1735 nobis
1902 1705 2043 1746 possint.
2068 1705 2146 1736 Ideo

1160 1746 1347 1786 promissus
1382 1753 1433 1776 est
1452 1746 1595 1787 Spiritus
1619 1753 1775 1785 sanctus„
1811 1754 1845 1779 ut
1870 1759 1933 1778 nos
1957 1749 2091 1779 adiuvet
2115 1753 2148 1779 et

1161 1789 1336 1830 gubernet.
1384 1789 1558 1820 Gubernat
1592 1798 1700 1821 autem
1724 1801 1789 1821 non
1810 1792 1965 1829 vitiosos,
2001 1797 2033 1822 01
2056 1792 2148 1833 igna-

1162 1842 1236 1869 vos,
1262 1832 1323 1862 sed
1347 1839 1572 1874 repugnantes
1591 1841 1747 1873 peccatu,
1778 1835 1863 1864 sicut.
1888 1833 2013 1864 Paulus
2036 1833 2148 1865 horta-

1160 1880 1225 1912 tur,
1261 1881 1296 1906 ut
1320 1886 1493 1914 curemus,
1528 1887 1569 1907 nc
1593 1876 1717 1908 frustra
1749 1878 1975 1918 acceperimus
2000 1878 2148 1918 gratiam.

1160 1917 1233 1948 Etsi
1256 1925 1384 1956 001001,
1413 1925 1449 1950 01
1470 1925 1547 1949 ante
1571 1920 1693 1951 dictum
1717 1926 1784 1957 est,
1822 1921 2094 1961 concupiscentia
2118 1926 2150 1951 et

1162 1961 1272 1992 vitiosi
1296 1968 1424 1997 motuS,
1460 1963 1580 2004 quibus
1604 1970 1787 2004 repugnant
1811 1964 1873 2004 pii,
1904 1963 1985 1994 fiunt
2010 1961 2150 1994 venialia

1160 2010 1311 2044 peccata,
1335 2011 1443 2035 tamen
1467 2013 1500 2036 et
1522 2004 1641 2037 horum
1659 2007 1851 2048 magnitudo
1876 2008 2016 2048 agnosci
2039 2007 2148 2037 debet.

1160 2047 1235 2078 Non
1259 2049 1345 2079 enim
1369 2056 1445 2079 sunt
1469 2047 1563 2080 leves·
1587 2049 1704 2084 morbi,
1728 2050 1888 2080 dubitatio
1913 2051 1955 2081 de
1978 2051 2027 2081 ira
2048 2055 2080 2080 et
2091 2049 2149 2079 mi·

1160 2091 1345 2122 sericordia
1359 2091 1432 2129 Dei,
1457 2093 1630 2131 securitas,
1656 2090 1849 2130 diffidentia,
1874 2103 1940 2123 non
1959 2094 2077 2124 ardere
2102 2093 2149 2123 di-

125 2141 198 2161 cum
222 2132 338 2162 damus
363 2131 633 2174 eleemosynam,
669 2133 843 2164 credamus
868 2132 975 2163 Deum
1000 2138 1108 2164 tamen
1159 2131 1305 2165 lectione
1328 2133 1404 2172 Dei,
1427 2146 1493 2166 1100
1517 2135 1672 2166 ardenter
1696 2136 1853 2167 invocare
1865 2135 1985 2174 Deum,
2009 2135 2148 2166 11010010

125 2179 399 2206 conservaturum
434 2185 511 2206 esse
540 2173 718 2206 facultates
741 2181 894 2214 nostras,
932 2176 1107 2207 credamus
1133 2207 1135 2214 ,
1158 2177 1323 2207 adversus
1348 2177 1455 2208 Deum
1485 2179 1518 2209 in
1549 2177 1797 2210 afflictionibus.
1843 2178 1935 2210 Haec
1969 2180 2048 2210 vitia
2081 2189 2148 2210 1100

124 2222 155 2247 et
185 2222 336 2257 petamus
370 2219 484 2259 augeri
508 2219 595 2249 dona
619 2217 814 2259 spiritualia,
838 2219 924 2249 sicut
948 2219 1107 2260 Augusti·
1132 2221 1135 2270 Ξ
1160 2219 1314 2262 intelligit
1343 2221 1428 2251 ratio
1451 2220 1605 2258 humana,
1628 2222 1704 2253 ideo
1730 2223 1909 2253 contemnit
1932 2228 2073 2263 peccata
2093 2232 2147 2252 ve-

123 2270 186 2290 nus
222 2260 344 2301 inquit:
388 2259 530 2292 Dilectio
565 2268 710 2292 meretur
743 2263 860 2303 augeri
885 2260 1106 2293 dilectionem.
1159 2262 1277 2301 nialia,
1314 2264 1374 2294 sed
1397 2264 1441 2303 pii
1465 2265 1574 2295 sciant
1604 2275 1670 2296 non
1695 2275 1771 2296 esse
1796 2266 2018 2296 extenuanda.
2062 2264 2147 2295 Nam

124 2302 320 2343 Exemplum
354 2304 525 2345 egregium
558 2306 764 2345 propositum
790 2306 822 2336 in
845 2304 985 2336 historia
1009 2304 1107 2336 Sare-
1159 2307 1430 2346 concupiscentia
1454 2318 1527 2338 cum
1551 2308 1620 2339 suis
1645 2308 1809 2339 fructibus
1830 2314 1883 2339 est
1905 2319 1942 2339 re
1964 2309 2038 2349 ipsa
2061 2318 2147 2338 mor-

123 2352 244 2386 ptanac
263 2344 421 2383 mulieris,
444 2357 530 2387 quac
548 2347 640 2378 iussa
662 2348 704 2379 ab
726 2347 841 2387 Helia,
875 2348 1015 2389 primum
1044 2348 1107 2388 ipsi
1159 2348 1227 2380 tale
1246 2355 1430 2390 peccatum,
1455 2351 1487 2381 in
1511 2361 1578 2381 non
1601 2351 1742 2389 renatis,
1772 2357 1804 2381 et
1828 2350 1929 2392 longe
1953 2352 2057 2382 maius
2080 2361 2147 2381 ma—

124 2389 180 2419 dat
203 2389 310 2426 cibos,
335 2399 420 2430 quos
439 2388 533 2420 solos
555 2389 701 2422 habebat
724 2390 884 2433 reliquos,
908 2397 939 2421 et
953 2396 1107 2431 expecta·
1158 2390 1225 2423 lum
1250 2399 1313 2430 est,
1339 2403 1435 2434 quam
1459 2399 1495 2424 ut
1518 2393 1589 2424 eius
1614 2395 1806 2435 magnitudo
1826 2405 1846 2425 0
1869 2395 1996 2425 ratione
2020 2393 2146 2435 perspi-

123 2432 182 2463 bat
215 2430 372 2463 auxilium
405 2443 425 2462 a
448 2431 538 2470 Deo,
573 2433 618 2463 ita
645 2432 739 2464 Deus
773 2435 864 2466 auxit
888 2433 965 2465 illos
1001 2434 1108 2472 eibos,
1160 2435 1189 2465 01
1211 2436 1328 2476 possit.
1375 2435 1453 2466 Ideo
1476 2436 1519 2476 pii
1543 2435 1607 2467 11115
1630 2438 1766 2468 morbos
1790 2443 1987 2478 agnoscant,
2013 2443 2045 2468 et
2067 2447 2145 2468 vere

122 2480 243 2516 postea
276 2476 406 2506 ornavit
439 2485 512 2506 eam
535 2481 568 2506 et
589 2474 662 2507 aliis
686 2477 791 2508 (101115.
836 2477 885 2508 lta
909 2485 942 2508 et
964 2487 1028 2508 nos
1052 2487 1107 2507 ex·
1132 2477 1134 2484 ’
1157 2477 1429 2519 perhorrescant,
1454 2490 1529 2510 cum
1552 2486 1700 2517 cernent,
1725 2481 1889 2520 quomodo
1902 2487 2065 2522 repugnat
2089 2490 2146 2511 na-

123 2527 296 2549 erceamus
329 2518 427 2549 fidem
460 2519 493 2549 in
518 2519 729 2550 invocatione
751 2526 783 2551 et
806 2521 958 2552 omnibus
980 2521 1107 2561 pericu·
1131 2534 1135 2563 1
1157 2526 1232 2552 tura
1254 2521 1396 2552 hominis
1422 2521 1582 2553 voluntati
1602 2521 1678 2560 Dei,
1703 2523 1789 2553 sicut
1802 2521 1925 2553 Paulus
1951 2524 2071 2564 inquit:
2095 2522 2145 2554 ln-

122 2559 175 2599 lis,
198 2561 354 2603 negotiis,
380 2567 412 2593 et
435 2561 633 2600 actionibuS,
657 2568 689 2594 et
711 2564 908 2595 obediamus
931 2563 1017 2602 Deo,
1051 2573 1107 2604 pe-
1132 2568 1135 2599 }
1156 2561 1261 2595 foelix
1298 2574 1363 2607 ego
1398 2563 1508 2596 homo.
1556 2565 1684 2596 Rursus
1705 2572 1813 2597 autem
1845 2566 1975 2608 erigant
2005 2576 2043 2598 50
2066 2567 2144 2604 fide,

123 2609 232 2635 tentes
257 2610 290 2636 et
312 2610 529 2645 expectantes
548 2606 590 2636 ab
609 2605 683 2647 ipso
707 2605 875 2638 auxilium.
1158 2612 1191 2638 et
1219 2608 1283 2639 sibi
1316 2608 1449 2650 ignosci
1483 2609 1643 2647 credant,
1686 2613 1718 2640 et
1757 2610 1844 2641 serio
1878 2616 2066 2651 repugnent
2107 2608 2144 2640 il-

1939 2669 1989 2693 12·
