2383 2990
127 143 191 174 535

127 236 288 280 reliquam
321 237 508 270 libertatem
543 237 655 280 aliquo
695 238 793 268 modo
835 238 942 268 ciendi
978 243 1143 274 externa:

127 283 287 320 membra,
316 292 376 313 seu
400 282 537 323 regendi
559 280 815 318 locomotivam,
850 288 883 312 ut
909 280 1044 323 Physici
1067 280 1116 312 lo-
1139 275 1142 344 ⁴

128 332 282 366 quuntur.
329 325 406 355 Ideo
432 326 516 356 enim
542 335 644 366 opera
667 324 769 366 Legis
806 325 959 355 dicuntur
992 325 1116 356 iustitia
1140 346 1141 351 ,

129 369 256 406 carnis,
292 369 368 410 quia
386 368 484 399 huius
507 374 647 400 naturae
672 369 798 399 viribus
823 374 993 409 utcunque
1017 368 1116 400 etiam

127 422 147 443 a
170 422 237 443 non
261 412 387 442 renatis
412 418 549 442 externa
571 411 674 453 Legis
699 411 914 452 operacffici
938 419 1092 452 possunt.

213 497 382 528 Abstinuit
405 496 600 528 Alexander
623 509 643 529 a
667 497 798 529 filiabus
822 497 916 529 Darii
951 501 1115 530 coercens
1140 511 1142 528 ι

127 548 262 572 externa
292 541 450 572 membra.
497 541 555 572 Sic
590 547 621 572 et
652 541 748 572 Paris
784 544 943 573 coercere
978 535 1142 579 externa(

126 585 271 615 membra
306 590 447 625 poterat.
503 584 582 615 Ideo
617 585 750 616 dicitur:
791 584 862 616 Lex
896 591 947 616 est
979 585 1111 617 iniustis
1139 582 1142 620 Ι

126 629 248 668 posita,
270 628 304 659 id
328 633 391 665 est,
416 629 458 659 ad
483 628 691 659 coercendos
716 639 781 659 non
807 635 961 667 renatos,
995 636 1025 660 et
1057 639 1115 669 pu·
1138 621 1141 671 l

126 671 264 702 niendos
289 677 516 702 contumaces.
562 671 614 702 Ac
642 672 704 703 nisi
735 671 819 703 haec
842 671 979 703 libertas
1004 671 1114 713 aliquo
1138 675 1141 697 ί

125 715 223 745 modo
248 713 376 755 reliqua
400 721 508 753 esset,
544 714 634 746 nulla
666 714 792 747 utilitas
817 721 909 746 esset
930 715 1059 757 Legum
1082 721 1114 746 et
1137 703 1141 751 ,ι

125 759 225 790 totius
250 756 358 789 civilis
382 758 644 800 gubernationis.
1137 753 1141 772 ¹

213 844 329 875 Manet
361 845 460 886 igitur
493 843 605 886 aliqua
638 843 793 883 libertas,
830 855 916 886 quae
950 843 1027 875 fons
1062 850 1114 875 est

127 888 371 930 contingentiae
407 889 505 919 etiam
535 888 701 920 actionum
732 894 808 929 post
837 888 966 929 lapsum
992 888 1112 929 primo-

125 942 197 962 rum
220 939 403 972 parentum,
427 932 504 973 quia
523 932 746 972 contingentia
768 931 989 969 nominantur,
1015 941 1112 972 quae,
1135 938 1140 998 Ι

125 985 199 1006 cum
219 974 312 1012 fiunt,
335 974 459 1006 habent
482 985 635 1012 causam,
660 985 746 1015 quae
772 981 903 1015 poterat
928 985 968 1005 ex
993 981 1111 1006 natura

126 1029 187 1050 sua
221 1017 316 1049 aliter
350 1028 471 1059 agere,
505 1024 540 1048 ut
574 1017 658 1048 haec
690 1018 720 1048 in
753 1017 909 1059 Physicis
941 1018 1111 1059 copiosius

127 1061 353 1099 declarantur,
380 1062 434 1092 ubi
458 1068 488 1092 et
515 1062 641 1102 gradus
667 1061 880 1092 necessitatis
905 1062 1112 1103 distinguun-

126 1111 189 1136 tur.
234 1104 306 1135 Etsi
329 1112 439 1135 autem
462 1104 564 1135 multa
596 1111 713 1135 contra
743 1105 972 1145 disputantur,
1002 1111 1113 1135 tamen

125 1149 297 1179 retinenda
322 1154 373 1179 est
396 1158 476 1179 vera
500 1149 663 1180 sententia
689 1149 719 1179 in
745 1149 877 1189 scriptis
903 1147 1113 1189 propheticis
1136 1149 1140 1201 Ι

126 1197 159 1223 et
175 1190 383 1232 Apostolicis
407 1192 540 1230 tradita,
565 1198 597 1222 et
620 1192 745 1233 puriori
769 1192 924 1223 vetustati
939 1190 1114 1222 Ecclesiae
1137 1206 1140 1217 ·

125 1236 284 1277 probata,
325 1245 410 1276 quae
444 1234 560 1266 Stoica
598 1241 630 1266 et
664 1235 864 1266 Maniehaea
899 1220 1140 1301 deliramenta1

1138 1305 1141 1334 ἱ

1138 1409 1141 1421 i

126 1289 247 1320 magno
272 1288 441 1310 consensu
467 1279 678 1319 improbavit.
724 1278 933 1319 Explicanda
957 1283 1035 1310 sunt
1058 1289 1115 1309 au-

126 1328 191 1353 tem
215 1322 378 1364 quaedam
402 1322 570 1354 contraria
593 1329 800 1364 argumenta.

1138 1425 1142 1491 t

505 1489 734 1529 Primum.
1138 1495 1141 1536 j

187 1592 484 1632 Determinatio
517 1592 655 1632 divina
688 1600 749 1633 est:
781 1593 1052 1633 immutabilis.
1137 1585 1142 1610 ³

190 1652 338 1694 Omnia
371 1653 648 1708 contingentia
680 1660 774 1694 sunt
799 1654 1069 1694 determinata
1092 1669 1116 1694 a

248 1714 351 1754 Deo.
640 1721 642 1723 ’

188 1774 313 1830 Ergo:
348 1773 514 1825 Omnia,
554 1789 659 1829 qnae
691 1775 811 1827 fiunt,
844 1782 939 1816 sunt
968 1775 1117 1815 immu-

249 1835 387 1876 tabilia
420 1842 462 1876 et:
493 1836 729 1876 necessaria.

215 1926 417 1969 Respondeo
452 1928 494 1959 ad
528 1929 696 1959 maiorem.
743 1926 983 1960 Deterininatio
1009 1928 1117 1960 divina

129 1976 181 2003 est
201 1970 424 2009 immutabilis.
449 1970 574 2002 scilicet
593 1972 720 2003 ratione
738 1973 1008 2012 consequentiae,
1033 1982 1117 2013 quae

128 2026 164 2046 re
198 2015 272 2055 ipsa
306 2025 373 2046 non
407 2014 503 2046 affert
536 2015 784 2046 necessitatem.
831 2015 873 2046 Et
899 2013 995 2046 aliter
1024 2014 1118 2046 Deus

130 2058 326 2089 determinat
356 2059 463 2096 bona,
496 2069 581 2100 quae
606 2057 686 2097 vult,
719 2064 751 2089 et
776 2069 861 2099 quae
883 2057 978 2090 solus
1004 2057 1117 2097 efficit,

128 2107 165 2134 ut
188 2102 467 2133 resurrectionem
498 2107 720 2140 mortuorunt,
754 2101 862 2133 Aliter
895 2100 998 2140 mala,
1033 2112 1118 2144 quae

129 2155 237 2186 neque
260 2144 331 2176 vult
353 2155 461 2186 neque
485 2144 599 2183 efficit,
622 2146 681 2177 sed
700 2146 873 2186 praevidet
890 2155 1066 2187 quousque
1078 2156 1117 2176 ea

130 2198 293 2230 passurus
317 2189 371 2226 stt,
394 2195 429 2219 ut
452 2189 625 2229 praevidet
639 2189 772 2220 Saulem
793 2191 952 2221 ruiturum
973 2199 1060 2228 esse,
1086 2196 1117 2220 et

130 2238 252 2263 metam
277 2232 457 2270 constituit,
480 2233 512 2263 in
537 2243 602 2274 qua
620 2243 693 2264 eum
712 2243 930 2274 repressurus
952 2233 1007 2271 sit,
1030 2233 1116 2264 sicut

129 2275 173 2307 de
196 2274 403 2307 Sennaherib
428 2276 563 2307 dicitur:
588 2275 733 2308 Iniiciam
753 2277 783 2307 ei
806 2275 946 2308 frenum.

176 2372 180 2375 ’
218 2361 308 2393 Talis
354 2363 585 2394 determinatio
620 2362 781 2394 malarum
815 2363 984 2395 actionum
1017 2362 1119 2405 longe

131 2404 239 2436 differt
262 2416 281 2436 a
301 2406 575 2438 determinatione
593 2407 738 2448 positiva
756 2407 917 2439 bonarum
939 2406 1118 2438 actionum.

220 2490 326 2523 Aliter
344 2494 442 2524 etiam
465 2494 534 2535 agit
557 2498 589 2524 et
613 2494 807 2525 determinat
831 2494 982 2525 actiones
1005 2493 1037 2524 in
1061 2503 1119 2523 vo-

132 2533 260 2566 luntate
282 2535 461 2575 hominum,
496 2535 592 2568 aliter
626 2537 658 2568 in
689 2544 819 2575 natura,
854 2547 939 2579 quae
962 2546 1028 2567 non
1052 2536 1121 2578 agit

131 2576 250 2616 libere,
284 2585 318 2610 ut
343 2580 481 2611 diciturt
516 2579 629 2611 Trahit
652 2579 758 2619 Deus,
782 2581 841 2612 sed
865 2578 1033 2612 volentem
1055 2585 1120 2611 tra-

765 142 879 174 PHIL.
903 141 1006 173 MEL.
1031 141 1220 175 SCRIPTA
1242 143 1523 176 DOGMATICA.

2092 147 2157 179 536

1169 239 1255 278 Deo,
1286 250 1347 270 sua
1371 239 1543 271 voluntate
1566 238 1673 271 libere
1696 246 1871 283 repugnat,
1899 242 1990 273 iuxta
2013 243 2154 274 dictum:

1170 283 1316 314 Perditio
1340 294 1381 314 ex
1404 289 1436 314 te
1460 288 1522 321 est,
1549 294 1568 314 a
1591 293 1643 314 me
1665 289 1773 314 autem
1798 283 1903 316 salus.

1257 352 1328 383 Hac
1352 350 1494 393 simplici
1518 353 1730 384 enarratione
1755 355 1898 384 contenti
1929 354 2045 392 simus,
2080 355 2157 396 quia

1170 401 1261 426 certe
1296 406 1437 426 necesse
1469 401 1518 426 est
1547 396 1691 427 discerni
1723 396 2028 428 determinationem
2051 398 2156 428 bona-

1169 450 1241 469 rum
1264 439 1442 512 aciionum,
1467 449 1551 480 quas
1576 437 1645 470 vult
1668 438 1774 478 Deus,
1809 447 1839 471 et
1864 439 2038 479 malarum,
2073 449 2156 483 quas

1169 493 1234 513 ncn
1260 493 1302 514 vu
1318 488 1339 513 t.
1622 493 1625 497 ·

1324 631 1605 673 Secundum
1638 639 1999 686 argumentum.

1254 714 1397 746 Hierem.
1424 714 1475 745 10.
1522 714 1601 746 Soio
1624 714 1778 753 Domine,
1814 713 1902 757 quod
1925 726 1993 747 non
2022 722 2074 748 est
2095 717 2156 750 ho-

1167 759 1263 790 minis
1284 759 1335 789 via
1357 760 1441 796 eius,
1476 768 1538 789 nec
1562 764 1611 789 est
1636 758 1697 789 <iri
1721 759 1866 801 dirigere
1888 769 2027 801 gressus
2062 770 2155 792 suos.

1166 801 1216 832 Ex
1235 801 1301 832 hoc
1326 802 1414 832 dicto
1439 801 1679 832 ratiocinantur
1702 802 1845 842 quidam,
1869 802 2075 835 voluntatem
2097 802 2157 835 ho-

1166 846 1261 876 minis
1291 854 1354 875 nec
1377 846 1539 876 bonarum
1564 855 1624 876 nec
1648 843 1808 877 malarum
1831 847 1997 877 actionum
2022 858 2157 879 causam

1167 898 1256 919 esse.
1286 889 1362 920 Ideo
1388 888 1589 929 respondeo,
1612 888 1751 929 primum
1771 888 1907 930 phrasin
1929 896 2021 921 recte
2038 889 2157 922 intelli-

1166 933 1307 973 gendam
1320 942 1408 962 ense.
1429 931 1491 962 Via
1504 931 1672 972 significat
1682 932 1903 970 rocationem,
1917 933 1949 964 id
1959 939 2022 971 est,
2035 935 2156 976 guber-

1165 976 1332 1006 nationem
1356 975 1479 1006 homini
1502 975 1692 1005 mandatam
1714 986 1934 1018 quaecunque
1947 981 2011 1015 est,
2035 978 2106 1010 sive
2121 978 2156 1009 in

1165 1017 1333 1057 Ecclesia,
1359 1019 1430 1049 sive
1454 1019 1486 1049 in
1510 1016 1642 1055 Politia,
1666 1018 1738 1049 sive
1761 1019 1795 1050 in
1819 1019 1988 1051 Oecomia.

1252 1103 1366 1135 Monet
1413 1104 1513 1145 igitur
1554 1103 1734 1145 Propheta,
1779 1112 1814 1137 ut
1859 1112 1891 1137 et
1936 1106 2157 1138 infirmitatem

1165 1154 1314 1179 nostram
1356 1148 1618 1185 consideremus,
1653 1154 1684 1179 et
1718 1155 1871 1188 petamus
1900 1155 1995 1181 recta
2018 1148 2158 1181 consilia

1166 1192 1263 1223 nobis
1293 1202 1313 1222 a
1335 1190 1412 1223 Deo
1448 1191 1580 1221 ostendi
1616 1196 1648 1222 et
1683 1191 1754 1222 dari
1783 1191 1900 1224 felices
1935 1198 2091 1226 eventus:
2126 1199 2159 1224 ct

1167 1236 1311 1277 dirigere
1336 1244 1476 1276 gressus
1500 1235 1665 1276 significat
1690 1241 1794 1275 recta,
1823 1234 1958 1269 foelicia
1980 1241 2012 1267 et
2034 1235 2158 1268 saluta-

1166 1279 1215 1310 ria
1239 1277 1419 1310 consulere
1443 1283 1474 1309 et
1496 1288 1609 1319 agere.

1254 1364 1315 1396 Est
1338 1364 1438 1405 igitur
1460 1362 1593 1395 fallacia
1612 1374 1632 1395 a
1655 1365 1745 1396 dicto
1769 1366 1954 1397 secundum
1984 1366 2080 1407 quid,
2114 1366 2159 1398 ad

1169 1409 1292 1440 dictum
1316 1407 1520 1449 simpliciter.
1567 1406 1708 1438 vot-atio
1732 1406 1893 1446 Davidis,
1923 1419 1991 1440 non
2015 1415 2066 1440 est
2090 1408 2159 1441 {oe-

1166 1451 1213 1482 lix
1237 1453 1309 1482 sinc
1332 1451 1419 1482 Deo.
1465 1450 1555 1492 Ergo
1591 1450 1700 1482 David
1735 1450 1816 1482 nihil
1851 1452 1930 1493 agit.
1975 1451 2067 1490 Item,
2090 1451 2158 1483 Da-

1168 1495 1223 1526 vid
1246 1495 1441 1526 necessario
1466 1495 1551 1535 rapit
1574 1492 1711 1525 alterius
1732 1495 1918 1536 coniugem.
1964 1494 2057 1526 Haec
2080 1505 2158 1526 esse

1139 1540 1141 1546 ⁴
1168 1538 1357 1569 ἀνακόλουθα
1391 1536 1600 1568 manifestum
1634 1543 1704 1576 est,
1739 1548 1758 1569 a
1787 1537 1979 1578 particulari
2012 1538 2056 1570 ad
2088 1538 2158 1571 uni-

1168 1580 1311 1613 versale.

1258 1667 1495 1699 Consideretur
1518 1672 1642 1704 autem,
1676 1667 1732 1698 ubi
1767 1668 1807 1698 sit
1844 1673 1961 1698 nostra
1984 1667 2157 1699 infirmitas

1171 1712 1242 1742 sive
1271 1709 1495 1748 imbecillitas,
1521 1709 1609 1740 aliud
1634 1716 1684 1741 est
1710 1709 1829 1741 electio
1853 1711 1885 1741 in
1910 1717 2020 1742 mente
2046 1718 2076 1742 et
2102 1722 2159 1742 vo-

1170 1754 1308 1793 luntate,
1339 1752 1427 1785 aliud
1459 1760 1609 1784 eventus.
1656 1753 1821 1784 Interdum
1852 1764 2001 1785 erramus
2036 1755 2069 1785 in
2103 1753 2159 1786 eli-

1172 1799 1294 1841 gendo,
1325 1803 1359 1828 ut
1391 1803 1479 1828 errat
1505 1796 1612 1827 tostas
1644 1795 1791 1828 inferens
1823 1796 1947 1828 bellum
1970 1798 2158 1840 Aegyptiis,

1172 1848 1203 1872 et
1241 1840 1397 1882 Iosaphat
1429 1840 1618 1882 adiungens
1653 1850 1690 1872 se
1726 1841 1823 1882 imp10
1859 1841 1941 1882 regi.
1991 1841 2159 1873 Interdum

1172 1885 1269 1916 etiam
1294 1895 1369 1916 cum
1393 1894 1459 1915 non
1488 1891 1539 1914 est
1569 1894 1664 1914 error
1697 1882 1840 1921 consilii,
1875 1891 1982 1915 tamen
2018 1891 2158 1917 eventus

1172 1935 1222 1959 est
1247 1928 1392 1965 infoelix,
1427 1933 1461 1958 ut
1486 1937 1587 1968 saepe
1612 1938 1686 1958 cum
1708 1927 1861 1959 Medicus
1884 1938 1951 1958 non
1975 1934 2076 1966 errat,
2110 1935 2159 1960 ta·

1171 1982 1246 2003 men
1272 1972 1398 2002 curatio
1423 1981 1488 2002 non
1518 1971 1671 2010 procedit
1695 1980 1735 2001 ex
1759 1969 1824 2001 alia
1849 1981 1961 2002 causa.
2006 1971 2082 2002 Non
2109 1982 2159 2002 er-

1172 2021 1245 2046 rant
1277 2013 1447 2046 israelitae
1481 2014 1624 2055 punituri
1647 2013 1831 2051 Beniamin,
1867 2019 1899 2045 et
1930 2020 2038 2045 tamen
2067 2013 2158 2047 multi

1172 2059 1389 2090 trucidantur.
1436 2058 1511 2088 Non
1542 2058 1699 2088 errabant
1724 2057 1834 2088 Iudaei
1868 2058 2066 2089 resistentes
2089 2057 2159 2089 An-

1171 2102 1296 2140 tiocho,
1332 2108 1363 2132 et
1393 2108 1504 2132 tamen
1530 2110 1671 2142 magnae
1696 2099 1810 2132 clades
1834 2106 1995 2142 acceptae
2016 2108 2093 2132 sunt
2117 2111 2160 2133 ex

1173 2144 1245 2176 aliis
1271 2145 1393 2182 causis,
1429 2145 1505 2186 quia
1524 2143 1618 2175 Deus
1645 2144 1743 2175 etiam
1767 2145 1915 2185 ipsorum
1938 2150 2076 2185 peccata
2099 2156 2159 2186 pu-

1172 2190 1263 2220 nivit.
1320 2188 1388 2219 Sed
1423 2187 1561 2229 plurima
1597 2194 1674 2218 sunt
1711 2195 1821 2218 errata
1857 2186 2089 2226 consiliorum,
2124 2194 2159 2219 ut

1172 2231 1311 2263 Periclis
1346 2232 1377 2262 in
1409 2231 1574 2262 movendo
1605 2229 1893 2272 Peloponnesiaco
1928 2229 2029 2270 bello,
2063 2231 2159 2263 Bruti

1173 2282 1203 2306 et
1224 2275 1363 2306 aliorum
1384 2272 1679 2312 innumerabilium,
1702 2281 1736 2305 ut
1757 2274 1875 2305 dicitur
1887 2274 2080 2306 proverbio.
2107 2274 2158 2305 14.

1171 2318 1232 2350 Est
1262 2319 1326 2357 via,
1361 2328 1447 2360 quae
1478 2318 1608 2348 videtur
1641 2316 1762 2349 homini
1794 2319 1894 2356 bona,
1928 2318 2023 2350 cuius
2047 2318 2160 2349 novis-

1172 2364 1255 2393 sima
1279 2362 1403 2393 ducunt
1427 2362 1468 2392 ad
1497 2367 1647 2392 mortem.
1693 2360 1733 2392 Et
1756 2360 1924 2403 Theognis
1953 2361 2075 2402 inquit:
2109 2360 2158 2391 οὗ-

1173 2405 1234 2442 dez,-
1258 2404 1435 2446 ἀνθρώπων
1464 2407 1542 2436 ἐστὶν
1572 2403 1690 2435 ἅπαντα
1720 2404 1824 2445 σοφός.
1873 2404 1984 2440 Quare
2008 2404 2159 2436 conside·

1173 2450 1256 2480 ratio
1279 2448 1474 2480 infirmitatis
1500 2458 1648 2484 nostrae,
1674 2448 1714 2479 de
1733 2459 1797 2489 qua
1819 2447 1966 2490 loquitur
1988 2447 2158 2486 Ieremias,

1174 2493 1295 2524 doceat
1317 2503 1380 2524 nos
1403 2491 1565 2534 regulam.
1613 2491 1771 2523 Subditus
1797 2498 1870 2523 esto
1894 2490 1980 2529 Deo,
2004 2497 2037 2522 et
2060 2501 2160 2533 spera

1174 2536 1207 2566 in
1231 2546 1323 2574 eum,
1346 2536 1378 2566 id
1403 2543 1465 2573 est,
1488 2534 1542 2566 fac
1564 2535 1760 2566 necessaria
1783 2535 1815 2566 in
1839 2535 2034 2573 vocatione,
2057 2540 2090 2566 et
2111 2534 2159 2572 ni7

1174 2578 1222 2610 hil
1244 2578 1349 2610 facias
1376 2586 1493 2610 contra
1526 2584 1708 2620 praecepta
1729 2577 1819 2616 DEI,
1855 2585 1883 2609 et
1920 2584 1995 2619 pete
2029 2588 2070 2608 ac
2104 2587 2159 2608 ex·

133 2620 192 2660 hit,
250 2621 354 2660 Quia,
388 2633 462 2654 cum
496 2633 562 2654 non
594 2629 798 2666 optemperat
832 2624 944 2655 David
977 2622 1121 2655 trahenti
1145 2635 1151 2664 1
1174 2629 1271 2664 pecta
1305 2621 1462 2654 auxilium
1495 2623 1537 2654 ab
1573 2632 1625 2662 eo,
1660 2623 1749 2653 iuxta
1783 2622 1921 2653 dictum:
1956 2620 2160 2653 Commenda

2272 2932 2297 2990 ’ὑί
2294 2879 2301 2897 ,,
