<?xml version="1.0" encoding="UTF-8"?>
<!DOCTYPE html PUBLIC "-//W3C//DTD XHTML 1.0 Transitional//EN"
    "http://www.w3.org/TR/xhtml1/DTD/xhtml1-transitional.dtd">
<html xmlns="http://www.w3.org/1999/xhtml" xml:lang="en" lang="en">
 <head>
  <title>
</title>
<meta http-equiv="Content-Type" content="text/html;charset=utf-8" />
  <meta name='ocr-system' content='tesseract 3.04.00' />
  <meta name='ocr-capabilities' content='ocr_page ocr_carea ocr_par ocr_line ocrx_word'/>
</head>
<body>
  <div class='ocr_page' id='page_1' title='image "./operaquaesupersu23melauoft_0350.png"; bbox 0 0 2383 2990; ppageno 0'>
   <div class='ocr_carea' id='block_1_1' title="bbox 135 139 2183 180">
    <p class='ocr_par' dir='ltr' id='par_1_1' title="bbox 135 139 2183 180">
     <span class='ocr_line' id='line_1_1' title="bbox 135 139 2183 180; baseline -0.004 0"><span class='ocrx_word' id='word_1_1' title='bbox 135 148 200 180; x_wconf 82' lang='lat'>567</span> <span class='ocrx_word' id='word_1_2' title='bbox 778 141 890 174; x_wconf 78' lang='lat' dir='ltr'>PHlL.</span> <span class='ocrx_word' id='word_1_3' title='bbox 917 140 1023 174; x_wconf 82' lang='lat' dir='ltr'><strong>MEL.</strong></span> <span class='ocrx_word' id='word_1_4' title='bbox 1047 140 1238 173; x_wconf 83' lang='lat' dir='ltr'>SCRIPTA</span> <span class='ocrx_word' id='word_1_5' title='bbox 1258 139 1538 172; x_wconf 75' lang='lat' dir='ltr'><strong>DOGMATICA.</strong></span> <span class='ocrx_word' id='word_1_6' title='bbox 2118 139 2183 172; x_wconf 81' lang='lat'>568</span> 
     </span>
    </p>
   </div>
   <div class='ocr_carea' id='block_1_2' title="bbox 131 235 1132 327">
    <p class='ocr_par' dir='ltr' id='par_1_2' title="bbox 131 235 1132 327">
     <span class='ocr_line' id='line_1_2' title="bbox 131 235 1132 275; baseline -0.007 -1"><span class='ocrx_word' id='word_1_7' title='bbox 131 253 230 275; x_wconf 84' lang='lat' dir='ltr'>mana</span> <span class='ocrx_word' id='word_1_8' title='bbox 252 243 433 273; x_wconf 76' lang='lat' dir='ltr'><strong>autoritate</strong></span> <span class='ocrx_word' id='word_1_9' title='bbox 456 239 581 272; x_wconf 87' lang='lat' dir='ltr'>nullum</span> <span class='ocrx_word' id='word_1_10' title='bbox 606 239 798 271; x_wconf 86' lang='lat' dir='ltr'>mandatum</span> <span class='ocrx_word' id='word_1_11' title='bbox 830 237 1000 269; x_wconf 88' lang='lat' dir='ltr'>secundae</span> <span class='ocrx_word' id='word_1_12' title='bbox 1023 235 1132 268; x_wconf 87' lang='lat' dir='ltr'>Tabu-</span> 
     </span>
     <span class='ocr_line' id='line_1_3' title="bbox 132 284 479 327; baseline -0.009 -9"><span class='ocrx_word' id='word_1_13' title='bbox 132 285 187 318; x_wconf 84' lang='lat' dir='ltr'>lae</span> <span class='ocrx_word' id='word_1_14' title='bbox 210 284 338 317; x_wconf 85' lang='lat' dir='ltr'><strong>aboleri</strong></span> <span class='ocrx_word' id='word_1_15' title='bbox 360 285 479 327; x_wconf 78' lang='lat' dir='ltr'><strong>possit.</strong></span> 
     </span>
    </p>
   </div>
   <div class='ocr_carea' id='block_1_3' title="bbox 132 366 1132 754">
    <p class='ocr_par' dir='ltr' id='par_1_3' title="bbox 132 366 1132 754">
     <span class='ocr_line' id='line_1_4' title="bbox 219 366 1131 410; baseline -0.008 -6"><span class='ocrx_word' id='word_1_16' title='bbox 219 372 282 403; x_wconf 85' lang='lat' dir='ltr'>Est</span> <span class='ocrx_word' id='word_1_17' title='bbox 306 378 338 403; x_wconf 86' lang='lat' dir='ltr'>et</span> <span class='ocrx_word' id='word_1_18' title='bbox 361 370 547 402; x_wconf 74' lang='lat' dir='ltr'>Antithesis</span> <span class='ocrx_word' id='word_1_19' title='bbox 571 368 725 410; x_wconf 83' lang='lat' dir='ltr'>opposita</span> <span class='ocrx_word' id='word_1_20' title='bbox 750 368 855 399; x_wconf 89' lang='lat' dir='ltr'>errori</span> <span class='ocrx_word' id='word_1_21' title='bbox 873 366 1131 409; x_wconf 84' lang='lat' dir='ltr'>Hypocritarum</span> 
     </span>
     <span class='ocr_line' id='line_1_5' title="bbox 135 409 1132 456; baseline -0.008 -8"><span class='ocrx_word' id='word_1_22' title='bbox 135 417 281 448; x_wconf 87' lang='lat' dir='ltr'>omnium</span> <span class='ocrx_word' id='word_1_23' title='bbox 304 421 500 456; x_wconf 85' lang='lat' dir='ltr'>temporum,</span> <span class='ocrx_word' id='word_1_24' title='bbox 535 413 590 455; x_wconf 90' lang='lat' dir='ltr'>qui</span> <span class='ocrx_word' id='word_1_25' title='bbox 613 410 807 454; x_wconf 82' lang='lat' dir='ltr'>praeferunt</span> <span class='ocrx_word' id='word_1_26' title='bbox 834 410 1050 442; x_wconf 83' lang='lat' dir='ltr'>Ceremonias</span> <span class='ocrx_word' id='word_1_27' title='bbox 1085 409 1132 440; x_wconf 90' lang='lat' dir='ltr'>la-</span> 
     </span>
     <span class='ocr_line' id='line_1_6' title="bbox 132 454 1130 493; baseline -0.008 -1"><span class='ocrx_word' id='word_1_28' title='bbox 132 461 271 493; x_wconf 84' lang='lat' dir='ltr'><strong>boribus</strong></span> <span class='ocrx_word' id='word_1_29' title='bbox 297 457 534 489; x_wconf 88' lang='lat' dir='ltr'>Oeconomicis</span> <span class='ocrx_word' id='word_1_30' title='bbox 569 462 601 488; x_wconf 89' lang='lat' dir='ltr'>et</span> <span class='ocrx_word' id='word_1_31' title='bbox 622 454 772 487; x_wconf 76' lang='lat' dir='ltr'>politicis</span> <span class='ocrx_word' id='word_1_32' title='bbox 807 465 827 486; x_wconf 90' lang='lat' dir='ltr'>a</span> <span class='ocrx_word' id='word_1_33' title='bbox 857 454 931 485; x_wconf 86' lang='lat' dir='ltr'>Deo</span> <span class='ocrx_word' id='word_1_34' title='bbox 955 454 1130 491; x_wconf 75' lang='lat' dir='ltr'>mandatis,</span> 
     </span>
     <span class='ocr_line' id='line_1_7' title="bbox 132 497 1132 540; baseline -0.008 -5"><span class='ocrx_word' id='word_1_35' title='bbox 132 509 169 536; x_wconf 91' lang='lat' dir='ltr'>ut</span> <span class='ocrx_word' id='word_1_36' title='bbox 202 502 360 534; x_wconf 74' lang='lat' dir='ltr'>monachi</span> <span class='ocrx_word' id='word_1_37' title='bbox 394 512 476 532; x_wconf 90' lang='lat' dir='ltr'>suos</span> <span class='ocrx_word' id='word_1_38' title='bbox 506 501 589 531; x_wconf 85' lang='lat' dir='ltr'>ritus</span> <span class='ocrx_word' id='word_1_39' title='bbox 617 499 789 537; x_wconf 81' lang='lat' dir='ltr'>nominant</span> <span class='ocrx_word' id='word_1_40' title='bbox 822 497 1076 540; x_wconf 78' lang='lat' dir='ltr'>perfectionem,</span> <span class='ocrx_word' id='word_1_41' title='bbox 1100 502 1132 527; x_wconf 88' lang='lat' dir='ltr'>et</span> 
     </span>
     <span class='ocr_line' id='line_1_8' title="bbox 132 540 1130 588; baseline -0.007 -10"><span class='ocrx_word' id='word_1_42' title='bbox 132 546 235 588; x_wconf 89' lang='lat' dir='ltr'>longe</span> <span class='ocrx_word' id='word_1_43' title='bbox 269 544 458 576; x_wconf 83' lang='lat' dir='ltr'>anteferunt</span> <span class='ocrx_word' id='word_1_44' title='bbox 492 544 581 575; x_wconf 74' lang='lat' dir='ltr'>vitae</span> <span class='ocrx_word' id='word_1_45' title='bbox 612 543 860 574; x_wconf 86' lang='lat' dir='ltr'>Oeconomicae</span> <span class='ocrx_word' id='word_1_46' title='bbox 895 547 926 573; x_wconf 91' lang='lat' dir='ltr'>et</span> <span class='ocrx_word' id='word_1_47' title='bbox 950 540 1130 572; x_wconf 86' lang='lat' dir='ltr'>Politicae:</span> 
     </span>
     <span class='ocr_line' id='line_1_9' title="bbox 133 585 1132 628; baseline -0.007 -7"><span class='ocrx_word' id='word_1_48' title='bbox 133 590 228 622; x_wconf 82' lang='lat' dir='ltr'>Tunc</span> <span class='ocrx_word' id='word_1_49' title='bbox 251 589 348 620; x_wconf 87' lang='lat' dir='ltr'>etiam</span> <span class='ocrx_word' id='word_1_50' title='bbox 372 587 537 619; x_wconf 86' lang='lat' dir='ltr'>sacrificia</span> <span class='ocrx_word' id='word_1_51' title='bbox 559 585 657 619; x_wconf 86' lang='lat' dir='ltr'>valde</span> <span class='ocrx_word' id='word_1_52' title='bbox 681 592 886 628; x_wconf 84' lang='lat' dir='ltr'>quaestuosa</span> <span class='ocrx_word' id='word_1_53' title='bbox 909 590 1022 623; x_wconf 88' lang='lat' dir='ltr'>erant,</span> <span class='ocrx_word' id='word_1_54' title='bbox 1046 585 1132 615; x_wconf 79' lang='lat' dir='ltr'>sicut</span> 
     </span>
     <span class='ocr_line' id='line_1_10' title="bbox 132 627 1132 673; baseline -0.008 -8"><span class='ocrx_word' id='word_1_55' title='bbox 132 634 240 666; x_wconf 86' lang='lat' dir='ltr'>Missa</span> <span class='ocrx_word' id='word_1_56' title='bbox 259 633 347 673; x_wconf 87' lang='lat' dir='ltr'>apud</span> <span class='ocrx_word' id='word_1_57' title='bbox 371 629 596 664; x_wconf 87' lang='lat' dir='ltr'>Sacrificulos.</span> <span class='ocrx_word' id='word_1_58' title='bbox 635 631 711 663; x_wconf 91' lang='lat' dir='ltr'>Ideo</span> <span class='ocrx_word' id='word_1_59' title='bbox 736 629 1005 671; x_wconf 86' lang='lat' dir='ltr'>amplificabatur</span> <span class='ocrx_word' id='word_1_60' title='bbox 1029 627 1132 669; x_wconf 84' lang='lat' dir='ltr'>‹ligni-</span> 
     </span>
     <span class='ocr_line' id='line_1_11' title="bbox 133 671 1132 717; baseline -0.006 -9"><span class='ocrx_word' id='word_1_61' title='bbox 133 683 187 710; x_wconf 88' lang='lat' dir='ltr'>tas</span> <span class='ocrx_word' id='word_1_62' title='bbox 221 675 473 714; x_wconf 87' lang='lat' dir='ltr'>sacrificiorum,</span> <span class='ocrx_word' id='word_1_63' title='bbox 508 685 594 717; x_wconf 90' lang='lat' dir='ltr'>quae</span> <span class='ocrx_word' id='word_1_64' title='bbox 628 673 728 706; x_wconf 89' lang='lat' dir='ltr'>stulte</span> <span class='ocrx_word' id='word_1_65' title='bbox 770 671 1024 705; x_wconf 82' lang='lat' dir='ltr'><strong>cumulabantur</strong></span> <span class='ocrx_word' id='word_1_66' title='bbox 1059 671 1132 702; x_wconf 83' lang='lat' dir='ltr'>sine</span> 
     </span>
     <span class='ocr_line' id='line_1_12' title="bbox 133 720 441 754; baseline -0.01 0"><span class='ocrx_word' id='word_1_67' title='bbox 133 721 292 754; x_wconf 87' lang='lat' dir='ltr'>mandato</span> <span class='ocrx_word' id='word_1_68' title='bbox 318 720 441 751; x_wconf 86' lang='lat' dir='ltr'>divino.</span> 
     </span>
    </p>
   </div>
   <div class='ocr_carea' id='block_1_4' title="bbox 133 800 1138 1283">
    <p class='ocr_par' dir='ltr' id='par_1_4' title="bbox 133 800 1138 1283">
     <span class='ocr_line' id='line_1_13' title="bbox 221 800 1133 848; baseline -0.009 -10"><span class='ocrx_word' id='word_1_69' title='bbox 221 806 322 839; x_wconf 89' lang='lat' dir='ltr'>Tales</span> <span class='ocrx_word' id='word_1_70' title='bbox 346 804 602 848; x_wconf 83' lang='lat' dir='ltr'>superstitiones</span> <span class='ocrx_word' id='word_1_71' title='bbox 615 809 770 836; x_wconf 83' lang='lat' dir='ltr'>taxantur</span> <span class='ocrx_word' id='word_1_72' title='bbox 783 803 871 834; x_wconf 87' lang='lat' dir='ltr'>dicto</span> <span class='ocrx_word' id='word_1_73' title='bbox 886 801 1022 839; x_wconf 80' lang='lat' dir='ltr'>Chm&#39;sti,</span> <span class='ocrx_word' id='word_1_74' title='bbox 1041 800 1133 841; x_wconf 86' lang='lat' dir='ltr'>quod</span> 
     </span>
     <span class='ocr_line' id='line_1_14' title="bbox 135 845 1131 889; baseline -0.009 -6"><span class='ocrx_word' id='word_1_75' title='bbox 135 850 346 883; x_wconf 88' lang='lat' dir='ltr'>dilectionem</span> <span class='ocrx_word' id='word_1_76' title='bbox 370 847 523 887; x_wconf 82' lang='lat' dir='ltr'>antefert,</span> <span class='ocrx_word' id='word_1_77' title='bbox 546 849 634 879; x_wconf 87' lang='lat' dir='ltr'>sicut</span> <span class='ocrx_word' id='word_1_78' title='bbox 657 847 847 889; x_wconf 77' lang='lat' dir='ltr'>Prophetae</span> <span class='ocrx_word' id='word_1_79' title='bbox 872 856 972 886; x_wconf 83' lang='lat' dir='ltr'>saepe</span> <span class='ocrx_word' id='word_1_80' title='bbox 997 845 1131 880; x_wconf 83' lang='lat' dir='ltr'>docent,</span> 
     </span>
     <span class='ocr_line' id='line_1_15' title="bbox 136 887 1132 928; baseline -0.008 -2"><span class='ocrx_word' id='word_1_81' title='bbox 136 895 248 927; x_wconf 88' lang='lat' dir='ltr'>Oseae</span> <span class='ocrx_word' id='word_1_82' title='bbox 270 894 301 925; x_wconf 82' lang='lat'>6.</span> <span class='ocrx_word' id='word_1_83' title='bbox 347 892 611 924; x_wconf 67' lang='lat' dir='ltr'>Misericordiam</span> <span class='ocrx_word' id='word_1_84' title='bbox 636 890 728 928; x_wconf 86' lang='lat' dir='ltr'>volo,</span> <span class='ocrx_word' id='word_1_85' title='bbox 764 901 830 921; x_wconf 91' lang='lat' dir='ltr'>non</span> <span class='ocrx_word' id='word_1_86' title='bbox 854 887 1074 926; x_wconf 82' lang='lat' dir='ltr'>sacrificium,</span> <span class='ocrx_word' id='word_1_87' title='bbox 1099 892 1132 918; x_wconf 90' lang='lat' dir='ltr'>et</span> 
     </span>
     <span class='ocr_line' id='line_1_16' title="bbox 135 930 1132 977; baseline -0.009 -7"><span class='ocrx_word' id='word_1_88' title='bbox 135 938 309 970; x_wconf 83' lang='lat' dir='ltr'>scientiam</span> <span class='ocrx_word' id='word_1_89' title='bbox 331 936 397 968; x_wconf 91' lang='lat' dir='ltr'>Dei</span> <span class='ocrx_word' id='word_1_90' title='bbox 419 934 595 977; x_wconf 78' lang='lat' dir='ltr'>plusquam</span> <span class='ocrx_word' id='word_1_91' title='bbox 626 933 841 971; x_wconf 79' lang='lat' dir='ltr'>holocausta,</span> <span class='ocrx_word' id='word_1_92' title='bbox 864 933 897 964; x_wconf 90' lang='lat' dir='ltr'>id</span> <span class='ocrx_word' id='word_1_93' title='bbox 921 938 983 970; x_wconf 81' lang='lat' dir='ltr'>est,</span> <span class='ocrx_word' id='word_1_94' title='bbox 1001 930 1132 972; x_wconf 88' lang='lat' dir='ltr'>praeci-</span> 
     </span>
     <span class='ocr_line' id='line_1_17' title="bbox 133 975 1134 1024; baseline -0.009 -11"><span class='ocrx_word' id='word_1_95' title='bbox 133 982 190 1024; x_wconf 85' lang='lat' dir='ltr'>pio</span> <span class='ocrx_word' id='word_1_96' title='bbox 214 992 329 1013; x_wconf 90' lang='lat' dir='ltr'>veram</span> <span class='ocrx_word' id='word_1_97' title='bbox 352 980 555 1022; x_wconf 76' lang='lat' dir='ltr'>agnitionem</span> <span class='ocrx_word' id='word_1_98' title='bbox 579 984 611 1009; x_wconf 90' lang='lat' dir='ltr'>et</span> <span class='ocrx_word' id='word_1_99' title='bbox 633 978 878 1009; x_wconf 78' lang='lat' dir='ltr'>invocationem</span> <span class='ocrx_word' id='word_1_100' title='bbox 901 975 977 1013; x_wconf 89' lang='lat' dir='ltr'>Dei,</span> <span class='ocrx_word' id='word_1_101' title='bbox 1003 975 1045 1005; x_wconf 89' lang='lat' dir='ltr'>de</span> <span class='ocrx_word' id='word_1_102' title='bbox 1068 984 1134 1015; x_wconf 88' lang='lat' dir='ltr'>qua</span> 
     </span>
     <span class='ocr_line' id='line_1_18' title="bbox 134 1018 1135 1068; baseline -0.009 -11"><span class='ocrx_word' id='word_1_103' title='bbox 134 1025 242 1068; x_wconf 84' lang='lat' dir='ltr'>prima</span> <span class='ocrx_word' id='word_1_104' title='bbox 265 1022 379 1056; x_wconf 84' lang='lat' dir='ltr'>tabula</span> <span class='ocrx_word' id='word_1_105' title='bbox 396 1021 562 1064; x_wconf 85' lang='lat' dir='ltr'>Deealogi</span> <span class='ocrx_word' id='word_1_106' title='bbox 586 1021 815 1059; x_wconf 86' lang='lat' dir='ltr'>concionatur,</span> <span class='ocrx_word' id='word_1_107' title='bbox 839 1025 871 1051; x_wconf 87' lang='lat' dir='ltr'>et</span> <span class='ocrx_word' id='word_1_108' title='bbox 893 1018 1064 1061; x_wconf 71' lang='lat' dir='ltr'>praecipio</span> <span class='ocrx_word' id='word_1_109' title='bbox 1078 1019 1135 1048; x_wconf 56' lang='lat' dir='ltr'>be⁴</span> 
     </span>
     <span class='ocr_line' id='line_1_19' title="bbox 134 1060 1136 1108; baseline -0.008 -8"><span class='ocrx_word' id='word_1_110' title='bbox 134 1068 344 1101; x_wconf 87' lang='lat' dir='ltr'>neficentiam</span> <span class='ocrx_word' id='word_1_111' title='bbox 379 1077 459 1108; x_wconf 85' lang='lat' dir='ltr'>erga</span> <span class='ocrx_word' id='word_1_112' title='bbox 482 1066 652 1103; x_wconf 79' lang='lat' dir='ltr'>homines,</span> <span class='ocrx_word' id='word_1_113' title='bbox 688 1065 728 1095; x_wconf 88' lang='lat' dir='ltr'>de</span> <span class='ocrx_word' id='word_1_114' title='bbox 753 1075 818 1105; x_wconf 90' lang='lat' dir='ltr'>qua</span> <span class='ocrx_word' id='word_1_115' title='bbox 846 1063 997 1094; x_wconf 82' lang='lat' dir='ltr'>secunda</span> <span class='ocrx_word' id='word_1_116' title='bbox 1020 1060 1136 1092; x_wconf 84' lang='lat' dir='ltr'>tabula</span> 
     </span>
     <span class='ocr_line' id='line_1_20' title="bbox 135 1106 1135 1154; baseline -0.01 -10"><span class='ocrx_word' id='word_1_117' title='bbox 135 1111 293 1154; x_wconf 89' lang='lat' dir='ltr'>loquitur,</span> <span class='ocrx_word' id='word_1_118' title='bbox 326 1110 368 1142; x_wconf 90' lang='lat' dir='ltr'>Et</span> <span class='ocrx_word' id='word_1_119' title='bbox 402 1108 602 1141; x_wconf 84' lang='lat' dir='ltr'>Ecclesiast.</span> <span class='ocrx_word' id='word_1_120' title='bbox 637 1108 670 1140; x_wconf 84' lang='lat'>4.</span> <span class='ocrx_word' id='word_1_121' title='bbox 714 1106 855 1139; x_wconf 78' lang='lat' dir='ltr'>Custodi</span> <span class='ocrx_word' id='word_1_122' title='bbox 889 1106 1009 1147; x_wconf 89' lang='lat' dir='ltr'>pedem</span> <span class='ocrx_word' id='word_1_123' title='bbox 1032 1110 1135 1142; x_wconf 89' lang='lat' dir='ltr'>tuum,</span> 
     </span>
     <span class='ocr_line' id='line_1_21' title="bbox 137 1150 1137 1192; baseline -0.008 -5"><span class='ocrx_word' id='word_1_124' title='bbox 137 1167 213 1189; x_wconf 90' lang='lat' dir='ltr'>cum</span> <span class='ocrx_word' id='word_1_125' title='bbox 237 1155 371 1186; x_wconf 89' lang='lat' dir='ltr'>accedis</span> <span class='ocrx_word' id='word_1_126' title='bbox 393 1154 435 1185; x_wconf 89' lang='lat' dir='ltr'>ad</span> <span class='ocrx_word' id='word_1_127' title='bbox 459 1153 593 1185; x_wconf 89' lang='lat' dir='ltr'>domum</span> <span class='ocrx_word' id='word_1_128' title='bbox 609 1150 686 1190; x_wconf 89' lang='lat' dir='ltr'>Dei,</span> <span class='ocrx_word' id='word_1_129' title='bbox 711 1157 744 1182; x_wconf 91' lang='lat' dir='ltr'>et</span> <span class='ocrx_word' id='word_1_130' title='bbox 768 1151 1009 1192; x_wconf 85' lang='lat' dir='ltr'>appropinqua,</span> <span class='ocrx_word' id='word_1_131' title='bbox 1032 1154 1068 1180; x_wconf 86' lang='lat' dir='ltr'>ut</span> <span class='ocrx_word' id='word_1_132' title='bbox 1080 1158 1137 1179; x_wconf 89' lang='lat' dir='ltr'>au-</span> 
     </span>
     <span class='ocr_line' id='line_1_22' title="bbox 137 1191 1138 1240; baseline -0.009 -9"><span class='ocrx_word' id='word_1_133' title='bbox 137 1200 210 1232; x_wconf 91' lang='lat' dir='ltr'>dias</span> <span class='ocrx_word' id='word_1_134' title='bbox 233 1199 344 1240; x_wconf 86' lang='lat' dir='ltr'>potius</span> <span class='ocrx_word' id='word_1_135' title='bbox 368 1208 466 1239; x_wconf 90' lang='lat' dir='ltr'>quam</span> <span class='ocrx_word' id='word_1_136' title='bbox 489 1202 526 1228; x_wconf 90' lang='lat' dir='ltr'>ut</span> <span class='ocrx_word' id='word_1_137' title='bbox 549 1195 671 1227; x_wconf 80' lang='lat' dir='ltr'>offeras</span> <span class='ocrx_word' id='word_1_138' title='bbox 695 1195 848 1226; x_wconf 87' lang='lat' dir='ltr'>victimas</span> <span class='ocrx_word' id='word_1_139' title='bbox 872 1192 1062 1230; x_wconf 89' lang='lat' dir='ltr'>stultorum,</span> <span class='ocrx_word' id='word_1_140' title='bbox 1082 1191 1138 1233; x_wconf 87' lang='lat' dir='ltr'>qui</span> 
     </span>
     <span class='ocr_line' id='line_1_23' title="bbox 137 1237 742 1283; baseline -0.008 -9"><span class='ocrx_word' id='word_1_141' title='bbox 137 1243 302 1281; x_wconf 88' lang='lat' dir='ltr'>nesciunt,</span> <span class='ocrx_word' id='word_1_142' title='bbox 326 1247 485 1283; x_wconf 86' lang='lat' dir='ltr'>quantum</span> <span class='ocrx_word' id='word_1_143' title='bbox 507 1238 633 1271; x_wconf 86' lang='lat' dir='ltr'>faciant</span> <span class='ocrx_word' id='word_1_144' title='bbox 655 1237 742 1270; x_wconf 88' lang='lat' dir='ltr'>mali.</span> 
     </span>
    </p>
   </div>
   <div class='ocr_carea' id='block_1_5' title="bbox 137 1321 1142 1714">
    <p class='ocr_par' dir='ltr' id='par_1_5' title="bbox 137 1321 1142 1714">
     <span class='ocr_line' id='line_1_24' title="bbox 224 1321 1138 1366; baseline -0.009 -6"><span class='ocrx_word' id='word_1_145' title='bbox 224 1328 279 1360; x_wconf 84' lang='lat' dir='ltr'>Ad</span> <span class='ocrx_word' id='word_1_146' title='bbox 301 1327 387 1359; x_wconf 86' lang='lat' dir='ltr'>haec</span> <span class='ocrx_word' id='word_1_147' title='bbox 409 1327 600 1359; x_wconf 86' lang='lat' dir='ltr'>testimonia</span> <span class='ocrx_word' id='word_1_148' title='bbox 622 1326 846 1366; x_wconf 86' lang='lat' dir='ltr'>adiungantur</span> <span class='ocrx_word' id='word_1_149' title='bbox 868 1322 934 1355; x_wconf 86' lang='lat' dir='ltr'>alia</span> <span class='ocrx_word' id='word_1_150' title='bbox 964 1321 1083 1353; x_wconf 85' lang='lat' dir='ltr'>similia</span> <span class='ocrx_word' id='word_1_151' title='bbox 1105 1322 1138 1352; x_wconf 92' lang='lat' dir='ltr'>in</span> 
     </span>
     <span class='ocr_line' id='line_1_25' title="bbox 139 1364 1139 1412; baseline -0.01 -7"><span class='ocrx_word' id='word_1_152' title='bbox 139 1372 358 1405; x_wconf 86' lang='lat' dir='ltr'>concionibus</span> <span class='ocrx_word' id='word_1_153' title='bbox 382 1369 637 1412; x_wconf 85' lang='lat' dir='ltr'>Prophetarum.</span> <span class='ocrx_word' id='word_1_154' title='bbox 683 1367 874 1400; x_wconf 70' lang='lat' dir='ltr'>illustratur</span> <span class='ocrx_word' id='word_1_155' title='bbox 898 1367 1020 1398; x_wconf 89' lang='lat' dir='ltr'>dictum</span> <span class='ocrx_word' id='word_1_156' title='bbox 1045 1364 1139 1397; x_wconf 90' lang='lat' dir='ltr'>Chri-</span> 
     </span>
     <span class='ocr_line' id='line_1_26' title="bbox 139 1409 1140 1448; baseline -0.01 0"><span class='ocrx_word' id='word_1_157' title='bbox 139 1417 182 1448; x_wconf 86' lang='lat' dir='ltr'>sti</span> <span class='ocrx_word' id='word_1_158' title='bbox 217 1421 251 1448; x_wconf 89' lang='lat' dir='ltr'>et</span> <span class='ocrx_word' id='word_1_159' title='bbox 283 1416 348 1447; x_wconf 91' lang='lat' dir='ltr'>hac</span> <span class='ocrx_word' id='word_1_160' title='bbox 371 1414 571 1446; x_wconf 84' lang='lat' dir='ltr'>differentia:</span> <span class='ocrx_word' id='word_1_161' title='bbox 618 1412 835 1444; x_wconf 87' lang='lat' dir='ltr'>Ceremoniae</span> <span class='ocrx_word' id='word_1_162' title='bbox 858 1411 958 1442; x_wconf 82' lang='lat' dir='ltr'>etiam</span> <span class='ocrx_word' id='word_1_163' title='bbox 982 1409 1140 1441; x_wconf 89' lang='lat' dir='ltr'>divinitus</span> 
     </span>
     <span class='ocr_line' id='line_1_27' title="bbox 137 1451 1139 1496; baseline -0.009 -4"><span class='ocrx_word' id='word_1_164' title='bbox 137 1460 280 1492; x_wconf 84' lang='lat' dir='ltr'>traditae</span> <span class='ocrx_word' id='word_1_165' title='bbox 293 1459 326 1490; x_wconf 91' lang='lat' dir='ltr'>in</span> <span class='ocrx_word' id='word_1_166' title='bbox 347 1468 429 1490; x_wconf 87' lang='lat' dir='ltr'>casu</span> <span class='ocrx_word' id='word_1_167' title='bbox 452 1457 664 1489; x_wconf 72' lang='lat' dir='ltr'>necessitatis</span> <span class='ocrx_word' id='word_1_168' title='bbox 690 1456 794 1487; x_wconf 86' lang='lat' dir='ltr'>omitti</span> <span class='ocrx_word' id='word_1_169' title='bbox 818 1459 980 1496; x_wconf 77' lang='lat' dir='ltr'>possunt,</span> <span class='ocrx_word' id='word_1_170' title='bbox 1012 1458 1048 1484; x_wconf 91' lang='lat' dir='ltr'>ut</span> <span class='ocrx_word' id='word_1_171' title='bbox 1070 1451 1139 1483; x_wconf 88' lang='lat' dir='ltr'>Da-</span> 
     </span>
     <span class='ocr_line' id='line_1_28' title="bbox 139 1495 1140 1543; baseline -0.011 -7"><span class='ocrx_word' id='word_1_172' title='bbox 139 1504 196 1536; x_wconf 89' lang='lat' dir='ltr'>vid</span> <span class='ocrx_word' id='word_1_173' title='bbox 221 1503 367 1535; x_wconf 86' lang='lat' dir='ltr'>comedit</span> <span class='ocrx_word' id='word_1_174' title='bbox 390 1511 495 1543; x_wconf 86' lang='lat' dir='ltr'>panes</span> <span class='ocrx_word' id='word_1_175' title='bbox 518 1499 782 1541; x_wconf 64' lang='lat' dir='ltr'>propositionis,</span> <span class='ocrx_word' id='word_1_176' title='bbox 817 1499 879 1529; x_wconf 84' lang='lat' dir='ltr'>sed</span> <span class='ocrx_word' id='word_1_177' title='bbox 909 1495 1048 1528; x_wconf 85' lang='lat' dir='ltr'>moralia</span> <span class='ocrx_word' id='word_1_178' title='bbox 1072 1505 1140 1527; x_wconf 88' lang='lat' dir='ltr'>non</span> 
     </span>
     <span class='ocr_line' id='line_1_29' title="bbox 138 1539 1141 1586; baseline -0.01 -7"><span class='ocrx_word' id='word_1_179' title='bbox 138 1547 264 1579; x_wconf 87' lang='lat' dir='ltr'>habent</span> <span class='ocrx_word' id='word_1_180' title='bbox 287 1545 388 1577; x_wconf 83' lang='lat' dir='ltr'>talem</span> <span class='ocrx_word' id='word_1_181' title='bbox 412 1545 654 1586; x_wconf 73' lang='lat' dir='ltr'>exceptionem,</span> <span class='ocrx_word' id='word_1_182' title='bbox 680 1549 712 1574; x_wconf 81' lang='lat' dir='ltr'>et</span> <span class='ocrx_word' id='word_1_183' title='bbox 736 1553 868 1583; x_wconf 77' lang='lat' dir='ltr'>semper</span> <span class='ocrx_word' id='word_1_184' title='bbox 892 1542 933 1573; x_wconf 85' lang='lat' dir='ltr'>de</span> <span class='ocrx_word' id='word_1_185' title='bbox 956 1539 1009 1571; x_wconf 87' lang='lat' dir='ltr'>his</span> <span class='ocrx_word' id='word_1_186' title='bbox 1026 1544 1141 1571; x_wconf 84' lang='lat' dir='ltr'>tenen·</span> 
     </span>
     <span class='ocr_line' id='line_1_30' title="bbox 141 1583 1141 1632; baseline -0.01 -9"><span class='ocrx_word' id='word_1_187' title='bbox 141 1591 184 1623; x_wconf 85' lang='lat' dir='ltr'>da</span> <span class='ocrx_word' id='word_1_188' title='bbox 202 1596 254 1622; x_wconf 91' lang='lat' dir='ltr'>est</span> <span class='ocrx_word' id='word_1_189' title='bbox 277 1588 413 1632; x_wconf 85' lang='lat' dir='ltr'>regula:</span> <span class='ocrx_word' id='word_1_190' title='bbox 436 1588 512 1619; x_wconf 89' lang='lat' dir='ltr'>Non</span> <span class='ocrx_word' id='word_1_191' title='bbox 537 1593 613 1619; x_wconf 88' lang='lat' dir='ltr'>sunt</span> <span class='ocrx_word' id='word_1_192' title='bbox 637 1586 792 1618; x_wconf 85' lang='lat' dir='ltr'>facienda</span> <span class='ocrx_word' id='word_1_193' title='bbox 816 1583 913 1623; x_wconf 88' lang='lat' dir='ltr'>mala,</span> <span class='ocrx_word' id='word_1_194' title='bbox 937 1589 972 1615; x_wconf 92' lang='lat' dir='ltr'>ut</span> <span class='ocrx_word' id='word_1_195' title='bbox 983 1583 1141 1615; x_wconf 82' lang='lat' dir='ltr'>eveniant</span> 
     </span>
     <span class='ocr_line' id='line_1_31' title="bbox 140 1628 1142 1675; baseline -0.009 -9"><span class='ocrx_word' id='word_1_196' title='bbox 140 1635 242 1672; x_wconf 82' lang='lat' dir='ltr'>bona,</span> <span class='ocrx_word' id='word_1_197' title='bbox 267 1634 344 1675; x_wconf 85' lang='lat' dir='ltr'>quia</span> <span class='ocrx_word' id='word_1_198' title='bbox 367 1631 463 1664; x_wconf 91' lang='lat' dir='ltr'>Deus</span> <span class='ocrx_word' id='word_1_199' title='bbox 486 1629 733 1663; x_wconf 86' lang='lat' dir='ltr'>immutabiliter</span> <span class='ocrx_word' id='word_1_200' title='bbox 756 1628 905 1671; x_wconf 87' lang='lat' dir='ltr'>postulat</span> <span class='ocrx_word' id='word_1_201' title='bbox 927 1628 959 1659; x_wconf 92' lang='lat' dir='ltr'>in</span> <span class='ocrx_word' id='word_1_202' title='bbox 983 1632 1093 1658; x_wconf 90' lang='lat' dir='ltr'>mente</span> <span class='ocrx_word' id='word_1_203' title='bbox 1110 1631 1142 1657; x_wconf 92' lang='lat' dir='ltr'>et</span> 
     </span>
     <span class='ocr_line' id='line_1_32' title="bbox 141 1673 907 1714; baseline -0.008 -5"><span class='ocrx_word' id='word_1_204' title='bbox 141 1679 245 1711; x_wconf 88' lang='lat' dir='ltr'>corde</span> <span class='ocrx_word' id='word_1_205' title='bbox 267 1676 409 1708; x_wconf 81' lang='lat' dir='ltr'>hominis</span> <span class='ocrx_word' id='word_1_206' title='bbox 435 1674 701 1708; x_wconf 85' lang='lat' dir='ltr'>conformitatem</span> <span class='ocrx_word' id='word_1_207' title='bbox 725 1684 800 1705; x_wconf 89' lang='lat' dir='ltr'>cum</span> <span class='ocrx_word' id='word_1_208' title='bbox 823 1673 907 1714; x_wconf 80' lang='lat' dir='ltr'>ipso.</span> 
     </span>
    </p>
   </div>
   <div class='ocr_carea' id='block_1_6' title="bbox 144 1756 1144 2155">
    <p class='ocr_par' dir='ltr' id='par_1_6' title="bbox 144 1756 1144 2155">
     <span class='ocr_line' id='line_1_33' title="bbox 229 1756 1141 1796; baseline -0.01 0"><span class='ocrx_word' id='word_1_209' title='bbox 229 1764 438 1796; x_wconf 90' lang='lat' dir='ltr'>Discendum</span> <span class='ocrx_word' id='word_1_210' title='bbox 472 1768 505 1794; x_wconf 90' lang='lat' dir='ltr'>et</span> <span class='ocrx_word' id='word_1_211' title='bbox 537 1760 604 1793; x_wconf 85' lang='lat' dir='ltr'>hoc</span> <span class='ocrx_word' id='word_1_212' title='bbox 638 1766 690 1792; x_wconf 86' lang='lat' dir='ltr'>est</span> <span class='ocrx_word' id='word_1_213' title='bbox 723 1771 764 1791; x_wconf 82' lang='lat' dir='ltr'>ex</span> <span class='ocrx_word' id='word_1_214' title='bbox 798 1758 856 1790; x_wconf 89' lang='lat' dir='ltr'>illo</span> <span class='ocrx_word' id='word_1_215' title='bbox 893 1759 981 1790; x_wconf 90' lang='lat' dir='ltr'>dicto</span> <span class='ocrx_word' id='word_1_216' title='bbox 1006 1756 1141 1795; x_wconf 82' lang='lat' dir='ltr'>Christi,</span> 
     </span>
     <span class='ocr_line' id='line_1_34' title="bbox 144 1799 1143 1852; baseline -0.011 -11"><span class='ocrx_word' id='word_1_217' title='bbox 144 1809 235 1852; x_wconf 89' lang='lat' dir='ltr'>quod</span> <span class='ocrx_word' id='word_1_218' title='bbox 258 1807 371 1839; x_wconf 87' lang='lat' dir='ltr'>officia</span> <span class='ocrx_word' id='word_1_219' title='bbox 395 1805 622 1838; x_wconf 84' lang='lat' dir='ltr'>Oeconomica</span> <span class='ocrx_word' id='word_1_220' title='bbox 646 1810 679 1836; x_wconf 88' lang='lat' dir='ltr'>et</span> <span class='ocrx_word' id='word_1_221' title='bbox 708 1801 850 1835; x_wconf 82' lang='lat' dir='ltr'>Politica</span> <span class='ocrx_word' id='word_1_222' title='bbox 881 1812 961 1833; x_wconf 84' lang='lat' dir='ltr'>vere</span> <span class='ocrx_word' id='word_1_223' title='bbox 985 1802 1052 1832; x_wconf 89' lang='lat' dir='ltr'>sint</span> <span class='ocrx_word' id='word_1_224' title='bbox 1075 1799 1143 1831; x_wconf 93' lang='lat' dir='ltr'>cul-</span> 
     </span>
     <span class='ocr_line' id='line_1_35' title="bbox 144 1843 1143 1892; baseline -0.009 -8"><span class='ocrx_word' id='word_1_225' title='bbox 144 1859 198 1885; x_wconf 90' lang='lat' dir='ltr'>tus</span> <span class='ocrx_word' id='word_1_226' title='bbox 217 1851 299 1890; x_wconf 87' lang='lat' dir='ltr'>Dei,</span> <span class='ocrx_word' id='word_1_227' title='bbox 327 1852 362 1882; x_wconf 89' lang='lat' dir='ltr'>in</span> <span class='ocrx_word' id='word_1_228' title='bbox 384 1849 436 1881; x_wconf 89' lang='lat' dir='ltr'>his</span> <span class='ocrx_word' id='word_1_229' title='bbox 471 1850 527 1892; x_wconf 90' lang='lat' dir='ltr'>qui</span> <span class='ocrx_word' id='word_1_230' title='bbox 551 1849 616 1879; x_wconf 82' lang='lat' dir='ltr'>fide</span> <span class='ocrx_word' id='word_1_231' title='bbox 646 1845 852 1879; x_wconf 79' lang='lat' dir='ltr'>reconciliati</span> <span class='ocrx_word' id='word_1_232' title='bbox 877 1850 968 1880; x_wconf 89' lang='lat' dir='ltr'>sunt,</span> <span class='ocrx_word' id='word_1_233' title='bbox 1004 1850 1036 1876; x_wconf 88' lang='lat' dir='ltr'>et</span> <span class='ocrx_word' id='word_1_234' title='bbox 1058 1843 1143 1875; x_wconf 82' lang='lat' dir='ltr'>refe-</span> 
     </span>
     <span class='ocr_line' id='line_1_36' title="bbox 144 1889 1143 1937; baseline -0.01 -9"><span class='ocrx_word' id='word_1_235' title='bbox 144 1902 222 1928; x_wconf 87' lang='lat' dir='ltr'>runt</span> <span class='ocrx_word' id='word_1_236' title='bbox 255 1895 341 1926; x_wconf 87' lang='lat' dir='ltr'>haec</span> <span class='ocrx_word' id='word_1_237' title='bbox 377 1904 479 1937; x_wconf 88' lang='lat' dir='ltr'>opera</span> <span class='ocrx_word' id='word_1_238' title='bbox 502 1893 544 1924; x_wconf 87' lang='lat' dir='ltr'>ad</span> <span class='ocrx_word' id='word_1_239' title='bbox 569 1892 714 1923; x_wconf 86' lang='lat' dir='ltr'>debitum</span> <span class='ocrx_word' id='word_1_240' title='bbox 738 1891 848 1929; x_wconf 87' lang='lat' dir='ltr'>finem,</span> <span class='ocrx_word' id='word_1_241' title='bbox 884 1889 914 1920; x_wconf 92' lang='lat' dir='ltr'>id</span> <span class='ocrx_word' id='word_1_242' title='bbox 939 1894 1003 1927; x_wconf 86' lang='lat' dir='ltr'>est,</span> <span class='ocrx_word' id='word_1_243' title='bbox 1036 1894 1071 1919; x_wconf 90' lang='lat' dir='ltr'>ut</span> <span class='ocrx_word' id='word_1_244' title='bbox 1096 1893 1143 1918; x_wconf 87' lang='lat' dir='ltr'>te-</span> 
     </span>
     <span class='ocr_line' id='line_1_37' title="bbox 145 1930 1144 1979; baseline -0.01 -8"><span class='ocrx_word' id='word_1_245' title='bbox 145 1946 274 1971; x_wconf 87' lang='lat' dir='ltr'>stentur</span> <span class='ocrx_word' id='word_1_246' title='bbox 293 1948 337 1971; x_wconf 79' lang='lat' dir='ltr'>eo</span> <span class='ocrx_word' id='word_1_247' title='bbox 361 1948 464 1979; x_wconf 87' lang='lat' dir='ltr'>opere</span> <span class='ocrx_word' id='word_1_248' title='bbox 485 1936 575 1968; x_wconf 90' lang='lat' dir='ltr'>hunc</span> <span class='ocrx_word' id='word_1_249' title='bbox 594 1946 670 1967; x_wconf 79' lang='lat' dir='ltr'>esse</span> <span class='ocrx_word' id='word_1_250' title='bbox 692 1934 819 1971; x_wconf 88' lang='lat' dir='ltr'>Deum,</span> <span class='ocrx_word' id='word_1_251' title='bbox 843 1943 941 1975; x_wconf 82' lang='lat' dir='ltr'>quein</span> <span class='ocrx_word' id='word_1_252' title='bbox 966 1930 1090 1969; x_wconf 74' lang='lat' dir='ltr'>colunt,</span> <span class='ocrx_word' id='word_1_253' title='bbox 1111 1936 1144 1961; x_wconf 84' lang='lat' dir='ltr'>et</span> 
     </span>
     <span class='ocr_line' id='line_1_38' title="bbox 144 1975 1143 2019; baseline -0.011 -4"><span class='ocrx_word' id='word_1_254' title='bbox 144 1983 256 2015; x_wconf 86' lang='lat' dir='ltr'>Deum</span> <span class='ocrx_word' id='word_1_255' title='bbox 289 1980 379 2014; x_wconf 88' lang='lat' dir='ltr'>velle</span> <span class='ocrx_word' id='word_1_256' title='bbox 402 1982 453 2012; x_wconf 87' lang='lat' dir='ltr'>sic</span> <span class='ocrx_word' id='word_1_257' title='bbox 477 1979 558 2019; x_wconf 88' lang='lat' dir='ltr'>coli,</span> <span class='ocrx_word' id='word_1_258' title='bbox 589 1985 622 2011; x_wconf 85' lang='lat' dir='ltr'>et</span> <span class='ocrx_word' id='word_1_259' title='bbox 644 1978 711 2010; x_wconf 88' lang='lat' dir='ltr'>hac</span> <span class='ocrx_word' id='word_1_260' title='bbox 735 1977 927 2008; x_wconf 78' lang='lat' dir='ltr'>obedientia</span> <span class='ocrx_word' id='word_1_261' title='bbox 950 1975 1025 2007; x_wconf 92' lang='lat' dir='ltr'>Deo</span> <span class='ocrx_word' id='word_1_262' title='bbox 1048 1984 1143 2016; x_wconf 66' lang='lat' dir='ltr'>prae-</span> 
     </span>
     <span class='ocr_line' id='line_1_39' title="bbox 147 2017 1143 2058; baseline -0.01 0"><span class='ocrx_word' id='word_1_263' title='bbox 147 2032 235 2058; x_wconf 84' lang='lat' dir='ltr'>stent</span> <span class='ocrx_word' id='word_1_264' title='bbox 259 2026 405 2057; x_wconf 87' lang='lat' dir='ltr'>debitum</span> <span class='ocrx_word' id='word_1_265' title='bbox 426 2024 612 2055; x_wconf 84' lang='lat' dir='ltr'>honorem:</span> <span class='ocrx_word' id='word_1_266' title='bbox 637 2023 723 2053; x_wconf 85' lang='lat' dir='ltr'>sicut</span> <span class='ocrx_word' id='word_1_267' title='bbox 748 2019 856 2052; x_wconf 86' lang='lat' dir='ltr'>cultus</span> <span class='ocrx_word' id='word_1_268' title='bbox 880 2019 945 2051; x_wconf 90' lang='lat' dir='ltr'>Dei</span> <span class='ocrx_word' id='word_1_269' title='bbox 969 2024 1021 2050; x_wconf 87' lang='lat' dir='ltr'>est</span> <span class='ocrx_word' id='word_1_270' title='bbox 1045 2017 1143 2050; x_wconf 89' lang='lat' dir='ltr'>casti-</span> 
     </span>
     <span class='ocr_line' id='line_1_40' title="bbox 146 2059 1144 2111; baseline -0.01 -10"><span class='ocrx_word' id='word_1_271' title='bbox 146 2075 199 2101; x_wconf 83' lang='lat' dir='ltr'>tas</span> <span class='ocrx_word' id='word_1_272' title='bbox 222 2069 355 2111; x_wconf 88' lang='lat' dir='ltr'>Ioseph.</span> <span class='ocrx_word' id='word_1_273' title='bbox 401 2068 493 2107; x_wconf 88' lang='lat' dir='ltr'>Item,</span> <span class='ocrx_word' id='word_1_274' title='bbox 516 2066 634 2099; x_wconf 83' lang='lat' dir='ltr'>Militia</span> <span class='ocrx_word' id='word_1_275' title='bbox 657 2065 808 2097; x_wconf 74' lang='lat' dir='ltr'>Davidis.</span> <span class='ocrx_word' id='word_1_276' title='bbox 840 2066 927 2102; x_wconf 87' lang='lat' dir='ltr'>Item,</span> <span class='ocrx_word' id='word_1_277' title='bbox 953 2062 1072 2094; x_wconf 89' lang='lat' dir='ltr'>Omnia</span> <span class='ocrx_word' id='word_1_278' title='bbox 1096 2059 1144 2092; x_wconf 90' lang='lat' dir='ltr'>of-</span> 
     </span>
     <span class='ocr_line' id='line_1_41' title="bbox 147 2107 845 2155; baseline -0.01 -10"><span class='ocrx_word' id='word_1_279' title='bbox 147 2112 224 2145; x_wconf 89' lang='lat' dir='ltr'>ficia</span> <span class='ocrx_word' id='word_1_280' title='bbox 247 2110 495 2155; x_wconf 80' lang='lat' dir='ltr'>patrisfamilias</span> <span class='ocrx_word' id='word_1_281' title='bbox 520 2117 553 2143; x_wconf 89' lang='lat' dir='ltr'>et</span> <span class='ocrx_word' id='word_1_282' title='bbox 575 2107 845 2142; x_wconf 71' lang='lat' dir='ltr'>matrisfamilias.</span> 
     </span>
    </p>
   </div>
   <div class='ocr_carea' id='block_1_7' title="bbox 312 2276 973 2321">
    <p class='ocr_par' dir='ltr' id='par_1_7' title="bbox 312 2276 973 2321">
     <span class='ocr_line' id='line_1_42' title="bbox 312 2276 973 2321; baseline -0.009 0"><span class='ocrx_word' id='word_1_283' title='bbox 312 2279 482 2321; x_wconf 83' lang='lat' dir='ltr'>Honora</span> <span class='ocrx_word' id='word_1_284' title='bbox 513 2278 680 2319; x_wconf 79' lang='lat' dir='ltr'>Patrem</span> <span class='ocrx_word' id='word_1_285' title='bbox 712 2282 754 2317; x_wconf 68' lang='lat' dir='ltr'>etz</span> <span class='ocrx_word' id='word_1_286' title='bbox 786 2276 973 2317; x_wconf 75' lang='lat' dir='ltr'>Matrem.</span> 
     </span>
    </p>
   </div>
   <div class='ocr_carea' id='block_1_8' title="bbox 151 2407 1150 2673">
    <p class='ocr_par' dir='ltr' id='par_1_8' title="bbox 151 2407 1150 2673">
     <span class='ocr_line' id='line_1_43' title="bbox 195 2407 1147 2455; baseline -0.008 -8"><span class='ocrx_word' id='word_1_287' title='bbox 195 2415 265 2447; x_wconf 86' lang='lat' dir='ltr'>Lex</span> <span class='ocrx_word' id='word_1_288' title='bbox 277 2414 416 2447; x_wconf 89' lang='lat' dir='ltr'>Moralis</span> <span class='ocrx_word' id='word_1_289' title='bbox 430 2420 482 2446; x_wconf 89' lang='lat' dir='ltr'>est</span> <span class='ocrx_word' id='word_1_290' title='bbox 499 2414 665 2455; x_wconf 84' lang='lat' dir='ltr'>sapientia</span> <span class='ocrx_word' id='word_1_291' title='bbox 683 2418 715 2445; x_wconf 92' lang='lat' dir='ltr'>et</span> <span class='ocrx_word' id='word_1_292' title='bbox 727 2422 843 2443; x_wconf 86' lang='lat' dir='ltr'>norma</span> <span class='ocrx_word' id='word_1_293' title='bbox 855 2411 1001 2443; x_wconf 84' lang='lat' dir='ltr'>iustitiae</span> <span class='ocrx_word' id='word_1_294' title='bbox 1014 2410 1046 2440; x_wconf 89' lang='lat' dir='ltr'>in</span> <span class='ocrx_word' id='word_1_295' title='bbox 1059 2407 1147 2447; x_wconf 88' lang='lat' dir='ltr'>Deo,</span> 
     </span>
     <span class='ocr_line' id='line_1_44' title="bbox 151 2452 1147 2502; baseline -0.01 -10"><span class='ocrx_word' id='word_1_296' title='bbox 151 2459 321 2502; x_wconf 83' lang='lat' dir='ltr'>patefacta</span> <span class='ocrx_word' id='word_1_297' title='bbox 345 2465 519 2492; x_wconf 81' lang='lat' dir='ltr'>creaturae</span> <span class='ocrx_word' id='word_1_298' title='bbox 541 2456 693 2489; x_wconf 89' lang='lat' dir='ltr'>rationali</span> <span class='ocrx_word' id='word_1_299' title='bbox 712 2462 775 2488; x_wconf 91' lang='lat' dir='ltr'>etc.</span> <span class='ocrx_word' id='word_1_300' title='bbox 810 2455 870 2487; x_wconf 75' lang='lat' dir='ltr'>Est</span> <span class='ocrx_word' id='word_1_301' title='bbox 887 2461 1000 2487; x_wconf 89' lang='lat' dir='ltr'>autem</span> <span class='ocrx_word' id='word_1_302' title='bbox 1022 2452 1147 2495; x_wconf 83' lang='lat' dir='ltr'>primus</span> 
     </span>
     <span class='ocr_line' id='line_1_45' title="bbox 153 2495 1146 2546; baseline -0.008 -12"><span class='ocrx_word' id='word_1_303' title='bbox 153 2505 279 2546; x_wconf 82' lang='lat' dir='ltr'>gradus</span> <span class='ocrx_word' id='word_1_304' title='bbox 309 2503 493 2545; x_wconf 86' lang='lat' dir='ltr'>sapientiae</span> <span class='ocrx_word' id='word_1_305' title='bbox 515 2512 596 2534; x_wconf 87' lang='lat' dir='ltr'>vera</span> <span class='ocrx_word' id='word_1_306' title='bbox 618 2500 684 2532; x_wconf 84' lang='lat' dir='ltr'>Dei</span> <span class='ocrx_word' id='word_1_307' title='bbox 706 2499 850 2543; x_wconf 84' lang='lat' dir='ltr'>agnitiO,</span> <span class='ocrx_word' id='word_1_308' title='bbox 886 2505 920 2530; x_wconf 81' lang='lat' dir='ltr'>et</span> <span class='ocrx_word' id='word_1_309' title='bbox 942 2504 979 2530; x_wconf 83' lang='lat' dir='ltr'>ut</span> <span class='ocrx_word' id='word_1_310' title='bbox 1001 2495 1146 2528; x_wconf 80' lang='lat' dir='ltr'>vivificet</span> 
     </span>
     <span class='ocr_line' id='line_1_46' title="bbox 152 2540 1149 2584; baseline -0.01 -5"><span class='ocrx_word' id='word_1_311' title='bbox 152 2547 248 2580; x_wconf 82' lang='lat' dir='ltr'>Deus</span> <span class='ocrx_word' id='word_1_312' title='bbox 284 2553 471 2579; x_wconf 85' lang='lat' dir='ltr'>creaturam</span> <span class='ocrx_word' id='word_1_313' title='bbox 504 2543 717 2584; x_wconf 85' lang='lat' dir='ltr'>rationalem,</span> <span class='ocrx_word' id='word_1_314' title='bbox 749 2542 820 2575; x_wconf 82' lang='lat' dir='ltr'>vult</span> <span class='ocrx_word' id='word_1_315' title='bbox 843 2543 876 2573; x_wconf 93' lang='lat' dir='ltr'>in</span> <span class='ocrx_word' id='word_1_316' title='bbox 900 2553 941 2575; x_wconf 84' lang='lat' dir='ltr'>ea</span> <span class='ocrx_word' id='word_1_317' title='bbox 963 2540 1090 2577; x_wconf 87' lang='lat' dir='ltr'>lucere,</span> <span class='ocrx_word' id='word_1_318' title='bbox 1115 2545 1149 2570; x_wconf 87' lang='lat' dir='ltr'>et</span> 
     </span>
     <span class='ocr_line' id='line_1_47' title="bbox 153 2581 1148 2628; baseline -0.009 -6"><span class='ocrx_word' id='word_1_319' title='bbox 153 2591 204 2623; x_wconf 85' lang='lat' dir='ltr'>sic</span> <span class='ocrx_word' id='word_1_320' title='bbox 236 2588 293 2622; x_wconf 90' lang='lat' dir='ltr'>illa</span> <span class='ocrx_word' id='word_1_321' title='bbox 326 2590 363 2622; x_wconf 86' lang='lat' dir='ltr'>fit</span> <span class='ocrx_word' id='word_1_322' title='bbox 396 2601 496 2622; x_wconf 86' lang='lat' dir='ltr'>unum</span> <span class='ocrx_word' id='word_1_323' title='bbox 520 2601 595 2622; x_wconf 91' lang='lat' dir='ltr'>cum</span> <span class='ocrx_word' id='word_1_324' title='bbox 618 2599 671 2628; x_wconf 90' lang='lat' dir='ltr'>eo,</span> <span class='ocrx_word' id='word_1_325' title='bbox 705 2593 738 2619; x_wconf 81' lang='lat' dir='ltr'>ct</span> <span class='ocrx_word' id='word_1_326' title='bbox 762 2587 908 2619; x_wconf 87' lang='lat' dir='ltr'>vicissim</span> <span class='ocrx_word' id='word_1_327' title='bbox 931 2595 1007 2617; x_wconf 91' lang='lat' dir='ltr'>eum</span> <span class='ocrx_word' id='word_1_328' title='bbox 1031 2581 1148 2624; x_wconf 77' lang='lat' dir='ltr'>diligit,</span> 
     </span>
     <span class='ocr_line' id='line_1_48' title="bbox 153 2626 1150 2673; baseline -0.009 -7"><span class='ocrx_word' id='word_1_329' title='bbox 153 2635 200 2668; x_wconf 86' lang='lat' dir='ltr'>ita</span> <span class='ocrx_word' id='word_1_330' title='bbox 223 2633 259 2667; x_wconf 85' lang='lat' dir='ltr'>fit</span> <span class='ocrx_word' id='word_1_331' title='bbox 281 2635 312 2666; x_wconf 84' lang='lat' dir='ltr'>ei</span> <span class='ocrx_word' id='word_1_332' title='bbox 335 2633 528 2668; x_wconf 77' lang='lat' dir='ltr'>conformis.</span> <span class='ocrx_word' id='word_1_333' title='bbox 573 2632 705 2666; x_wconf 88' lang='lat' dir='ltr'>Deinde</span> <span class='ocrx_word' id='word_1_334' title='bbox 727 2630 892 2673; x_wconf 82' lang='lat' dir='ltr'>sapientia</span> <span class='ocrx_word' id='word_1_335' title='bbox 915 2628 1017 2661; x_wconf 87' lang='lat' dir='ltr'>estin</span> <span class='ocrx_word' id='word_1_336' title='bbox 1046 2626 1150 2658; x_wconf 89' lang='lat' dir='ltr'>homi-</span> 
     </span>
    </p>
   </div>
   <div class='ocr_carea' id='block_1_9' title="bbox 1183 233 2185 972">
    <p class='ocr_par' dir='ltr' id='par_1_9' title="bbox 1183 233 2185 972">
     <span class='ocr_line' id='line_1_49' title="bbox 1184 233 2182 277; baseline -0.001 -9"><span class='ocrx_word' id='word_1_337' title='bbox 1184 247 1227 268; x_wconf 89' lang='lat' dir='ltr'>ne</span> <span class='ocrx_word' id='word_1_338' title='bbox 1249 235 1433 277; x_wconf 87' lang='lat' dir='ltr'>intelligere</span> <span class='ocrx_word' id='word_1_339' title='bbox 1457 235 1618 274; x_wconf 74' lang='lat' dir='ltr'>ordinem,</span> <span class='ocrx_word' id='word_1_340' title='bbox 1643 245 1741 277; x_wconf 88' lang='lat' dir='ltr'>quem</span> <span class='ocrx_word' id='word_1_341' title='bbox 1765 241 1798 266; x_wconf 90' lang='lat' dir='ltr'>et</span> <span class='ocrx_word' id='word_1_342' title='bbox 1821 235 1907 266; x_wconf 90' lang='lat' dir='ltr'>inter</span> <span class='ocrx_word' id='word_1_343' title='bbox 1929 233 2082 266; x_wconf 86' lang='lat' dir='ltr'>homines</span> <span class='ocrx_word' id='word_1_344' title='bbox 2107 245 2182 267; x_wconf 90' lang='lat' dir='ltr'>san-</span> 
     </span>
     <span class='ocr_line' id='line_1_50' title="bbox 1183 277 2184 318; baseline -0.001 -7"><span class='ocrx_word' id='word_1_345' title='bbox 1183 281 1231 311; x_wconf 77' lang='lat' dir='ltr'>xit</span> <span class='ocrx_word' id='word_1_346' title='bbox 1254 279 1359 318; x_wconf 78' lang='lat' dir='ltr'>Deus,</span> <span class='ocrx_word' id='word_1_347' title='bbox 1384 285 1415 310; x_wconf 87' lang='lat' dir='ltr'>et</span> <span class='ocrx_word' id='word_1_348' title='bbox 1439 279 1564 310; x_wconf 78' lang='lat' dir='ltr'>iustitia</span> <span class='ocrx_word' id='word_1_349' title='bbox 1588 284 1639 309; x_wconf 89' lang='lat' dir='ltr'>est</span> <span class='ocrx_word' id='word_1_350' title='bbox 1671 277 1888 310; x_wconf 84' lang='lat' dir='ltr'>conformitas</span> <span class='ocrx_word' id='word_1_351' title='bbox 1911 288 1986 309; x_wconf 91' lang='lat' dir='ltr'>cum</span> <span class='ocrx_word' id='word_1_352' title='bbox 2011 277 2184 310; x_wconf 77' lang='lat' dir='ltr'>voluntate</span> 
     </span>
     <span class='ocr_line' id='line_1_51' title="bbox 1184 321 2183 364; baseline -0.001 -10"><span class='ocrx_word' id='word_1_353' title='bbox 1184 324 1307 361; x_wconf 71' lang='lat' dir='ltr'>divina,</span> <span class='ocrx_word' id='word_1_354' title='bbox 1332 332 1418 364; x_wconf 87' lang='lat' dir='ltr'>quae</span> <span class='ocrx_word' id='word_1_355' title='bbox 1441 321 1511 353; x_wconf 72' lang='lat' dir='ltr'>vult</span> <span class='ocrx_word' id='word_1_356' title='bbox 1536 321 1626 353; x_wconf 89' lang='lat' dir='ltr'>hunc</span> <span class='ocrx_word' id='word_1_357' title='bbox 1648 322 1800 354; x_wconf 87' lang='lat' dir='ltr'>ordinem</span> <span class='ocrx_word' id='word_1_358' title='bbox 1823 322 1962 353; x_wconf 87' lang='lat' dir='ltr'>servari.</span> <span class='ocrx_word' id='word_1_359' title='bbox 1999 321 2093 353; x_wconf 81' lang='lat' dir='ltr'>Sicut</span> <span class='ocrx_word' id='word_1_360' title='bbox 2116 321 2183 353; x_wconf 87' lang='lat' dir='ltr'>De-</span> 
     </span>
     <span class='ocr_line' id='line_1_52' title="bbox 1184 364 2184 406; baseline -0.002 -8"><span class='ocrx_word' id='word_1_361' title='bbox 1184 378 1223 398; x_wconf 91' lang='lat' dir='ltr'>us</span> <span class='ocrx_word' id='word_1_362' title='bbox 1250 366 1397 398; x_wconf 87' lang='lat' dir='ltr'>condidit.</span> <span class='ocrx_word' id='word_1_363' title='bbox 1419 364 1583 403; x_wconf 85' lang='lat' dir='ltr'>homines,</span> <span class='ocrx_word' id='word_1_364' title='bbox 1608 375 1676 396; x_wconf 90' lang='lat' dir='ltr'>non</span> <span class='ocrx_word' id='word_1_365' title='bbox 1699 371 1733 396; x_wconf 91' lang='lat' dir='ltr'>ut</span> <span class='ocrx_word' id='word_1_366' title='bbox 1756 365 1913 406; x_wconf 86' lang='lat' dir='ltr'>perirent,</span> <span class='ocrx_word' id='word_1_367' title='bbox 1937 365 1996 396; x_wconf 90' lang='lat' dir='ltr'>sed</span> <span class='ocrx_word' id='word_1_368' title='bbox 2009 372 2045 396; x_wconf 91' lang='lat' dir='ltr'>ut</span> <span class='ocrx_word' id='word_1_369' title='bbox 2057 371 2184 404; x_wconf 84' lang='lat' dir='ltr'>essent,</span> 
     </span>
     <span class='ocr_line' id='line_1_53' title="bbox 1185 408 2183 451; baseline -0.002 -10"><span class='ocrx_word' id='word_1_370' title='bbox 1185 412 1234 441; x_wconf 92' lang='lat' dir='ltr'>sic</span> <span class='ocrx_word' id='word_1_371' title='bbox 1257 408 1328 441; x_wconf 90' lang='lat' dir='ltr'>vult</span> <span class='ocrx_word' id='word_1_372' title='bbox 1352 414 1509 450; x_wconf 82' lang='lat' dir='ltr'>parentes</span> <span class='ocrx_word' id='word_1_373' title='bbox 1534 409 1674 450; x_wconf 77' lang='lat' dir='ltr'>gignere</span> <span class='ocrx_word' id='word_1_374' title='bbox 1698 414 1730 440; x_wconf 92' lang='lat' dir='ltr'>et</span> <span class='ocrx_word' id='word_1_375' title='bbox 1754 408 1868 451; x_wconf 85' lang='lat' dir='ltr'>genita</span> <span class='ocrx_word' id='word_1_376' title='bbox 1891 419 2046 447; x_wconf 81' lang='lat' dir='ltr'>servare,</span> <span class='ocrx_word' id='word_1_377' title='bbox 2082 415 2115 440; x_wconf 88' lang='lat' dir='ltr'>et</span> <span class='ocrx_word' id='word_1_378' title='bbox 2137 409 2183 440; x_wconf 88' lang='lat' dir='ltr'>vi-</span> 
     </span>
     <span class='ocr_line' id='line_1_54' title="bbox 1185 450 2184 494; baseline -0.002 -9"><span class='ocrx_word' id='word_1_379' title='bbox 1185 454 1297 486; x_wconf 84' lang='lat' dir='ltr'>cissim</span> <span class='ocrx_word' id='word_1_380' title='bbox 1333 452 1424 494; x_wconf 80' lang='lat' dir='ltr'>diligi</span> <span class='ocrx_word' id='word_1_381' title='bbox 1459 458 1617 494; x_wconf 78' lang='lat' dir='ltr'>parentes</span> <span class='ocrx_word' id='word_1_382' title='bbox 1652 462 1671 482; x_wconf 91' lang='lat' dir='ltr'>a</span> <span class='ocrx_word' id='word_1_383' title='bbox 1707 453 1839 494; x_wconf 82' lang='lat' dir='ltr'>genitis.</span> <span class='ocrx_word' id='word_1_384' title='bbox 1898 450 1979 483; x_wconf 85' lang='lat' dir='ltr'>Vult</span> <span class='ocrx_word' id='word_1_385' title='bbox 2008 457 2042 483; x_wconf 90' lang='lat' dir='ltr'>et</span> <span class='ocrx_word' id='word_1_386' title='bbox 2065 452 2184 483; x_wconf 85' lang='lat' dir='ltr'>deinde</span> 
     </span>
     <span class='ocr_line' id='line_1_55' title="bbox 1186 493 2183 537; baseline -0.002 -9"><span class='ocrx_word' id='word_1_387' title='bbox 1186 502 1340 529; x_wconf 85' lang='lat' dir='ltr'>caeteros</span> <span class='ocrx_word' id='word_1_388' title='bbox 1377 506 1465 534; x_wconf 87' lang='lat' dir='ltr'>esse,</span> <span class='ocrx_word' id='word_1_389' title='bbox 1499 506 1568 527; x_wconf 90' lang='lat' dir='ltr'>non</span> <span class='ocrx_word' id='word_1_390' title='bbox 1605 493 1719 533; x_wconf 88' lang='lat' dir='ltr'>deleri,</span> <span class='ocrx_word' id='word_1_391' title='bbox 1755 496 1844 527; x_wconf 90' lang='lat' dir='ltr'>unde</span> <span class='ocrx_word' id='word_1_392' title='bbox 1879 501 1958 526; x_wconf 82' lang='lat' dir='ltr'>sunt</span> <span class='ocrx_word' id='word_1_393' title='bbox 1987 501 2183 537; x_wconf 79' lang='lat' dir='ltr'>praecepta:</span> 
     </span>
     <span class='ocr_line' id='line_1_56' title="bbox 1184 537 2185 581; baseline -0.003 -9"><span class='ocrx_word' id='word_1_394' title='bbox 1184 541 1321 572; x_wconf 86' lang='lat' dir='ltr'>Honora</span> <span class='ocrx_word' id='word_1_395' title='bbox 1344 546 1472 581; x_wconf 84' lang='lat' dir='ltr'>patrem</span> <span class='ocrx_word' id='word_1_396' title='bbox 1496 547 1528 570; x_wconf 88' lang='lat' dir='ltr'>et</span> <span class='ocrx_word' id='word_1_397' title='bbox 1551 544 1701 570; x_wconf 81' lang='lat' dir='ltr'>matrem.</span> <span class='ocrx_word' id='word_1_398' title='bbox 1746 539 1823 570; x_wconf 91' lang='lat' dir='ltr'>Non</span> <span class='ocrx_word' id='word_1_399' title='bbox 1848 538 1984 570; x_wconf 85' lang='lat' dir='ltr'>occides</span> <span class='ocrx_word' id='word_1_400' title='bbox 2008 543 2072 569; x_wconf 68' lang='lat' dir='ltr'>etc.</span> <span class='ocrx_word' id='word_1_401' title='bbox 2117 537 2185 570; x_wconf 88' lang='lat' dir='ltr'>De·</span> 
     </span>
     <span class='ocr_line' id='line_1_57' title="bbox 1183 581 2184 625; baseline -0.002 -10"><span class='ocrx_word' id='word_1_402' title='bbox 1183 585 1260 615; x_wconf 89' lang='lat' dir='ltr'>inde</span> <span class='ocrx_word' id='word_1_403' title='bbox 1294 583 1366 615; x_wconf 73' lang='lat' dir='ltr'>vult</span> <span class='ocrx_word' id='word_1_404' title='bbox 1400 581 1539 625; x_wconf 85' lang='lat' dir='ltr'>intelligi</span> <span class='ocrx_word' id='word_1_405' title='bbox 1561 581 1673 614; x_wconf 85' lang='lat' dir='ltr'>Deum</span> <span class='ocrx_word' id='word_1_406' title='bbox 1704 591 1783 613; x_wconf 88' lang='lat' dir='ltr'>esse</span> <span class='ocrx_word' id='word_1_407' title='bbox 1806 588 1936 613; x_wconf 89' lang='lat' dir='ltr'>castum</span> <span class='ocrx_word' id='word_1_408' title='bbox 1960 587 1992 613; x_wconf 83' lang='lat' dir='ltr'>et</span> <span class='ocrx_word' id='word_1_409' title='bbox 2015 591 2184 620; x_wconf 85' lang='lat' dir='ltr'>veracem,</span> 
     </span>
     <span class='ocr_line' id='line_1_58' title="bbox 1185 624 2182 659; baseline -0.002 -1"><span class='ocrx_word' id='word_1_410' title='bbox 1185 634 1217 659; x_wconf 88' lang='lat' dir='ltr'>et</span> <span class='ocrx_word' id='word_1_411' title='bbox 1240 637 1302 658; x_wconf 88' lang='lat' dir='ltr'>nos</span> <span class='ocrx_word' id='word_1_412' title='bbox 1328 627 1450 657; x_wconf 88' lang='lat' dir='ltr'>debere</span> <span class='ocrx_word' id='word_1_413' title='bbox 1475 627 1504 657; x_wconf 93' lang='lat' dir='ltr'>ei</span> <span class='ocrx_word' id='word_1_414' title='bbox 1529 624 1720 657; x_wconf 84' lang='lat' dir='ltr'>conformes</span> <span class='ocrx_word' id='word_1_415' title='bbox 1741 635 1818 657; x_wconf 83' lang='lat' dir='ltr'>esse</span> <span class='ocrx_word' id='word_1_416' title='bbox 1841 626 1876 657; x_wconf 90' lang='lat' dir='ltr'>in</span> <span class='ocrx_word' id='word_1_417' title='bbox 1900 626 2057 656; x_wconf 86' lang='lat' dir='ltr'>castitate</span> <span class='ocrx_word' id='word_1_418' title='bbox 2081 630 2113 656; x_wconf 89' lang='lat' dir='ltr'>et</span> <span class='ocrx_word' id='word_1_419' title='bbox 2125 635 2182 657; x_wconf 88' lang='lat' dir='ltr'>ve-</span> 
     </span>
     <span class='ocr_line' id='line_1_59' title="bbox 1183 668 2184 710; baseline -0.003 -8"><span class='ocrx_word' id='word_1_420' title='bbox 1183 671 1339 702; x_wconf 86' lang='lat' dir='ltr'>racitate:</span> <span class='ocrx_word' id='word_1_421' title='bbox 1386 669 1463 700; x_wconf 87' lang='lat' dir='ltr'>hinc</span> <span class='ocrx_word' id='word_1_422' title='bbox 1499 675 1575 701; x_wconf 84' lang='lat' dir='ltr'>sunt</span> <span class='ocrx_word' id='word_1_423' title='bbox 1598 674 1794 710; x_wconf 88' lang='lat' dir='ltr'>praecepta:</span> <span class='ocrx_word' id='word_1_424' title='bbox 1840 668 1916 700; x_wconf 94' lang='lat' dir='ltr'>Non</span> <span class='ocrx_word' id='word_1_425' title='bbox 1939 668 2184 707; x_wconf 87' lang='lat' dir='ltr'>moechaberis,</span> 
     </span>
     <span class='ocr_line' id='line_1_60' title="bbox 1183 711 2184 753; baseline -0.002 -8"><span class='ocrx_word' id='word_1_426' title='bbox 1183 714 1259 745; x_wconf 89' lang='lat' dir='ltr'>Non</span> <span class='ocrx_word' id='word_1_427' title='bbox 1284 713 1375 744; x_wconf 85' lang='lat' dir='ltr'>dices</span> <span class='ocrx_word' id='word_1_428' title='bbox 1400 711 1522 744; x_wconf 84' lang='lat' dir='ltr'>falsum</span> <span class='ocrx_word' id='word_1_429' title='bbox 1546 713 1780 744; x_wconf 80' lang='lat' dir='ltr'>testimonium.</span> <span class='ocrx_word' id='word_1_430' title='bbox 1838 711 2078 753; x_wconf 87' lang='lat' dir='ltr'>Praeceptum,</span> <span class='ocrx_word' id='word_1_431' title='bbox 2108 712 2184 743; x_wconf 88' lang='lat' dir='ltr'>Non</span> 
     </span>
     <span class='ocr_line' id='line_1_61' title="bbox 1183 755 2183 797; baseline -0.003 -8"><span class='ocrx_word' id='word_1_432' title='bbox 1183 757 1306 789; x_wconf 85' lang='lat' dir='ltr'>furtum</span> <span class='ocrx_word' id='word_1_433' title='bbox 1330 756 1447 795; x_wconf 87' lang='lat' dir='ltr'>facies,</span> <span class='ocrx_word' id='word_1_434' title='bbox 1466 755 1568 787; x_wconf 89' lang='lat' dir='ltr'>habet</span> <span class='ocrx_word' id='word_1_435' title='bbox 1591 755 1730 787; x_wconf 89' lang='lat' dir='ltr'>similem</span> <span class='ocrx_word' id='word_1_436' title='bbox 1745 765 1892 793; x_wconf 86' lang='lat' dir='ltr'>causam,</span> <span class='ocrx_word' id='word_1_437' title='bbox 1911 761 1945 787; x_wconf 91' lang='lat' dir='ltr'>ut</span> <span class='ocrx_word' id='word_1_438' title='bbox 1957 761 2183 797; x_wconf 86' lang='lat' dir='ltr'>praeceptum,</span> 
     </span>
     <span class='ocr_line' id='line_1_62' title="bbox 1184 797 2184 842; baseline -0.002 -10"><span class='ocrx_word' id='word_1_439' title='bbox 1184 801 1260 832; x_wconf 92' lang='lat' dir='ltr'>Non</span> <span class='ocrx_word' id='word_1_440' title='bbox 1285 800 1432 837; x_wconf 76' lang='lat' dir='ltr'>occidas,</span> <span class='ocrx_word' id='word_1_441' title='bbox 1458 800 1533 842; x_wconf 88' lang='lat' dir='ltr'>quia</span> <span class='ocrx_word' id='word_1_442' title='bbox 1558 798 1733 831; x_wconf 86' lang='lat' dir='ltr'>inferiores</span> <span class='ocrx_word' id='word_1_443' title='bbox 1759 798 1894 841; x_wconf 85' lang='lat' dir='ltr'>spoliati</span> <span class='ocrx_word' id='word_1_444' title='bbox 1917 797 2004 830; x_wconf 74' lang='lat' dir='ltr'>fame</span> <span class='ocrx_word' id='word_1_445' title='bbox 2026 799 2184 840; x_wconf 85' lang='lat' dir='ltr'>perirent.</span> 
     </span>
     <span class='ocr_line' id='line_1_63' title="bbox 1185 841 2185 885; baseline -0.001 -10"><span class='ocrx_word' id='word_1_446' title='bbox 1185 843 1335 885; x_wconf 73' lang='lat' dir='ltr'>Utraque</span> <span class='ocrx_word' id='word_1_447' title='bbox 1358 844 1457 885; x_wconf 82' lang='lat' dir='ltr'>igitur</span> <span class='ocrx_word' id='word_1_448' title='bbox 1480 842 1594 875; x_wconf 86' lang='lat' dir='ltr'>tabula</span> <span class='ocrx_word' id='word_1_449' title='bbox 1619 843 1783 881; x_wconf 88' lang='lat' dir='ltr'>ostendit,</span> <span class='ocrx_word' id='word_1_450' title='bbox 1815 841 1921 884; x_wconf 85' lang='lat' dir='ltr'>qualis</span> <span class='ocrx_word' id='word_1_451' title='bbox 1958 842 2079 874; x_wconf 87' lang='lat' dir='ltr'>debeat</span> <span class='ocrx_word' id='word_1_452' title='bbox 2108 852 2185 874; x_wconf 88' lang='lat' dir='ltr'>esse</span> 
     </span>
     <span class='ocr_line' id='line_1_64' title="bbox 1186 885 2184 927; baseline -0.001 -9"><span class='ocrx_word' id='word_1_453' title='bbox 1186 888 1220 918; x_wconf 92' lang='lat' dir='ltr'>in</span> <span class='ocrx_word' id='word_1_454' title='bbox 1242 887 1377 918; x_wconf 89' lang='lat' dir='ltr'>homine</span> <span class='ocrx_word' id='word_1_455' title='bbox 1402 885 1620 918; x_wconf 87' lang='lat' dir='ltr'>conformitas</span> <span class='ocrx_word' id='word_1_456' title='bbox 1645 887 1689 917; x_wconf 87' lang='lat' dir='ltr'>ad</span> <span class='ocrx_word' id='word_1_457' title='bbox 1713 886 1910 927; x_wconf 70' lang='lat' dir='ltr'>sapientiam</span> <span class='ocrx_word' id='word_1_458' title='bbox 1934 892 1966 917; x_wconf 91' lang='lat' dir='ltr'>et</span> <span class='ocrx_word' id='word_1_459' title='bbox 1981 885 2141 917; x_wconf 78' lang='lat' dir='ltr'>iustitiam</span> <span class='ocrx_word' id='word_1_460' title='bbox 2152 886 2184 917; x_wconf 91' lang='lat' dir='ltr'>in</span> 
     </span>
     <span class='ocr_line' id='line_1_65' title="bbox 1186 928 2131 972; baseline -0.002 -10"><span class='ocrx_word' id='word_1_461' title='bbox 1186 930 1261 962; x_wconf 87' lang='lat' dir='ltr'>Deo</span> <span class='ocrx_word' id='word_1_462' title='bbox 1282 940 1363 972; x_wconf 87' lang='lat' dir='ltr'>erga</span> <span class='ocrx_word' id='word_1_463' title='bbox 1386 930 1495 972; x_wconf 84' lang='lat' dir='ltr'>ipsum</span> <span class='ocrx_word' id='word_1_464' title='bbox 1519 935 1552 961; x_wconf 83' lang='lat' dir='ltr'>et</span> <span class='ocrx_word' id='word_1_465' title='bbox 1575 940 1656 972; x_wconf 85' lang='lat' dir='ltr'>erga</span> <span class='ocrx_word' id='word_1_466' title='bbox 1678 929 1830 961; x_wconf 85' lang='lat' dir='ltr'>homines</span> <span class='ocrx_word' id='word_1_467' title='bbox 1852 935 1991 971; x_wconf 84' lang='lat' dir='ltr'>propter</span> <span class='ocrx_word' id='word_1_468' title='bbox 2011 928 2131 970; x_wconf 86' lang='lat' dir='ltr'>ipsum.</span> 
     </span>
    </p>
   </div>
   <div class='ocr_carea' id='block_1_10' title="bbox 1190 1014 2188 1397">
    <p class='ocr_par' dir='ltr' id='par_1_10' title="bbox 1190 1014 2188 1397">
     <span class='ocr_line' id='line_1_66' title="bbox 1276 1014 2187 1056; baseline -0.001 -9"><span class='ocrx_word' id='word_1_469' title='bbox 1276 1016 1338 1048; x_wconf 89' lang='lat' dir='ltr'>Est</span> <span class='ocrx_word' id='word_1_470' title='bbox 1372 1022 1481 1047; x_wconf 90' lang='lat' dir='ltr'>autem</span> <span class='ocrx_word' id='word_1_471' title='bbox 1505 1016 1676 1048; x_wconf 88' lang='lat' dir='ltr'>secundae</span> <span class='ocrx_word' id='word_1_472' title='bbox 1699 1014 1851 1047; x_wconf 89' lang='lat' dir='ltr'>Tabulae</span> <span class='ocrx_word' id='word_1_473' title='bbox 1880 1016 2021 1056; x_wconf 87' lang='lat' dir='ltr'>primum</span> <span class='ocrx_word' id='word_1_474' title='bbox 2049 1024 2187 1056; x_wconf 85' lang='lat' dir='ltr'>praece-</span> 
     </span>
     <span class='ocr_line' id='line_1_67' title="bbox 1190 1059 2185 1103; baseline -0.003 -11"><span class='ocrx_word' id='word_1_475' title='bbox 1190 1067 1300 1103; x_wconf 86' lang='lat' dir='ltr'>ptum:</span> <span class='ocrx_word' id='word_1_476' title='bbox 1324 1059 1461 1091; x_wconf 87' lang='lat' dir='ltr'>Honora</span> <span class='ocrx_word' id='word_1_477' title='bbox 1485 1066 1613 1101; x_wconf 85' lang='lat' dir='ltr'>patrem</span> <span class='ocrx_word' id='word_1_478' title='bbox 1633 1066 1666 1090; x_wconf 87' lang='lat' dir='ltr'>et</span> <span class='ocrx_word' id='word_1_479' title='bbox 1685 1065 1834 1093; x_wconf 87' lang='lat' dir='ltr'>matrem,</span> <span class='ocrx_word' id='word_1_480' title='bbox 1859 1059 1935 1101; x_wconf 85' lang='lat' dir='ltr'>quia</span> <span class='ocrx_word' id='word_1_481' title='bbox 1952 1059 2101 1090; x_wconf 88' lang='lat' dir='ltr'>ordinem</span> <span class='ocrx_word' id='word_1_482' title='bbox 2113 1067 2185 1100; x_wconf 86' lang='lat' dir='ltr'>per-</span> 
     </span>
     <span class='ocr_line' id='line_1_68' title="bbox 1193 1102 2184 1145; baseline -0.004 -9"><span class='ocrx_word' id='word_1_483' title='bbox 1193 1115 1352 1136; x_wconf 80' lang='lat' dir='ltr'>sonarum</span> <span class='ocrx_word' id='word_1_484' title='bbox 1376 1104 1516 1145; x_wconf 91' lang='lat' dir='ltr'>primum</span> <span class='ocrx_word' id='word_1_485' title='bbox 1540 1103 1697 1135; x_wconf 78' lang='lat' dir='ltr'>constitui</span> <span class='ocrx_word' id='word_1_486' title='bbox 1717 1107 1859 1144; x_wconf 89' lang='lat' dir='ltr'>oportet.</span> <span class='ocrx_word' id='word_1_487' title='bbox 1904 1102 2033 1144; x_wconf 89' lang='lat' dir='ltr'>Estque</span> <span class='ocrx_word' id='word_1_488' title='bbox 2057 1103 2184 1144; x_wconf 86' lang='lat' dir='ltr'>primus</span> 
     </span>
     <span class='ocr_line' id='line_1_69' title="bbox 1191 1144 2188 1190; baseline -0.002 -11"><span class='ocrx_word' id='word_1_489' title='bbox 1191 1148 1316 1190; x_wconf 81' lang='lat' dir='ltr'>gradus</span> <span class='ocrx_word' id='word_1_490' title='bbox 1357 1147 1481 1188; x_wconf 85' lang='lat' dir='ltr'>imperii</span> <span class='ocrx_word' id='word_1_491' title='bbox 1516 1147 1679 1178; x_wconf 88' lang='lat' dir='ltr'>autoritas</span> <span class='ocrx_word' id='word_1_492' title='bbox 1719 1152 1905 1187; x_wconf 88' lang='lat' dir='ltr'>parentum.</span> <span class='ocrx_word' id='word_1_493' title='bbox 1974 1144 2188 1177; x_wconf 85' lang='lat' dir='ltr'>Includautur</span> 
     </span>
     <span class='ocr_line' id='line_1_70' title="bbox 1192 1188 2187 1234; baseline -0.003 -11"><span class='ocrx_word' id='word_1_494' title='bbox 1192 1202 1273 1234; x_wconf 88' lang='lat' dir='ltr'>ergo</span> <span class='ocrx_word' id='word_1_495' title='bbox 1308 1191 1340 1221; x_wconf 93' lang='lat' dir='ltr'>in</span> <span class='ocrx_word' id='word_1_496' title='bbox 1377 1190 1442 1221; x_wconf 85' lang='lat' dir='ltr'>hoc</span> <span class='ocrx_word' id='word_1_497' title='bbox 1475 1196 1694 1231; x_wconf 83' lang='lat' dir='ltr'>praeceptum</span> <span class='ocrx_word' id='word_1_498' title='bbox 1718 1188 1783 1220; x_wconf 90' lang='lat' dir='ltr'>alia</span> <span class='ocrx_word' id='word_1_499' title='bbox 1814 1190 1943 1231; x_wconf 85' lang='lat' dir='ltr'>passim</span> <span class='ocrx_word' id='word_1_500' title='bbox 1972 1189 2111 1227; x_wconf 87' lang='lat' dir='ltr'>tradita,</span> <span class='ocrx_word' id='word_1_501' title='bbox 2145 1189 2187 1220; x_wconf 89' lang='lat' dir='ltr'>de</span> 
     </span>
     <span class='ocr_line' id='line_1_71' title="bbox 1193 1232 2187 1275; baseline -0.003 -9"><span class='ocrx_word' id='word_1_502' title='bbox 1193 1235 1382 1266; x_wconf 87' lang='lat' dir='ltr'>obedientia</span> <span class='ocrx_word' id='word_1_503' title='bbox 1417 1234 1526 1264; x_wconf 79' lang='lat' dir='ltr'>debita</span> <span class='ocrx_word' id='word_1_504' title='bbox 1561 1233 1717 1275; x_wconf 80' lang='lat' dir='ltr'>legitimis</span> <span class='ocrx_word' id='word_1_505' title='bbox 1752 1232 2024 1275; x_wconf 86' lang='lat' dir='ltr'>Magistratibus,</span> <span class='ocrx_word' id='word_1_506' title='bbox 2067 1233 2187 1274; x_wconf 88' lang='lat' dir='ltr'>quibus</span> 
     </span>
     <span class='ocr_line' id='line_1_72' title="bbox 1192 1276 2188 1319; baseline -0.004 -9"><span class='ocrx_word' id='word_1_507' title='bbox 1192 1278 1289 1310; x_wconf 88' lang='lat' dir='ltr'>Deus</span> <span class='ocrx_word' id='word_1_508' title='bbox 1313 1278 1447 1309; x_wconf 75' lang='lat' dir='ltr'>tradidit</span> <span class='ocrx_word' id='word_1_509' title='bbox 1472 1276 1583 1308; x_wconf 86' lang='lat' dir='ltr'>locum</span> <span class='ocrx_word' id='word_1_510' title='bbox 1606 1282 1798 1319; x_wconf 88' lang='lat' dir='ltr'>parentum,</span> <span class='ocrx_word' id='word_1_511' title='bbox 1829 1282 1861 1308; x_wconf 90' lang='lat' dir='ltr'>et</span> <span class='ocrx_word' id='word_1_512' title='bbox 1885 1286 2013 1307; x_wconf 86' lang='lat' dir='ltr'>summa</span> <span class='ocrx_word' id='word_1_513' title='bbox 2037 1285 2188 1318; x_wconf 87' lang='lat' dir='ltr'>compre—</span> 
     </span>
     <span class='ocr_line' id='line_1_73' title="bbox 1192 1318 2187 1362; baseline -0.003 -9"><span class='ocrx_word' id='word_1_514' title='bbox 1192 1323 1299 1354; x_wconf 89' lang='lat' dir='ltr'>hensa</span> <span class='ocrx_word' id='word_1_515' title='bbox 1322 1327 1373 1352; x_wconf 84' lang='lat' dir='ltr'>est</span> <span class='ocrx_word' id='word_1_516' title='bbox 1397 1320 1494 1352; x_wconf 84' lang='lat' dir='ltr'>Rom.</span> <span class='ocrx_word' id='word_1_517' title='bbox 1521 1320 1583 1359; x_wconf 61' lang='lat'>13„</span> <span class='ocrx_word' id='word_1_518' title='bbox 1620 1319 1718 1351; x_wconf 87' lang='lat' dir='ltr'>Unde</span> <span class='ocrx_word' id='word_1_519' title='bbox 1752 1318 1886 1362; x_wconf 87' lang='lat' dir='ltr'>longior</span> <span class='ocrx_word' id='word_1_520' title='bbox 1920 1318 2102 1351; x_wconf 86' lang='lat' dir='ltr'>declaratio</span> <span class='ocrx_word' id='word_1_521' title='bbox 2133 1329 2187 1351; x_wconf 90' lang='lat' dir='ltr'>su-</span> 
     </span>
     <span class='ocr_line' id='line_1_74' title="bbox 1194 1372 1313 1397; baseline -0.017 0"><span class='ocrx_word' id='word_1_522' title='bbox 1194 1372 1313 1397; x_wconf 87' lang='lat' dir='ltr'>matur.</span> 
     </span>
    </p>
   </div>
   <div class='ocr_carea' id='block_1_11' title="bbox 1194 1446 2188 1622">
    <p class='ocr_par' dir='ltr' id='par_1_11' title="bbox 1194 1446 2188 1622">
     <span class='ocr_line' id='line_1_75' title="bbox 1280 1446 2185 1492; baseline -0.001 -11"><span class='ocrx_word' id='word_1_523' title='bbox 1280 1449 1493 1482; x_wconf 86' lang='lat' dir='ltr'>Vocabulum</span> <span class='ocrx_word' id='word_1_524' title='bbox 1517 1449 1655 1481; x_wconf 79' lang='lat' dir='ltr'>lionoris</span> <span class='ocrx_word' id='word_1_525' title='bbox 1679 1454 1750 1481; x_wconf 89' lang='lat' dir='ltr'>tres</span> <span class='ocrx_word' id='word_1_526' title='bbox 1781 1449 1907 1492; x_wconf 88' lang='lat' dir='ltr'>gradus</span> <span class='ocrx_word' id='word_1_527' title='bbox 1937 1446 2185 1490; x_wconf 88' lang='lat' dir='ltr'>complectitur:</span> 
     </span>
     <span class='ocr_line' id='line_1_76' title="bbox 1194 1491 2187 1534; baseline -0.005 -7"><span class='ocrx_word' id='word_1_528' title='bbox 1194 1494 1429 1527; x_wconf 87' lang='lat' dir='ltr'>Reverentiam</span> <span class='ocrx_word' id='word_1_529' title='bbox 1453 1494 1485 1524; x_wconf 85' lang='lat' dir='ltr'>in</span> <span class='ocrx_word' id='word_1_530' title='bbox 1516 1499 1625 1524; x_wconf 81' lang='lat' dir='ltr'>mente</span> <span class='ocrx_word' id='word_1_531' title='bbox 1654 1498 1792 1534; x_wconf 85' lang='lat' dir='ltr'>propter</span> <span class='ocrx_word' id='word_1_532' title='bbox 1813 1491 1942 1530; x_wconf 84' lang='lat' dir='ltr'>Deum,</span> <span class='ocrx_word' id='word_1_533' title='bbox 1976 1491 2108 1523; x_wconf 91' lang='lat' dir='ltr'>Deinde</span> <span class='ocrx_word' id='word_1_534' title='bbox 2131 1502 2187 1523; x_wconf 84' lang='lat' dir='ltr'>ex-</span> 
     </span>
     <span class='ocr_line' id='line_1_77' title="bbox 1194 1536 2188 1577; baseline -0.003 -7"><span class='ocrx_word' id='word_1_535' title='bbox 1194 1545 1322 1570; x_wconf 84' lang='lat' dir='ltr'>ternam</span> <span class='ocrx_word' id='word_1_536' title='bbox 1346 1537 1589 1575; x_wconf 85' lang='lat' dir='ltr'>obedientiam,</span> <span class='ocrx_word' id='word_1_537' title='bbox 1613 1536 1725 1567; x_wconf 90' lang='lat' dir='ltr'>Tertio</span> <span class='ocrx_word' id='word_1_538' title='bbox 1750 1538 1911 1566; x_wconf 74' lang='grc' dir='ltr'><strong><em>ἐπιείκειαν</em></strong></span> <span class='ocrx_word' id='word_1_539' title='bbox 1934 1536 1966 1566; x_wconf 92' lang='lat' dir='ltr'>in</span> <span class='ocrx_word' id='word_1_540' title='bbox 1990 1536 2188 1577; x_wconf 85' lang='lat' dir='ltr'>quibusdam</span> 
     </span>
     <span class='ocr_line' id='line_1_78' title="bbox 1195 1577 2068 1622; baseline -0.002 -9"><span class='ocrx_word' id='word_1_541' title='bbox 1195 1582 1316 1614; x_wconf 85' lang='lat' dir='ltr'>erratis</span> <span class='ocrx_word' id='word_1_542' title='bbox 1340 1587 1514 1622; x_wconf 85' lang='lat' dir='ltr'>parentum</span> <span class='ocrx_word' id='word_1_543' title='bbox 1539 1586 1570 1611; x_wconf 84' lang='lat' dir='ltr'>et</span> <span class='ocrx_word' id='word_1_544' title='bbox 1594 1579 1853 1622; x_wconf 79' lang='lat' dir='ltr'>Magistratuum</span> <span class='ocrx_word' id='word_1_545' title='bbox 1871 1577 2068 1611; x_wconf 87' lang='lat' dir='ltr'>tolerandis.</span> 
     </span>
    </p>
   </div>
   <div class='ocr_carea' id='block_1_12' title="bbox 1196 1664 2188 1884">
    <p class='ocr_par' dir='ltr' id='par_1_12' title="bbox 1196 1664 2188 1884">
     <span class='ocr_line' id='line_1_79' title="bbox 1282 1664 2184 1709; baseline -0.003 -11"><span class='ocrx_word' id='word_1_546' title='bbox 1282 1668 1413 1699; x_wconf 88' lang='lat' dir='ltr'>Primus</span> <span class='ocrx_word' id='word_1_547' title='bbox 1437 1667 1561 1709; x_wconf 85' lang='lat' dir='ltr'>gradus</span> <span class='ocrx_word' id='word_1_548' title='bbox 1587 1666 1725 1698; x_wconf 91' lang='lat' dir='ltr'>honoris</span> <span class='ocrx_word' id='word_1_549' title='bbox 1750 1672 1801 1697; x_wconf 87' lang='lat' dir='ltr'>est</span> <span class='ocrx_word' id='word_1_550' title='bbox 1824 1664 2012 1707; x_wconf 87' lang='lat' dir='ltr'>intelligere</span> <span class='ocrx_word' id='word_1_551' title='bbox 2036 1665 2184 1696; x_wconf 79' lang='lat' dir='ltr'>ordinem</span> 
     </span>
     <span class='ocr_line' id='line_1_80' title="bbox 1196 1708 2188 1752; baseline -0.006 -8"><span class='ocrx_word' id='word_1_552' title='bbox 1196 1712 1354 1749; x_wconf 87' lang='lat' dir='ltr'>divinum,</span> <span class='ocrx_word' id='word_1_553' title='bbox 1377 1718 1409 1742; x_wconf 89' lang='lat' dir='ltr'>et</span> <span class='ocrx_word' id='word_1_554' title='bbox 1432 1716 1570 1752; x_wconf 85' lang='lat' dir='ltr'>propter</span> <span class='ocrx_word' id='word_1_555' title='bbox 1582 1709 1692 1741; x_wconf 87' lang='lat' dir='ltr'>Deum</span> <span class='ocrx_word' id='word_1_556' title='bbox 1716 1709 1870 1741; x_wconf 72' lang='lat' dir='ltr'>venerari</span> <span class='ocrx_word' id='word_1_557' title='bbox 1895 1708 1983 1739; x_wconf 92' lang='lat' dir='ltr'>hunc</span> <span class='ocrx_word' id='word_1_558' title='bbox 2001 1708 2109 1750; x_wconf 87' lang='lat' dir='ltr'>ipsum</span> <span class='ocrx_word' id='word_1_559' title='bbox 2134 1718 2188 1739; x_wconf 87' lang='lat' dir='ltr'>or-</span> 
     </span>
     <span class='ocr_line' id='line_1_81' title="bbox 1196 1751 2188 1794; baseline -0.005 -7"><span class='ocrx_word' id='word_1_560' title='bbox 1196 1756 1316 1794; x_wconf 89' lang='lat' dir='ltr'>dinem,</span> <span class='ocrx_word' id='word_1_561' title='bbox 1341 1760 1372 1786; x_wconf 88' lang='lat' dir='ltr'>et</span> <span class='ocrx_word' id='word_1_562' title='bbox 1394 1753 1482 1786; x_wconf 84' lang='lat' dir='ltr'>velle</span> <span class='ocrx_word' id='word_1_563' title='bbox 1507 1754 1626 1785; x_wconf 88' lang='lat' dir='ltr'>subiici</span> <span class='ocrx_word' id='word_1_564' title='bbox 1651 1753 1851 1785; x_wconf 87' lang='lat' dir='ltr'>Parentibus</span> <span class='ocrx_word' id='word_1_565' title='bbox 1877 1758 1908 1784; x_wconf 94' lang='lat' dir='ltr'>et</span> <span class='ocrx_word' id='word_1_566' title='bbox 1921 1751 2188 1794; x_wconf 80' lang='lat' dir='ltr'>MagistratibuS,</span> 
     </span>
     <span class='ocr_line' id='line_1_82' title="bbox 1196 1795 2186 1838; baseline -0.005 -8"><span class='ocrx_word' id='word_1_567' title='bbox 1196 1798 1351 1831; x_wconf 70' lang='lat' dir='ltr'>videlicet</span> <span class='ocrx_word' id='word_1_568' title='bbox 1375 1799 1492 1829; x_wconf 87' lang='lat' dir='ltr'>ordine</span> <span class='ocrx_word' id='word_1_569' title='bbox 1517 1798 1646 1829; x_wconf 59' lang='lat' dir='ltr'>divino:</span> <span class='ocrx_word' id='word_1_570' title='bbox 1670 1797 1755 1828; x_wconf 86' lang='lat' dir='ltr'>Nam</span> <span class='ocrx_word' id='word_1_571' title='bbox 1780 1797 1967 1838; x_wconf 82' lang='lat' dir='ltr'>cuicunque</span> <span class='ocrx_word' id='word_1_572' title='bbox 1990 1795 2186 1826; x_wconf 89' lang='lat' dir='ltr'>tribuendus</span> 
     </span>
     <span class='ocr_line' id='line_1_83' title="bbox 1196 1839 2188 1884; baseline -0.005 -10"><span class='ocrx_word' id='word_1_573' title='bbox 1196 1849 1248 1875; x_wconf 86' lang='lat' dir='ltr'>est</span> <span class='ocrx_word' id='word_1_574' title='bbox 1271 1842 1390 1881; x_wconf 80' lang='lat' dir='ltr'>honos,</span> <span class='ocrx_word' id='word_1_575' title='bbox 1427 1848 1565 1884; x_wconf 84' lang='lat' dir='ltr'>propter</span> <span class='ocrx_word' id='word_1_576' title='bbox 1587 1839 1713 1882; x_wconf 89' lang='lat' dir='ltr'>aliquid</span> <span class='ocrx_word' id='word_1_577' title='bbox 1738 1840 1883 1871; x_wconf 76' lang='lat' dir='ltr'>divinum</span> <span class='ocrx_word' id='word_1_578' title='bbox 1906 1839 2103 1870; x_wconf 85' lang='lat' dir='ltr'>tribuendus</span> <span class='ocrx_word' id='word_1_579' title='bbox 2127 1844 2188 1870; x_wconf 90' lang='lat' dir='ltr'>est.</span> 
     </span>
    </p>
   </div>
   <div class='ocr_carea' id='block_1_13' title="bbox 1195 1924 2191 2231">
    <p class='ocr_par' dir='ltr' id='par_1_13' title="bbox 1195 1924 2191 2231">
     <span class='ocr_line' id='line_1_84' title="bbox 1282 1924 2189 1969; baseline -0.004 -9"><span class='ocrx_word' id='word_1_580' title='bbox 1282 1929 1343 1960; x_wconf 83' lang='lat' dir='ltr'>Est</span> <span class='ocrx_word' id='word_1_581' title='bbox 1373 1934 1483 1960; x_wconf 87' lang='lat' dir='ltr'>autem</span> <span class='ocrx_word' id='word_1_582' title='bbox 1514 1929 1587 1969; x_wconf 86' lang='lat' dir='ltr'>ipse</span> <span class='ocrx_word' id='word_1_583' title='bbox 1620 1928 1702 1958; x_wconf 87' lang='lat' dir='ltr'>ordo</span> <span class='ocrx_word' id='word_1_584' title='bbox 1733 1937 1818 1968; x_wconf 87' lang='lat' dir='ltr'>opus</span> <span class='ocrx_word' id='word_1_585' title='bbox 1849 1925 2031 1967; x_wconf 85' lang='lat' dir='ltr'>sapientiae</span> <span class='ocrx_word' id='word_1_586' title='bbox 2061 1924 2127 1957; x_wconf 92' lang='lat' dir='ltr'>Dei</span> <span class='ocrx_word' id='word_1_587' title='bbox 2157 1931 2189 1956; x_wconf 89' lang='lat' dir='ltr'>et</span> 
     </span>
     <span class='ocr_line' id='line_1_85' title="bbox 1195 1969 2188 2012; baseline -0.006 -7"><span class='ocrx_word' id='word_1_588' title='bbox 1195 1972 1418 2005; x_wconf 81' lang='lat' dir='ltr'>testimonium</span> <span class='ocrx_word' id='word_1_589' title='bbox 1443 1972 1483 2003; x_wconf 91' lang='lat' dir='ltr'>de</span> <span class='ocrx_word' id='word_1_590' title='bbox 1494 1971 1582 2009; x_wconf 84' lang='lat' dir='ltr'>Dec,</span> <span class='ocrx_word' id='word_1_591' title='bbox 1607 1977 1638 2002; x_wconf 87' lang='lat' dir='ltr'>et</span> <span class='ocrx_word' id='word_1_592' title='bbox 1663 1972 1704 2001; x_wconf 91' lang='lat' dir='ltr'>de</span> <span class='ocrx_word' id='word_1_593' title='bbox 1721 1970 1940 2012; x_wconf 75' lang='lat' dir='ltr'>previdentia,</span> <span class='ocrx_word' id='word_1_594' title='bbox 1963 1974 1998 2000; x_wconf 86' lang='lat' dir='ltr'>ut</span> <span class='ocrx_word' id='word_1_595' title='bbox 2012 1979 2068 2000; x_wconf 86' lang='lat' dir='ltr'>res</span> <span class='ocrx_word' id='word_1_596' title='bbox 2082 1969 2188 2010; x_wconf 89' lang='lat' dir='ltr'>ipsae,</span> 
     </span>
     <span class='ocr_line' id='line_1_86' title="bbox 1198 2011 2190 2060; baseline -0.005 -12"><span class='ocrx_word' id='word_1_597' title='bbox 1198 2017 1383 2060; x_wconf 87' lang='lat' dir='ltr'>generatio,</span> <span class='ocrx_word' id='word_1_598' title='bbox 1407 2022 1438 2046; x_wconf 88' lang='lat' dir='ltr'>et</span> <span class='ocrx_word' id='word_1_599' title='bbox 1461 2014 1591 2046; x_wconf 79' lang='lat' dir='ltr'>sobolis</span> <span class='ocrx_word' id='word_1_600' title='bbox 1617 2014 1840 2045; x_wconf 75' lang='lat' dir='ltr'>conservatio.</span> <span class='ocrx_word' id='word_1_601' title='bbox 1882 2012 2013 2044; x_wconf 89' lang='lat' dir='ltr'>Deinde</span> <span class='ocrx_word' id='word_1_602' title='bbox 2038 2011 2190 2047; x_wconf 63' lang='lat' dir='ltr'>custodia</span> 
     </span>
     <span class='ocr_line' id='line_1_87' title="bbox 1198 2055 2189 2101; baseline -0.004 -10"><span class='ocrx_word' id='word_1_603' title='bbox 1198 2061 1382 2092; x_wconf 69' lang='lat' dir='ltr'>societatis.</span> <span class='ocrx_word' id='word_1_604' title='bbox 1395 2059 1534 2101; x_wconf 86' lang='lat' dir='ltr'>Legum,</span> <span class='ocrx_word' id='word_1_605' title='bbox 1558 2058 1767 2095; x_wconf 85' lang='lat' dir='ltr'>iudiciorum,</span> <span class='ocrx_word' id='word_1_606' title='bbox 1790 2057 1896 2098; x_wconf 86' lang='lat' dir='ltr'>pacis,</span> <span class='ocrx_word' id='word_1_607' title='bbox 1920 2066 1987 2087; x_wconf 89' lang='lat' dir='ltr'>non</span> <span class='ocrx_word' id='word_1_608' title='bbox 2010 2055 2093 2087; x_wconf 90' lang='lat' dir='ltr'>fiunt</span> <span class='ocrx_word' id='word_1_609' title='bbox 2117 2055 2189 2087; x_wconf 83' lang='lat' dir='ltr'>sine</span> 
     </span>
     <span class='ocr_line' id='line_1_88' title="bbox 1198 2099 2191 2143; baseline -0.006 -7"><span class='ocrx_word' id='word_1_610' title='bbox 1198 2103 1321 2136; x_wconf 77' lang='lat' dir='ltr'>auxfflo</span> <span class='ocrx_word' id='word_1_611' title='bbox 1344 2103 1420 2134; x_wconf 82' lang='lat' dir='ltr'>Dei.</span> <span class='ocrx_word' id='word_1_612' title='bbox 1456 2102 1570 2143; x_wconf 86' lang='lat' dir='ltr'>ltaque</span> <span class='ocrx_word' id='word_1_613' title='bbox 1594 2101 1820 2142; x_wconf 84' lang='lat' dir='ltr'>praesentiam</span> <span class='ocrx_word' id='word_1_614' title='bbox 1837 2100 1902 2131; x_wconf 86' lang='lat' dir='ltr'>Dei</span> <span class='ocrx_word' id='word_1_615' title='bbox 1924 2100 1957 2132; x_wconf 89' lang='lat' dir='ltr'>in</span> <span class='ocrx_word' id='word_1_616' title='bbox 1977 2099 2132 2141; x_wconf 81' lang='lat' dir='ltr'>coniugio</span> <span class='ocrx_word' id='word_1_617' title='bbox 2158 2104 2191 2130; x_wconf 86' lang='lat' dir='ltr'>et</span> 
     </span>
     <span class='ocr_line' id='line_1_89' title="bbox 1198 2143 2190 2188; baseline -0.005 -10"><span class='ocrx_word' id='word_1_618' title='bbox 1198 2149 1230 2179; x_wconf 91' lang='lat' dir='ltr'>in</span> <span class='ocrx_word' id='word_1_619' title='bbox 1254 2147 1399 2188; x_wconf 82' lang='lat' dir='ltr'>imperiis</span> <span class='ocrx_word' id='word_1_620' title='bbox 1424 2146 1576 2187; x_wconf 77' lang='lat' dir='ltr'>aspicere</span> <span class='ocrx_word' id='word_1_621' title='bbox 1608 2145 1784 2180; x_wconf 82' lang='lat' dir='ltr'>debemus,</span> <span class='ocrx_word' id='word_1_622' title='bbox 1821 2150 1853 2175; x_wconf 91' lang='lat' dir='ltr'>et</span> <span class='ocrx_word' id='word_1_623' title='bbox 1875 2143 1939 2175; x_wconf 88' lang='lat' dir='ltr'>has</span> <span class='ocrx_word' id='word_1_624' title='bbox 1970 2153 2025 2175; x_wconf 88' lang='lat' dir='ltr'>res</span> <span class='ocrx_word' id='word_1_625' title='bbox 2054 2147 2190 2184; x_wconf 86' lang='lat' dir='ltr'>propter</span> 
     </span>
     <span class='ocr_line' id='line_1_90' title="bbox 1198 2187 1738 2231; baseline -0.004 -9"><span class='ocrx_word' id='word_1_626' title='bbox 1198 2190 1329 2222; x_wconf 77' lang='lat' dir='ltr'>DEUM</span> <span class='ocrx_word' id='word_1_627' title='bbox 1353 2189 1507 2221; x_wconf 84' lang='lat' dir='ltr'>venerari</span> <span class='ocrx_word' id='word_1_628' title='bbox 1531 2194 1563 2220; x_wconf 89' lang='lat' dir='ltr'>et</span> <span class='ocrx_word' id='word_1_629' title='bbox 1587 2187 1738 2231; x_wconf 85' lang='lat' dir='ltr'>diligere.</span> 
     </span>
    </p>
   </div>
   <div class='ocr_carea' id='block_1_14' title="bbox 1199 2271 2191 2535">
    <p class='ocr_par' dir='ltr' id='par_1_14' title="bbox 1199 2271 2191 2535">
     <span class='ocr_line' id='line_1_91' title="bbox 1286 2271 2189 2316; baseline -0.007 -8"><span class='ocrx_word' id='word_1_630' title='bbox 1286 2276 1378 2308; x_wconf 90' lang='lat' dir='ltr'>Haec</span> <span class='ocrx_word' id='word_1_631' title='bbox 1390 2276 1580 2308; x_wconf 89' lang='lat' dir='ltr'>reverentia</span> <span class='ocrx_word' id='word_1_632' title='bbox 1602 2275 1635 2307; x_wconf 87' lang='lat' dir='ltr'>in</span> <span class='ocrx_word' id='word_1_633' title='bbox 1652 2279 1762 2306; x_wconf 88' lang='lat' dir='ltr'>mente</span> <span class='ocrx_word' id='word_1_634' title='bbox 1773 2273 1901 2316; x_wconf 83' lang='lat' dir='ltr'>primus</span> <span class='ocrx_word' id='word_1_635' title='bbox 1913 2274 2039 2315; x_wconf 87' lang='lat' dir='ltr'>gradus</span> <span class='ocrx_word' id='word_1_636' title='bbox 2051 2271 2189 2303; x_wconf 86' lang='lat' dir='ltr'>honoris</span> 
     </span>
     <span class='ocr_line' id='line_1_92' title="bbox 1199 2317 2190 2357; baseline -0.006 -5"><span class='ocrx_word' id='word_1_637' title='bbox 1199 2326 1258 2353; x_wconf 89' lang='lat' dir='ltr'>est.</span> <span class='ocrx_word' id='word_1_638' title='bbox 1304 2320 1434 2351; x_wconf 84' lang='lat' dir='ltr'>Deinde</span> <span class='ocrx_word' id='word_1_639' title='bbox 1457 2320 1597 2351; x_wconf 82' lang='lat' dir='ltr'>accedat</span> <span class='ocrx_word' id='word_1_640' title='bbox 1617 2324 1755 2350; x_wconf 80' lang='lat' dir='ltr'>externa</span> <span class='ocrx_word' id='word_1_641' title='bbox 1775 2318 1976 2356; x_wconf 88' lang='lat' dir='ltr'>obedientia,</span> <span class='ocrx_word' id='word_1_642' title='bbox 1998 2317 2039 2347; x_wconf 88' lang='lat' dir='ltr'>de</span> <span class='ocrx_word' id='word_1_643' title='bbox 2057 2326 2123 2357; x_wconf 89' lang='lat' dir='ltr'>qua</span> <span class='ocrx_word' id='word_1_644' title='bbox 2144 2320 2190 2347; x_wconf 90' lang='lat' dir='ltr'>te-</span> 
     </span>
     <span class='ocr_line' id='line_1_93' title="bbox 1199 2358 2190 2406; baseline -0.007 -10"><span class='ocrx_word' id='word_1_645' title='bbox 1199 2370 1317 2397; x_wconf 80' lang='lat' dir='ltr'>neatur</span> <span class='ocrx_word' id='word_1_646' title='bbox 1340 2362 1474 2406; x_wconf 86' lang='lat' dir='ltr'>regula:</span> <span class='ocrx_word' id='word_1_647' title='bbox 1498 2363 1650 2394; x_wconf 80' lang='lat' dir='ltr'>Necesse</span> <span class='ocrx_word' id='word_1_648' title='bbox 1671 2368 1721 2393; x_wconf 88' lang='lat' dir='ltr'>est</span> <span class='ocrx_word' id='word_1_649' title='bbox 1746 2362 1883 2393; x_wconf 88' lang='lat' dir='ltr'>obedire</span> <span class='ocrx_word' id='word_1_650' title='bbox 1902 2371 1970 2392; x_wconf 93' lang='lat' dir='ltr'>non</span> <span class='ocrx_word' id='word_1_651' title='bbox 1988 2358 2097 2391; x_wconf 91' lang='lat' dir='ltr'>solum</span> <span class='ocrx_word' id='word_1_652' title='bbox 2113 2368 2190 2400; x_wconf 85' lang='lat' dir='ltr'>pro-</span> 
     </span>
     <span class='ocr_line' id='line_1_94' title="bbox 1200 2401 2191 2450; baseline -0.006 -11"><span class='ocrx_word' id='word_1_653' title='bbox 1200 2414 1274 2450; x_wconf 84' lang='lat' dir='ltr'>pter</span> <span class='ocrx_word' id='word_1_654' title='bbox 1296 2408 1398 2445; x_wconf 86' lang='lat' dir='ltr'>iram,</span> <span class='ocrx_word' id='word_1_655' title='bbox 1429 2407 1489 2438; x_wconf 87' lang='lat' dir='ltr'>sed</span> <span class='ocrx_word' id='word_1_656' title='bbox 1513 2407 1610 2438; x_wconf 88' lang='lat' dir='ltr'>etiam</span> <span class='ocrx_word' id='word_1_657' title='bbox 1634 2411 1770 2447; x_wconf 85' lang='lat' dir='ltr'>propter</span> <span class='ocrx_word' id='word_1_658' title='bbox 1799 2404 2050 2436; x_wconf 87' lang='lat' dir='ltr'>conscientiam.</span> <span class='ocrx_word' id='word_1_659' title='bbox 2096 2401 2191 2433; x_wconf 80' lang='lat' dir='ltr'>Haec</span> 
     </span>
     <span class='ocr_line' id='line_1_95' title="bbox 1201 2446 2190 2491; baseline -0.007 -8"><span class='ocrx_word' id='word_1_660' title='bbox 1201 2452 1367 2483; x_wconf 78' lang='lat' dir='ltr'>sententia</span> <span class='ocrx_word' id='word_1_661' title='bbox 1389 2456 1531 2482; x_wconf 85' lang='lat' dir='ltr'>testatur</span> <span class='ocrx_word' id='word_1_662' title='bbox 1553 2457 1729 2491; x_wconf 72' lang='lat' dir='ltr'>peccatum</span> <span class='ocrx_word' id='word_1_663' title='bbox 1752 2446 1893 2479; x_wconf 84' lang='lat' dir='ltr'>mortale</span> <span class='ocrx_word' id='word_1_664' title='bbox 1912 2458 2001 2485; x_wconf 75' lang='lat' dir='ltr'>esse,</span> <span class='ocrx_word' id='word_1_665' title='bbox 2021 2452 2190 2478; x_wconf 85' lang='lat' dir='ltr'>contuma-</span> 
     </span>
     <span class='ocr_line' id='line_1_96' title="bbox 1203 2490 2188 2535; baseline -0.009 -8"><span class='ocrx_word' id='word_1_666' title='bbox 1203 2497 1286 2527; x_wconf 88' lang='lat' dir='ltr'>citer</span> <span class='ocrx_word' id='word_1_667' title='bbox 1309 2490 1435 2526; x_wconf 77' lang='lat' dir='ltr'>violare</span> <span class='ocrx_word' id='word_1_668' title='bbox 1464 2494 1573 2526; x_wconf 90' lang='lat' dir='ltr'>edicta</span> <span class='ocrx_word' id='word_1_669' title='bbox 1597 2492 1732 2535; x_wconf 85' lang='lat' dir='ltr'>politica</span> <span class='ocrx_word' id='word_1_670' title='bbox 1756 2490 1900 2525; x_wconf 84' lang='lat' dir='ltr'>civilium</span> <span class='ocrx_word' id='word_1_671' title='bbox 1924 2490 2188 2533; x_wconf 84' lang='lat' dir='ltr'>Magistratuum.</span> 
     </span>
    </p>
   </div>
   <div class='ocr_carea' id='block_1_15' title="bbox 1288 2618 2188 2667">
    <p class='ocr_par' dir='ltr' id='par_1_15' title="bbox 1288 2618 2188 2667">
     <span class='ocr_line' id='line_1_97' title="bbox 1288 2618 2188 2667; baseline -0.009 -10"><span class='ocrx_word' id='word_1_672' title='bbox 1288 2625 1421 2658; x_wconf 87' lang='lat' dir='ltr'>Tertius</span> <span class='ocrx_word' id='word_1_673' title='bbox 1451 2624 1576 2667; x_wconf 85' lang='lat' dir='ltr'>gradus</span> <span class='ocrx_word' id='word_1_674' title='bbox 1607 2628 1659 2655; x_wconf 91' lang='lat' dir='ltr'>est</span> <span class='ocrx_word' id='word_1_675' title='bbox 1681 2625 1826 2654; x_wconf 77' lang='grc' dir='ltr'><strong><em>ἐπιείκεια</em></strong></span> <span class='ocrx_word' id='word_1_676' title='bbox 1855 2622 1888 2653; x_wconf 89' lang='lat' dir='ltr'>in</span> <span class='ocrx_word' id='word_1_677' title='bbox 1912 2618 2095 2652; x_wconf 86' lang='lat' dir='ltr'>tolerandis</span> <span class='ocrx_word' id='word_1_678' title='bbox 2120 2618 2188 2660; x_wconf 84' lang='lat' dir='ltr'>qui-</span> 
     </span>
    </p>
   </div>
   <div class='ocr_carea' id='block_1_16' title="bbox 2321 0 2358 1134">
    <p class='ocr_par' dir='ltr' id='par_1_16' title="bbox 2321 0 2358 1134">
     <span class='ocr_line' id='line_1_98' title="bbox 2321 0 2358 1134; baseline 0 0"><span class='ocrx_word' id='word_1_679' title='bbox 2321 0 2358 1134; x_wconf 95' lang='lat' dir='ltr'> </span> 
     </span>
    </p>
   </div>
   <div class='ocr_carea' id='block_1_17' title="bbox 2340 1123 2349 1198">
    <p class='ocr_par' dir='ltr' id='par_1_17' title="bbox 2340 1123 2349 1198">
     <span class='ocr_line' id='line_1_99' title="bbox 2340 1123 2349 1198; baseline 0 -50"><span class='ocrx_word' id='word_1_680' title='bbox 2340 1123 2349 1198; x_wconf 35' lang='grc' dir='ltr'>ἢ</span> 
     </span>
    </p>
   </div>
   <div class='ocr_carea' id='block_1_18' title="bbox 2342 1322 2349 1419">
    <p class='ocr_par' dir='ltr' id='par_1_18' title="bbox 2342 1322 2349 1419">
     <span class='ocr_line' id='line_1_100' title="bbox 2342 1322 2349 1419; textangle 90"><span class='ocrx_word' id='word_1_681' title='bbox 2344 1414 2346 1419; x_wconf 84' lang='grc'>-</span> <span class='ocrx_word' id='word_1_682' title='bbox 2342 1322 2349 1399; x_wconf 36' lang='lat' dir='ltr'>-mr</span> 
     </span>
    </p>
   </div>
  </div>
 </body>
</html>
