2383 2990
131 148 224 180 xvll
2042 141 2150 173 XVIII

288 348 400 390 VIII.
433 346 706 389 DEFENSIO
741 345 998 388 CONIUGII
1030 343 1418 386 SACERDOTUM
1449 344 1547 384 PIA
1578 343 1648 384 ET
1679 342 1942 383 ERUDITA.

335 448 562 488 ,Prolegomena
585 458 614 487 p.
642 448 821 477 667—672.

341 526 391 556 De
415 526 554 564 coniugio
577 524 778 554 sacerdotum
800 533 830 563 p.
856 525 916 554 673
941 520 1010 562 ειη.

497 658 577 713 IX]
635 670 960 713 REFUTATIO
993 669 1271 712 ABUSUUM
1303 668 1533 710 COENAE
1565 667 1784 709 DOMINJ.

341 789 562 829 prolegomena
580 801 609 830 p.
637 792 696 820 693
722 800 771 829 sq.

765 892 974 922 Resutatio
999 891 1187 934 abusuum
1210 888 1345 920 Coena
1362 889 1518 919 Domini.

131 997 182 1028 De
214 1008 273 1028 usu
314 997 420 1036 integri
455 997 641 1027 Sacramenti
675 996 809 1036 corporis
847 999 878 1025 et
1299 993 1477 1033 Responsio
1490 992 1528 1022 ad
1546 995 1731 1031 argumenta,
1751 1000 1830 1030 quae
1842 990 1915 1019 obii-

177 1050 334 1089 sanguinis
359 1047 473 1079 Christi
494 1069 878 1079 ........
908 1057 935 1086 p.
961 1048 1028 1077 695‘
1047 1056 1126 1085 sqq:
1347 1046 1464 1075 ciuntur
1487 1045 1524 1074 de
1547 1045 1695 1074 sacrificio
1718 1043 1854 1073 Missae.
1901 1063 1908 1071 .
1944 1051 1974 1080 p.
1999 1041 2059 1070 712
2083 1050 2152 1080 sqq.

133 1099 248 1132 Contra
270 1102 415 1141 privatam
437 1100 568 1131 Missam
603 1121 878 1130 ......
903 1117 945 1121 -
970 1100 1029 1128 707
1055 1116 1095 1121 —-
1169 1097 1218 1127 De
1240 1097 1342 1127 Missa
1365 1097 1512 1126 theatrica
1525 1116 1910 1126 ........
1939 1111 1979 1115 -
2005 1094 2064 1122 717
2091 1110 2131 1115 -—

1027 1242 1253 1273 APPENDIX.

210 1352 274 1391 De
306 1356 508 1405 potestate
542 1355 584 1389 et
613 1350 790 1403 primatu
820 1349 970 1404 Papae,
1004 1356 1045 1389 et
1077 1349 1128 1389 de
1160 1354 1363 1403 potestate
1396 1355 1438 1388 et
1468 1346 1739 1420 iurisdiction‘e
1773 1345 2078 1400 Episcoporum.

342 1441 498 1471 Recensio
522 1440 697 1471 Editionum
720 1451 748 1479 p.
775 1441 956 1470 721—724.

137 1581 339 1637 Scriptum
384 1581 425 1622 in
458 1580 676 1622 Conventu
709 1579 1050 1621 Schmalcaldensi
1102 1579 1355 1634 propositum
1386 1594 1410 1619 a
1443 1577 1677 1631 Theologis,
1724 1577 1792 1631 qui
1834 1576 1889 1616 ibi
1920 1575 2147 1626 adfuerunt,

272 1666 410 1700 contra
443 1658 822 1709 Schwenkfeldium,
856 1657 1139 1698 Sebastianum
1171 1657 1372 1697 Francum
1405 1662 1447 1696 et
1478 1655 1688 1695 nonnullos
1721 1669 1882 1695 errones
1915 1654 2024 1705 alios,

392 1728 395 1731 ¹
818 1736 961 1776 Mense
993 1735 1154 1785 Martio,
1187 1734 1311 1774 Auno
1350 1735 1473 1775 1540.

346 1844 500 1874 Recensio
524 1843 698 1874 Editionum
722 1854 750 1882 p.
772 1846 830 1874 723
856 1854 902 1882 sq.

320 1983 384 2024 De
417 1983 667 2024 Eucharistia
699 1998 781 2023 non
813 1983 1141 2034 administranda,
1173 1982 1248 2023 nisi
1279 1983 1412 2023 adsint
1445 1982 1591 2036 quibus
1625 1995 1673 2021 ea
1704 1980 1976 2021 distribuatur.

364 2066 520 2096 Recensio
544 2066 718 2096 Editionuni
738 2077 766 2105 p
795 2069 854 2096 725
879 2076 925 2105 sq.

260 2215 314 2255 X.
358 2214 710 2257 SENTENTIAE
743 2214 1017 2255 VETERUM
1048 2213 1304 2264 ALIQUOT
1338 2212 1698 2256 SCRIPTORUM
1729 2212 1803 2252 DE
1836 2209 2031 2252 COENA

1037 2299 1257 2341 DOMINI.

347 2424 567 2464 Prolegomena
592 2436 621 2465 p.
648 2427 826 2456 725--730,

349 2502 526 2531 Sententiae
548 2507 682 2532 veterum
706 2502 820 2542 aliquot
839 2503 1017 2541 scriptorum
1042 2503 1079 2532 de
1104 2501 1209 2534 Coena
1231 2503 1352 2532 Domini
1375 2514 1403 2543 p.
1427 2506 1483 2533 731
1511 2513 1579 2543 sqq.

298 2673 444 2692 namma.
458 2673 541 2694 OPER.
556 2673 620 2693 vot.
635 2673 718 2693 xxut
1946 2667 1972 2694 θ
