2383 2990
148 149 214 182 485

149 245 289 277 Tantum
314 244 435 274 dicitur
464 243 495 272 in
527 240 582 272 illa
612 246 707 282 parte
732 240 915 272 concionis.

149 295 260 320 autem
274 287 313 317 sit
329 286 567 328 agnoscendus
582 284 688 322 Deus,
712 285 879 325 quonmdo
905 283 968 314 fide
988 283 1029 313 sit
1051 283 1139 313 aeci-

148 331 270 373 pienda
282 330 445 367 remissio,
468 329 499 359 id
515 328 683 369 copiosius
696 327 869 358 Danielem
884 327 1040 358 docuisse
1064 326 1139 356 inde

148 373 286 415 intelligi
311 379 432 413 potest,
456 372 543 413 quod
564 383 622 402 rex
649 370 750 402 voluit
776 370 872 401 liuius
891 368 1002 412 populi
1019 369 1139 399 (108111-

148 429 225 449 113111
259 417 374 448 31111118
408 414 524 446 relicta
548 415 700 446 doctrina
724 413 979 445 Chaldaeorum.
1026 412 1138 443 Sensit

149 471 232 503 ergo
257 466 383 490 tantum
406 460 436 489 in
463 459 527 489 1108
552 457 675 499 populo
701 458 884 488 doctrinam
904 457 945 487 de
958 466 1039 487 vero
1055 455 1139 494 Deo,
1164 492 1167 497 Ἰ

150 505 192 536 (18
236 504 436 534 remissione
472 509 682 543 peccatorum
718 507 749 531 et
784 501 825 530 de
859 498 968 530 salute
1002 506 1138 530 aeterna

150 547 373 590 quaerendam
405 556 492 577 esse.
539 544 694 576 Secunda
726 554 804 585 pars
829 543 859 573 in
885 544 1046 574 concione
1070 541 1139 573 Da-

788 145 831 176 V.
853 143 1121 176 EXPLtCATIO
1146 142 1350 175 SYMBOLI
1379 141 1539 174 NICENI.

962 239 1138 274 Quomodo
1155 270 1158 272 ,

1481 81 1497 96 Β

2113 142 2178 174 486

1190 237 1364 268 Dominus.
1423 237 1495 268 Hae
1517 236 1758 278 promissiones
1782 234 1910 277 legales
1934 237 2177 268 discernendae

1191 288 1307 312 sunta
1330 282 1551 322 promissione
1576 279 1873 317 reconciliationis,
1909 291 1994 321 quae
2029 287 2079 311 est
2104 292 2180 322 gra-

1190 326 1285 361 tuita,
1321 325 1407 355 sicut
1431 325 1507 354 dit-it
1533 323 1696 355 Dominus
1722 324 1897 355 conversis
1922 331 1953 354 et
1976 324 2176 355 habentibus

1191 368 1419 398 remissionem
1445 366 1579 408 culpae:
1615 367 1780 398 Remittito
1806 373 1837 398 et
1865 368 2048 398 remittetur
2071 368 2180 398 vobis.

1190 411 1240 441 Tu
1264 410 1370 441 David
1395 411 1522 451 parcito
1546 410 1668 441 Nabal:
1704 411 1750 441 lta
1782 411 1928 441 vicissim
1963 411 2019 441 titi
2052 421 2180 452 poenas

1190 453 1284 485 Deus
1309 455 1482 495 mitigabit,
1505 461 1539 485 ut
1568 454 1594 486 l.
1622 454 1703 496 Reg.
1729 454 1782 484 ⁶25.
1807 455 1947 485 dicitur:
1970 454 2044 485 Non
2059 455 2119 486 erit
2143 455 2180 485 ti-

1192 499 1222 528 bi
1246 498 1330 528 11388
1354 497 1506 534 offensio,
1531 498 1620 538 quod
1645 497 1771 528 fuderis
1796 499 1990 539 sanguinem
2021 498 2180 528 innocen-

1190 547 1267 578 tem,
1302 547 1333 572 et
1369 548 1399 571 te
1424 539 1513 572 ultus
1537 542 1597 578 sis,
1632 542 1715 571 sicut
1748 542 1943 581 saepissime
1968 543 2107 582 repetita
2130 547 2182 572 est

149 590 254 623 1118115ι
271 597 321 620 est
347 599 509 629 expressa
534 588 712 629 promissio
737 588 778 617 ‹ie
801 587 1014 617 remissione:
1049 585 1139 617 Ecce
1164 596 1167 621 t
1192 585 1358 622 doctrina,
1383 595 1466 625 quae
1483 584 1633 625 prohibet
1648 583 1821 625 indulgere
1845 585 1925 622 irae,
1950 585 2045 622 odiis,
2070 592 2102 616 et
2127 596 2182 616 cu-

150 635 211 666 erit
241 633 370 664 sanatio
406 631 600 663 delictorum
636 637 782 667 tuorum,
816 629 998 660 Promissio
1028 636 1138 660 autem

150 677 216 709 fide
245 676 437 717 accipienda
470 682 538 706 est:
583 674 674 715 Ergo
700 672 819 704 Daniel
850 684 922 703 cum
946 673 1139 714 promissio-

149 732 224 752 nem
261 730 423 760 expresse
459 719 574 756 tradit,
609 716 706 748 simul
731 723 761 747 et
787 717 970 747 doctrinam
996 717 1036 747 de
1060 716 1140 747 Fide
1165 735 1168 764 Ι
1298 751 1324 780 ε)
1348 748 1379 779 δὲ
1404 748 1489 784 ονδας
1512 747 1615 789 ἔφλων
1638 751 1687 779 καὶ
1710 748 1884 790 namq-60¹7
1906 748 1939 779 w*
1963 750 2061 790 πρᾶον

1165 771 1169 819 ι
1313 763 1324 780 b
1421 763 1428 778 1
1560 765 1588 795 «ι
2062 773 2072 788 2

152 762 392 805 complectitur.
440 762 660 802 Hieronymus
685 771 750 790 11011
771 766 861 790 recte
885 760 975 790 addit
999 760 1140 800 particu-

150 806 215 839 lam
252 806 463 837 dubitationis
496 805 603 844 μόριον
635 803 826 842 α’πορηιικόν.

150 849 327 882 manifesta
351 849 560 880 asseveratio
585 854 651 878 est:
675 846 763 877 Ecce
788 848 846 877 erit
861 847 990 877 sanatio
1005 845 1141 877 delicto-

150 905 222 925 rum
258 900 400 925 tuorum.
452 891 544 922 Haec
580 889 757 931 explicatio
793 888 942 921 Danielis
976 888 1075 930 plana
1111 895 1143 920 et

150 947 216 969 non
231 936 421 977 Sophistica
446 941 504 965 est.
551 933 614 965 Alii
642 935 766 971 dicunt,
789 932 963 964 Danielem
987 932 1076 974 loqui
1101 933 1142 963 (le

150 981 348 1012 remissione
372 989 554 1019 poenarum
578 976 825 1018 temporalium,
861 977 920 1007 sed
947 976 1030 1007 11388
1053 975 1143 1007 solu-

151 1025 196 1055 tio
221 1025 283 1054 etsi
307 1022 384 1053 alibi
409 1021 518 1052 locum
543 1020 660 1051 habet:
692 1028 801 1051 tamen
826 1019 880 1051 1118
903 1021 994 1061 prius
1020 1021 1143 1051 docen-

152 1068 214 1098 dus
238 1072 309 1097 erat
333 1077 391 1096 rex
416 1066 457 1096 (18
483 1065 679 1095 remissione
711 1063 840 1105 culpae.
887 1064 927 1094 Et
951 1062 1142 1094 dulcissima

153 1109 342 1142 consolatio
378 1115 429 1139 est
453 1110 484 1139 111
509 1107 574 1138 1108
599 1106 750 1148 exemplo
775 1108 946 1148 proposita
971 1108 1142 1138 omnibus:

154 1153 238 1185 Cum
269 1160 360 1184 tanto
384 1151 542 1193 Tyranno
574 1152 782 1192 promittatur
812 1151 963 1181 remissio
988 1159 1144 1192 peccato-

151 1208 237 1235 rum,
262 1196 288 1227 si
313 1202 389 1237 agat
413 1195 666 1236 poenitentiam,
692 1201 722 1224 et
748 1195 863 1235 agnito
888 1205 968 1225 vero
992 1205 998 1223 1
1022 1204 1062 1224 80
1087 1205 1143 1234 ap-

151 1240 338 1281 prehendat
364 1239 628 1280 promissionem.
666 1237 899 1268 Exuscitemns
924 1248 987 1268 nos
1011 1247 1144 1279 quoque

152 1284 194 1314 ad
219 1282 454 1323 poenitentiam
479 1288 511 1312 et
535 1282 643 1312 fidem.
690 1280 938 1312 Meminerimus
963 1281 1061 1311 huius
1094 1291 1144 1311 re-

153 1327 205 1368 gis
231 1326 486 1357 conversionem
512 1325 642 1366 ins-igne
661 1322 846 1364 exemplum
872 1334 961 1362 esse,
985 1324 1143 1365 811108111-

151 1370 272 1400 tentiae
308 1375 340 1399 et
374 1368 582 1400 remissionis
616 1373 831 1408 peccatorum
867 1373 900 1398 et
929 1368 1142 1409 mitigationis

150 1422 345 1454 poenarum.

617 1574 674 1606 tx.

211 1674 424 1716 Remittite
458 1680 500 1714 et
530 1673 761 1714 remittetur
791 1673 920 1723 vobis,

212 1736 320 1790 Ergo
352 1743 488 1774 nostra
520 1734 700 1774 remissio
732 1741 911 1773 meretur
939 1734 1140 1774 remissio-

274 1810 369 1835 nem
402 1796 513 1850 apud
545 1795 692 1834 Deum.

238 1887 443 1928 Responsio.
510 1886 618 1917 Multa
647 1887 734 1917 dicta
757 1885 939 1927 loquuntur
963 1886 1004 1917 de
1028 1887 1141 1918 remis-

151 1931 247 1963 sione
282 1941 411 1972 poenae
436 1929 644 1971 temporalis,
680 1936 713 1960 ut
737 1930 769 1960 in
795 1929 899 1960 Tobia
924 1940 1065 1963 necesse
1089 1938 1139 1962 est

151 1975 236 2006 11388
259 1975 348 2005 (11813
371 1974 477 2016 accipi
501 1975 542 2004 de
565 1974 762 2005 remissione
786 1983 915 2014 poenae
934 1973 1139 2014 temporalis.

238 2069 463 2112 Eleemosyna
489 2068 607 2100 liberat
630 2079 649 2099 a
672 2075 789 2103 morte,
825 2074 855 2099 et
878 2075 999 2111 purgat
1023 2079 1139 2110 pecca-

152 2119 197 2145 ta.
244 2113 278 2144 111
312 2112 436 2144 talibus
472 2114 569 2144 dictis
605 2122 745 2143 neeesse
781 2118 832 2143 est
862 2112 1019 2143 adhihere
1044 2113 1141 2144 inter-

151 2158 382 2199 pretationem,
406 2157 482 2197 quia
505 2155 670 2187 alia‘dicta
685 2166 848 2197 expresse
861 2155 1040 2194 affirmant,
1066 2168 1140 2198 gra-

152 2201 193 2231 tis
218 2200 336 2231 remitti
372 2205 529 2241 peccata,
565 2206 595 2230 et
620 2198 689 2230 tolli
716 2206 853 2230 mortem
874 2207 1042 2231 aeternam
1067 2211 1141 2241 pro-

150 2252 224 2285 pter
248 2243 476 2275 Mediatoretn.
520 2242 676 2278 Decnrro
711 2244 809 2285 igitur
833 2244 873 2274 ad
899 2243 986 2274 hanc
1008 2245 1141 2275 brevem

152 2288 409 2323 enarrationem,
446 2286 529 2317 11388
565 2287 653 2317 dicta
676 2285 767 2328 loqui
792 2287 832 2317 de
858 2287 1014 2328 praemiis
1041 2288 1142 2318 bono-

151 2342 222 2362 rum
248 2341 397 2371 operum,
421 2340 505 2371 quae
529 2329 610 2360 fiunt
633 2341 652 2360 a
677 2331 865 2361 conversis.
912 2329 1140 2362 Certissimum

152 2381 203 2405 est
224 2375 322 2411 enim,
346 2374 433 2415 quod
460 2375 545 2404 bona
571 2384 673 2414 opera
692 2375 819 2415 piorum
833 2374 953 2404 habent
970 2384 1028 2404 sua
1044 2384 1142 2415 quae-

152 2418 227 2448 dam
250 2419 407 2458 praemia,
431 2418 521 2448 iuxta
545 2417 681 2448 dictum:
717 2417 805 2448 Date
828 2424 861 2448 et
880 2418 1010 2448 dabitur
1033 2418 1141 2448 vobis.

151 2461 249 2494 ltem,
285 2461 319 2492 Si
341 2461 414 2502 quis
439 2460 564 2491 dederit
583 2467 696 2501 potum
727 2471 834 2502 aquae
860 2462 911 2491 uni
937 2471 976 2491 ex
1001 2461 1140 2491 minimis

150 2511 288 2546 propter
312 2504 508 2542 doctrinam,
541 2503 674 2534 habebit
708 2505 907 2535 mercedem.
975 2504 1022 2535 lta
1048 2503 1141 2536 Elee-

151 2558 294 2590 mosyna
318 2546 437 2578 liberat
461 2558 481 2578 a
504 2554 622 2584 morte,
647 2546 773 2578 scilicet
798 2549 829 2579 in
851 2547 1009 2589 penicillis
1024 2559 1142 2589 eorpo-

151 2601 236 2628 rum,
260 2598 294 2622 ut
318 2592 395 2622 dicit
420 2589 591 2621 Psalmus:
626 2590 751 2621 Beatus
783 2592 836 2633 qui
860 2590 1014 2634 intelligit
1039 2596 1141 2632 super
1167 2582 1170 2598 ¹

152 2645 294 2676 egenum
327 2641 360 2666 et
389 2645 583 2676 pauperem,
618 2634 651 2667 in
686 2634 739 2665 die
772 2634 860 2666 mala
889 2634 1043 2666 liberabit
1066 2646 1141 2667 eum

875 803 959 833 Nam
993 803 1025 833 in
1050 809 1141 833 textu
1166 824 1168 832 t

1166 2097 1283 2136 tquod
1319 2096 1348 2127 ei
1384 2097 1563 2128 insidietur.

1166 2149 1169 2173 t
1193 2137 1281 2170 aliud
1302 2147 1495 2181 praetextus
1521 2150 1580 2170 seu
1605 2141 1752 2177 occasio,
1788 2147 1820 2171 ut
1846 2141 1981 2171 dieitur:
2009 2139 2185 2181 plectimur

1191 628 1317 669 piditati
1353 628 1528 659 vindictae.
1597 627 1637 658 Et
1672 629 1738 658 sint
1761 628 1831 658 noti
1856 626 2039 661 dulcissimi
2063 638 2181 660 versus

1192 671 1413 702 Nazianzeni:

1346 794 1435 835 οἴκτῳ
1461 792 1516 834 γάρ
1541 798 1638 828 οἰκιος
1662 793 1704 834 τῷ
1727 794 1795 835 θεῷ
1818 794 2028 832 oram-tigerat.
2057 812 2059 814 ·

1282 871 1316 901 Si
1351 871 1470 912 quibus
1507 877 1616 901 autem
1650 869 1734 901 11388
1767 870 1945 911 responsio
1969 881 2034 901 non
2058 869 2182 912 placet,

1168 931 1170 942 ι
1195 920 1324 945 utamur
1347 913 1465 951 altera,
1486 915 1572 955 quod
1589 913 1806 945 hocdictutn:
1833 914 1997 945 Retnittite
2021 920 2053 944 et
2076 915 2184 945 remit-

1169 963 1171 991 ἰ
1194 965 1283 989 tetur
1295 958 1414 1000 jubis,
1449 964 1481 988 et
1504 956 1632 990 similia,
1657 958 1721 988 sint
1746 959 1928 988 conciones
1948 958 2182 997 poenitentiae.

1169 1013 1173 1048 1
1195 1001 1230 1032 111
1254 1000 1359 1032 altera
1382 1007 1477 1042 parte
1500 1001 1702 1042 praecipitur
1727 1002 1919 1032 conversio:
1947 1000 2050 1032 Recte
2074 999 2184 1032 facite.

1170 1063 1172 1080 .
1197 1045 1231 1076 111
1252 1044 1356 1076 311813
1381 1051 1477 1085 113118
1501 1046 1690 1075 ostenditur
1713 1045 1904 1085 promissio,
1929 1055 2026 1085 quain
2051 1043 2115 1075 alia
2139 1045 2185 1075 di-

1170 1102 1173 1116 ι
1197 1096 1250 1119 813
1274 1087 1446 1130 Evangelii
1471 1086 1654 1126 declarant,
1689 1089 1776 1129 quod
1801 1089 1843 1119 sit
1869 1089 2011 1130 gratuita
2035 1094 2066 1119 et
2089 1089 2186 1119 detur

1170 1146 1173 1158 ε
1196 1139 1332 1173 propter
1356 1132 1595 1168 Mediatorem,
1631 1132 1716 1162 sieut
1740 1131 1866 1162 Paulus
1891 1132 2011 1173 inquit:
2043 1132 2119 1163 ideo
2144 1142 2185 1163 ex

1170 1176 1277 1214 tFide
1312 1176 1429 1216 gratis,
1466 1182 1497 1206 ut
1530 1175 1573 1205 sit
1610 1174 1703 1205 firma
1724 1176 1911 1215 promissio.
1977 1175 2011 1205 Si
2036 1176 2120 1211 enim
2144 1186 2186 1206 ex

1170 1216 1173 1263 J
1197 1226 1312 1249 nostra
1332 1218 1577 1250 condonatione
1596 1219 1766 1259 penderet,
1792 1229 1878 1259 quae
1902 1228 2034 1258 semper
2055 1225 2106 1250 est
2129 1220 2186 1249 im-

1196 1262 1358 1304 perfecta,
1384 1262 1478 1293 fieret
1502 1263 1628 1293 incerta
1652 1262 1815 1293 remissio.
1850 1263 2053 1293 Attexuntur
2076 1269 2186 1293 autem

1196 1305 1280 1336 tales
1304 1306 1544 1347 promissiones
1569 1306 1747 1346 operibus,
1781 1306 1857 1347 quia
1880 1304 1951 1336 vult
1974 1304 2068 1336 Deus
2088 1306 2185 1336 etiam

1197 1350 1283 1380 bona
1319 1360 1421 1390 opera
1455 1360 1520 1380 non
1556 1350 1719 1386 meritum,
1754 1351 1813 1380 sed
1844 1347 2185 1380 commonefaetiones

1196 1403 1273 1424 esse
1308 1393 1349 1423 (18
1384 1393 1606 1434 promissione
1638 1393 1775 1434 gratiae.
1844 1391 1995 1434 Utraque
2018 1393 2185 1424 enarratio

1196 1443 1247 1467 est
1270 1435 1411 1478 simplex
1432 1442 1464 1467 et
1487 1437 1559 1467 sine
1583 1435 1785 1477 Sopltistica.

1666 1599 1708 1632 X.

1253 1671 1453 1712 Universa
1487 1672 1633 1713 delicta
1667 1673 1798 1727 operit
1830 1673 2004 1724 dileetio,

1253 1732 1361 1787 Ergo
1394 1733 1556 1773 difectio
1588 1743 1767 1774 meretur
1797 1735 2086 1775 remissionem.

1280 1833 1376 1875 Nego
1402 1826 1687 1875 consequentiam,
1723 1841 1754 1866 et
1777 1836 1862 1866 ratio
1882 1841 1951 1872 est,
1988 1835 2063 1876 quia
2097 1835 2185 1876 apud

1194 1876 1408 1908 Salomonem
1434 1889 1499 1908 non
1525 1879 1588 1909 1108
1613 1879 1749 1915 dicitur,
1785 1879 1910 1909 Nostra
1935 1877 2055 1909 delicta
2078 1880 2185 1919 operit

1167 1921 1169 1924 ⁴
1194 1920 1339 1958 dilectio,
1363 1923 1423 1952 sed
1448 1920 1568 1959 aliena,
1592 1923 1623 1953 id
1648 1929 1710 1959 est,
1737 1923 1855 1953 dicitnr
1879 1922 1919 1953 de
1939 1923 2184 1953 condonatione

1167 1965 1169 2004 j
1194 1966 1277 1995 inter
1302 1963 1468 2003 homines,
1503 1966 1579 2007 quia
1605 1972 1655 1996 est
1680 1965 1883 1997 Antithesis:
1919 1966 2037 1996 Odium
2063 1966 2185 1997 excitat

1167 2015 1170 2044 ι
1195 2009 1297 2046 rixas,
1331 2009 1390 2039 sed
1427 2020 1505 2040 vera
1544 2008 1777 2041 benevolentia
1802 2010 1882 2051 tegit
1907 2016 1938 2040 et
1963 2016 2059 2040 sanat
2083 2009 2185 2041 offen-

1387 2052 1472 2087 Quia
1507 2052 1585 2083 Saul
1620 2054 1688 2084 odit
1724 2052 1901 2091 Davidem,
1936 2053 2010 2084 ideo
2033 2059 2184 2091 accusat,

1633 2097 1743 2137 Saepe
1767 2096 1854 2127 aliud
1880 2103 1931 2127 est
1956 2098 2045 2128 rixae
2070 2107 2185 2134 eausa,

1194 2052 1319 2083 siones.

1194 2183 1230 2214 ου’
1253 2182 1304 2214 διὰ
1328 2183 1476 2223 ἁμαρτίαν
1499 2183 1593 2219 ποδός
1616 2183 1691 2224 πρίς
1717 2185 1818 2224 λύραν.
1844 2183 1954 2219 Quare
1969 2182 2031 2215 1108
2052 2184 2185 2221 dit-tum,

1167 2232 1169 2239 ’
1193 2227 1350 2258 universa
1376 2227 1496 2258 del-iota
1521 2228 1627 2268 operit
1651 2226 1802 2265 dilectio,
1831 2234 2043 2268 praeceptum
2068 2235 2119 2258 est
2143 2228 2185 2257 de

1167 2275 1170 2282 “
1194 2276 1337 2315 επιείκειᾳ
1361 2271 1446 2301 inter
1471 2271 1632 2302 homines.

1689 2270 1790 2301 Aliud
1816 2277 1867 2302 est
1890 2270 1981 2313 loqui
2007 2272 2048 2302 de
2072 2271 2186 2302 retnis-

1194 2315 1289 2345 sione
1314 2321 1450 2345 nostrae
1470 2314 1588 2356 culpae
1611 2315 1699 2356 apud
1725 2314 1842 2345 Deum.

1665 2477 1723 2510 Xt.

1255 2560 1298 2602 Si
1337 2561 1398 2601 vis
1436 2560 1478 2600 in
1519 2559 1649 2600 vitam
1680 2560 1866 2615 ingredi„
1903 2574 2021 2601 serva
2066 2575 2183 2600 man-

1317 2623 1426 2673 data,

1922 2694 1979 2720 ³1·
