2383 2990
170 113 236 146 31⁷
811 109 869 143 IV.
891 109 1154 142 ENARRATIO
1183 109 1385 142 SYMBOLI
1412 109 1574 142 NlCENl.
2149 109 2215 142 318

171 214 268 241 scant
290 208 455 249 patienter
477 205 567 238 ferre
590 206 754 248 quasdam
778 212 810 238 et
834 206 1097 249 gubernatorum
1119 205 1166 236 in-

170 252 356 290 firmitates,
380 256 413 282 et
435 250 540 282 multa
557 250 663 292 ipsius
677 251 931 292 gubernationis
954 250 1166 291 impedimen-

170 302 215 335 ta,
239 305 326 337 quae
349 305 417 326 non
440 301 507 325 tam
531 293 737 336 negligentia
762 294 1043 336 gubernatorum,
1068 303 1167 335 quam

170 345 355 381 temporum
381 336 632 369 difficultatibus
652 337 818 369 accidunt.

256 416 375 448 Bonus
399 421 432 448 et
455 414 612 447 salutaris
636 416 793 457 princeps
816 413 877 447 fuit.
899 414 1079 452 Ezechias,
1103 413 1165 445 sed

170 465 281 491 tamen
316 470 390 490 cum
426 460 496 490 eius
527 466 681 501 tempora
704 460 810 490 minus
834 457 1014 500 tranquilla
1038 463 1164 496 essent,

171 514 270 546 quam
294 503 486 535 Salomonis
511 508 654 544 tempus,
689 502 803 534 durior
826 500 887 533 fuit
911 503 973 533 sub
997 503 1071 543 ipso
1095 511 1165 532 ser-

170 549 270 586 vitus,
294 557 393 589 quam
417 547 479 578 sub
504 545 696 578 Salomne.

257 624 350 657 Haec
385 624 630 656 consideranda
665 629 756 662 sunt,
793 629 829 655 ut
852 633 1046 654 communes
1070 633 1166 654 aeru-

170 679 266 708 mnas
290 669 460 709 sapienter
484 666 572 700 ferre
606 667 787 699 discamus.
850 666 891 698 Et
915 666 980 698 huc
1004 665 1122 708 regula
1147 677 1166 697 a

170 713 271 745 Petro
294 713 416 744 tradita
438 712 595 753 pertinet:
619 711 760 742 Obedite
774 710 939 748 Dominis,
964 720 1030 741 non
1056 709 1166 741 solum

170 756 267 789 bonis
291 762 323 787 et
346 757 475 798 aequis,
500 755 560 786 sed
580 756 679 786 etiam
702 755 848 786 morosis
872 761 905 786 et
929 754 1131 785 durioribus.

149 822 163 839 ⁵
258 825 351 857 Haec
374 825 520 857 breviter
543 825 649 866 attigi,
673 830 709 855 ut
732 824 803 856 veri
816 823 963 855 honores
984 824 1085 855 debiti
1109 824 1166 855 im-

169 870 283 912 periiS,
306 870 431 901 rectius
454 867 694 910 intelligantur.

257 990 400 1022 Restant
433 996 543 1021 autem
576 990 792 1032 quaestiones
835 990 1075 1032 gravissimae:
1112 988 1165 1019 An

171 1044 288 1066 omnes
311 1035 449 1065 iniuriae
474 1032 668 1065 tolerandae
692 1034 769 1072 sint,
793 1040 824 1064 et
850 1034 983 1075 quando
1008 1043 1166 1064 neeessa-

170 1081 219 1110 ria
250 1085 306 1110 aut
331 1088 498 1110 concessa
522 1079 564 1109 sit
587 1076 760 1115 defensio,
795 1076 837 1108 Et.
862 1078 940 1118 quid
965 1077 1007 1108 sit
1030 1076 1166 1119 proprie

168 1122 358 1165 Tyrannus.

258 1166 311 1197 De
334 1165 388 1196 his
412 1165 666 1206 quaestionibus
691 1164 816 1195 addere.
829 1164 951 1195 breves
976 1174 1167 1196 commone-

169 1208 335 1241 saetiones
360 1207 441 1240 utile
466 1215 528 1239 est.

257 1286 343 1322 Quia
379 1287 466 1318 enim
501 1287 533 1316 in
567 1285 632 1317 hac
655 1284 800 1317 humana
826 1284 1026 1325 infirmitate,
1063 1285 1166 1318 multa

169 1336 247 1364 sunt
271 1336 382 1362 errata
406 1337 437 1361 et
460 1330 539 1361 vitia
557 1330 656 1360 etiam
679 1330 711 1360 in
735 1328 894 1360 mediocri
909 1330 1164 1370 gubernatione,

167 1374 413 1415 Anabaptistae
436 1371 673 1404 universaliter
696 1382 762 1403 non
787 1370 895 1403 solum
908 1383 1073 1413 personas
1098 1384 1165 1405 ma-

168 1418 379 1460 gistratuum,
413 1417 473 1448 sed
498 1417 597 1447 etiam
619 1417 728 1457 ipsum
753 1416 903 1447 ordinem
938 1417 1107 1455 damnant,
1133 1423 1165 1448 et

168 1459 399 1493 vociferantur
423 1461 533 1491 omnia
556 1460 694 1502 imperia
718 1470 797 1491 esse
820 1461 1037 1502 tyrannides,
1062 1467 1095 1492 et
1119 1462 1165 1492 in-

167 1505 290 1537 iustam
313 1504 516 1536 violentiam.

255 1581 387 1614 Deinde
421 1580 503 1614 utile
540 1587 591 1613 est
616 1582 715 1613 etiam
745 1583 834 1614 scire
869 1582 962 1624 ipsos
998 1582 1165 1621 dominos,

168 1626 349 1668 aliquando
374 1627 461 1658 iuste
485 1624 619 1657 furores
643 1636 761 1658 eorum
784 1626 919 1668 reprimi
941 1636 1056 1667 posse.

257 1748 320 1779 Est
355 1748 457 1790 igitur
491 1748 602 1779 bonus
637 1757 699 1778 seu
727 1747 905 1779 mediocris
933 1749 1163 1790 magistratus,

171 1792 226 1834 qui
249 1790 351 1823 habet
374 1791 519 1823 studium
544 1801 605 1823 seu
633 1795 810 1833 προαίρεσιν
833 1797 925 1823 recte
948 1790 1091 1823 faciendi
1116 1791 1164 1824 of-

168 1832 299 1876 ficium,
327 1841 359 1866 et
382 1833 578 1877 plerumque
597 1841 689 1866 recte
714 1833 813 1874 facit,
848 1836 976 1867 etiamsi
999 1836 1165 1867 interdum

168 1885 293 1917 cessat,
328 1885 386 1910 aut
421 1880 586 1910 communi
622 1878 809 1910 infirmitate
832 1886 1010 1920 superatus
1033 1885 1163 1921 peccat.

167 1921 266 1954 Tales
291 1928 369 1954 sunt
392 1921 516 1961 David,
540 1921 715 1961 Salomon,
739 1922 909 1964 losaphat,
932 1922 1109 1962 Ezechias,
1133 1929 1165 1954 et

166 1965 261 1998 multi
285 1965 352 2005 alii,
378 1967 433 2008 qui
458 1977 649 2008 quanquam
661 1965 785 1998 habent
809 1965 939 2009 aliquos
964 1965 1092 2009 lapsus,
1118 1974 1165 1998 ta-

166 2021 242 2042 men
265 2015 446 2053 προαίρεσις
470 2012 557 2042 bona
580 2009 653 2049 fuit,
677 2016 710 2042 et
731 2009 930 2053 plerumque
960 2017 1053 2043 recte
1076 2009 1165 2042 fece-

167 2060 256 2086 runt.

254 2131 403 2164 Econtra
426 2131 605 2175 Tyrannus
632 2138 702 2171 est,
727 2133 783 2175 qui
806 2132 909 2165 habet
933 2133 1078 2165 studium
1103 2143 1164 2164 seu

166 2181 344 2219 προαίρεσιν
363 2175 531 2207 scel3mte
549 2177 689 2219 agendi,
724 2182 755 2208 et
778 2176 973 2219 plerumque
996 2175 1163 2209 scelerate

167 2223 246 2262 agit,
271 2220 399 2251 etiamsi
423 2220 586 2251 interdum
600 2219 711 2262 aliqua
731 2228 823 2252 recte
847 2219 938 2260 facit,
962 2220 1061 2252 Tales
1085 2227 1164 2252 sunt

165 2263 268 2303 Nero,
292 2262 461 2306 Caligula,
486 2269 519 2295 et
541 2262 633 2295 multi
657 2263 720 2296 alii.

255 2344 405 2384 Suntque
430 2342 546 2373 harum
570 2342 797 2374 definitionum
808 2342 920 2375 fontes
946 2343 1162 2375 consideran-

146 2384 211 2425 di,
234 2391 270 2417 ut
292 2387 324 2416 in
349 2386 413 2417 hac
438 2384 664 2418 imbecillitate
688 2386 844 2425 humana,
869 2388 901 2418 in
926 2388 1068 2419 caeteris
1087 2398 1163 2429 gra—

167 2430 265 2461 dibus
288 2427 477 2461 officiorum
501 2428 625 2461 similes
651 2430 897 2472 descriptiones
922 2431 1014 2469 fiant,
1038 2438 1069 2462 et
1084 2442 1162 2462 con-

166 2473 328 2505 scientiae
353 2473 557 2511 erudiantur,
584 2475 750 2516 quomodo
776 2474 849 2506 Deo
873 2474 1029 2517 placeant
1054 2475 1161 2506 nostri

165 2514 313 2555 labores,
348 2527 424 2548 cum
458 2515 551 2548 nulla
586 2523 678 2548 tanta
701 2517 873 2560 vigilantia
897 2525 953 2550 aut
977 2520 1080 2550 virtus
1105 2519 1159 2557 sit,

166 2570 252 2602 quae
287 2561 329 2592 sit
363 2571 426 2602 par
461 2562 695 2603 gubernationi
727 2561 885 2603 politicae
914 2562 969 2595 vel
991 2560 1160 2594 Ecclesia-

167 2605 283 2636 sticae.

1309 204 1446 237 Sumtae
1480 211 1558 237 sunt
1591 211 1701 237 autem
1735 204 1945 237 definitiones
1975 216 2017 237 ex
2040 205 2092 236 his
2117 206 2214 238 dictis

1219 247 1325 280 Pauli.
1372 248 1407 280 ln
1426 249 1538 290 priore
1560 249 1604 280 ad
1628 248 1822 280 Corinthios
1841 260 1916 291 cap.
1940 249 1971 280 4.
1995 250 2117 291 inquit:
2141 249 2215 282 Hoc

1219 301 1256 322 re
1281 292 1409 330 uiritur,
1446 291 1563 324 fideles
1592 299 1628 323 ut
1653 293 1767 324 simus.
1836 291 2080 334 Complectitur
2104 299 2215 325 autem

1219 334 1241 366 fi
1267 334 1362 366 elitas
1386 336 1589 367 mediocrem
1612 337 1786 367 scientiam
1811 337 1884 367 eius
1907 337 1967 375 rei,
1991 346 2090 378 quam
2113 336 2214 378 profi-

1189 374 1194 420 Ι
1219 379 1312 417 teris,
1337 385 1369 409 et
1393 379 1512 410 deinde
1537 381 1569 410 in
1583 379 1868 411 administratione
1892 379 2115 411 sedulitatem.
2138 380 2216 413 Non

1190 427 1194 447 Ι
1220 428 1271 453 est
1305 420 1414 453 fidelis
1449 423 1618 460 medicus,
1654 423 1709 465 qui
1733 434 1807 454 cum
1832 434 1899 454 non
1924 424 2076 454 didicerit
2099 430 2216 463 artem,

1189 451 1195 592 D
1220 472 1331 496 tamen
1367 475 1526 496 exercere
1562 466 1679 504 audet,
1712 468 1771 498 sed
1796 466 1976 507 perfidiose
2000 467 2099 506 facit,
2124 468 2215 509 quod

1219 510 1379 549 promittit
1403 519 1453 547 ea,
1479 519 1565 550 quae
1589 511 1652 540 scit
1674 520 1712 540 se
1734 520 1801 541 non
1826 511 1994 541 didicisse.
2040 510 2112 542 Nec
2137 511 2216 542 fide·

1218 551 1260 583 lis
1285 558 1347 590 est,
1384 553 1413 583 si
1437 553 1568 590 didicit,
1605 559 1636 584 et
1661 560 1770 584 tamen
1795 556 1911 585 volens
1935 552 2075 597 negligit
2097 565 2216 597 aegro-

1219 602 1284 627 tos.
1333 595 1485 627 Excludit
1510 597 1610 638 igitur
1633 595 1777 628 fidelitas
1802 604 1979 639 utrumque
2002 596 2137 636 malum,
2168 596 2216 629 af-

1220 637 1377 671 fectatam
1401 640 1636 682 ignorantiam,
1661 646 1693 671 et
1723 640 1910 672 affectatam
1936 640 2186 683 negligentiam.

1308 717 1493 759 Postquam
1518 725 1627 749 autem
1650 728 1692 749 ex
1715 719 1780 749 isto
1801 718 1895 750 Pauli
1920 719 2009 750 dicto
2030 720 2216 759 didicimus,

1221 759 1338 804 quales
1373 762 1405 792 in
1442 763 1595 793 omnibus
1631 761 1820 793 officiorum
1851 763 2011 804 gradibus
2048 773 2216 794 essenon

1220 812 1384 846 oporteat,
1418 806 1587 837 discamus
1624 812 1656 836 et
1691 816 1733 837 ex
1769 805 1876 845 altero
1908 807 1996 838 dicto
2026 817 2216 849 agnoscere

1220 847 1492 888 imbecillitatem,
1516 860 1601 891 quae
1615 848 1713 880 simul
1737 856 1787 880 est
1809 850 1840 880 in
1861 850 2014 881 omnibus
2027 846 2224 892 quanquam⁷

1222 893 1319 924 bonis
1340 893 1632 934 gubernatoribus.
1681 893 1737 924 Sic
1762 894 1849 924 enim
1872 894 1977 935 inquit
2000 894 2031 924 2.
2057 893 2170 925 Corin.
2184 894 2215 925 3.

1221 936 1296 967 Non
1321 937 1411 978 quod
1436 935 1642 970 sufficientes
1668 937 1771 968 simus
1796 948 1837 968 ex
1860 937 1958 968 nobis
1986 938 2135 979 cogitare
2159 936 2216 969 ali-

1220 980 1317 1021 quid,
1333 982 1511 1022 “tanquam
1536 992 1575 1012 ex
1596 981 1706 1019 nobis,
1731 981 1792 1011 sed
1812 980 2012 1012 sufficientia
2036 988 2153 1012 nostra
2177 992 2218 1013 ex

1219 1023 1295 1055 Deo
1320 1031 1383 1055 est.
1429 1024 1470 1055 Et
1494 1025 1524 1055 in
1550 1024 1749 1056 Ecclesiast.
1775 1034 1848 1066 cap.
1873 1025 1903 1055 7.
1934 1025 2010 1056 Non
2035 1032 2084 1056 est
2111 1026 2218 1056 iustus

1221 1068 1253 1098 in
1278 1074 1379 1105 terra,
1403 1068 1457 1109 qui
1482 1079 1671 1110 quanquam
1697 1067 1775 1099 facit
1800 1069 1899 1106 bona,
1925 1079 1992 1099 non
2017 1069 2115 1100 etiam
2141 1079 2217 1110 pec-

1222 1117 1285 1142 cet.
1351 1110 1495 1153 Magnae
1527 1119 1605 1143 sunt
1628 1113 1728 1153 igitur
1752 1110 1960 1142 infirmitates
1985 1119 2015 1143 et
2040 1112 2143 1143 multa
2168 1123 2218 1144 er-

1221 1155 1295 1186 rata
1319 1156 1463 1186 omnium
1487 1157 1749 1197 gubernatorum
1773 1156 1873 1187 etiam
1893 1156 2091 1197 optimorum
2115 1162 2147 1188 et
2169 1157 2217 1188 vi-

1221 1197 1530 1240 gilantissimorum.

1310 1276 1378 1308 Sed
1402 1283 1514 1308 tamen
1538 1275 1655 1308 fideles
1678 1278 1711 1308 in
1732 1276 1856 1315 officio,
1881 1278 1922 1308 de
1946 1279 2066 1320 quibus
2091 1279 2215 1310 dictum

1221 1326 1284 1358 est,
1311 1330 1383 1351 cum
1398 1322 1496 1352 etiam
1518 1327 1595 1352 sunt
1615 1332 1695 1352 vera
1713 1322 1861 1352 membra
1877 1320 2064 1361 Ecclesiae,
2078 1321 2214 1363 placent

1220 1363 1307 1401 Deo,
1333 1365 1388 1405 qui
1418 1374 1534 1395 eorum
1561 1365 1882 1396 administrationem
1900 1366 2048 1404 adiuvat,
2073 1372 2105 1397 et
2125 1365 2214 1397 infir-

1220 1408 1367 1439 mitatem
1388 1409 1535 1445 remittit,
1559 1409 1641 1450 tegit
1665 1414 1697 1439 et
1722 1414 1830 1440 sanat.

1308 1477 1402 1509 Hanc
1438 1477 1705 1509 consolationem
1727 1488 1872 1510 necesse
1902 1485 1955 1509 est
1984 1479 2074 1510 scire
2097 1489 2214 1511 omnes

1219 1521 1293 1562 pios
1319 1522 1580 1563 gubernatores,
1614 1532 1676 1553 suo
1707 1532 1872 1564 quemque
1900 1521 1989 1554 loco.
2060 1522 2100 1554 Et
2131 1524 2217 1555 sciat

1219 1565 1365 1606 populus
1390 1576 1584 1597 communes
1614 1564 1689 1596 illas
1720 1565 1926 1597 infirmitates
1957 1567 1989 1598 in
2013 1567 2215 1609 magistrati-

1221 1610 1281 1640 bus
1291 1609 1388 1640 bonis
1406 1620 1467 1641 seu
1480 1609 1706 1641 mediocribus
1720 1607 1913 1641 tolerandas
1928 1620 2004 1642 esse
2015 1633 2023 1649 ,
2039 1611 2080 1641 de
2093 1612 2214 1652 quibus

1219 1653 1300 1683 dixit
1324 1651 1464 1684 Petrus:
1490 1653 1632 1684 Obedite
1652 1654 1807 1693 dominis,
1833 1664 1900 1685 non
1925 1653 2035 1686 solum
2060 1655 2157 1686 bonis
2181 1661 2214 1687 et

1217 1697 1347 1738 aequis,
1369 1697 1430 1728 sed
1455 1697 1554 1728 etiam
1577 1698 1721 1728 morosis
1745 1703 1778 1729 et
1801 1697 2004 1730 durioribus.

1304 1826 1372 1858 Sed
1395 1833 1504 1859 tamen
1524 1826 1642 1870 regula
1665 1827 1880 1867 universalis,
1903 1828 2010 1867 firma,
2030 1835 2061 1860 et
2080 1829 2215 1861 immota

1217 1871 1361 1903 tenenda
1385 1878 1448 1902 est.
1495 1870 1578 1903 Cum
1608 1873 1818 1913 praecipiunt
1840 1873 2073 1915 magistratus,
2103 1878 2138 1904 ut
2166 1871 2214 1904 fa-

1218 1916 1344 1947 ciamus
1370 1921 1487 1946 contra
1511 1916 1667 1947 mandata
1692 1916 1768 1954 Dei,
1791 1927 2003 1958 nequaquam
2028 1917 2075 1947 eis
2100 1917 2213 1948 obedi-

1217 1959 1338 1990 endum
1363 1966 1427 1998 est,
1450 1959 1515 1991 Sed
1538 1970 1604 1991 vox
1624 1959 1869 2001 Apostolorum
1892 1961 2081 2002 sequenda:
2107 1960 2214 2001 Opor-

1216 2009 1262 2034 tet
1296 2002 1371 2034 Deo
1408 2004 1515 2044 magis
1551 2004 1688 2035 obedire
1719 2015 1817 2046 quam
1852 2003 2050 2035 hominibus.
2098 2004 2156 2036 Sic
2179 2006 2213 2036 in

1215 2045 1394 2089 Babylone
1424 2053 1516 2078 recte
1549 2046 1704 2079 fecerunt
1739 2054 1808 2079 tres
1845 2049 1927 2086 viri,
1975 2049 2031 2090 qui
2066 2054 2213 2081 statuam

1214 2090 1358 2122 adorare
1381 2090 1570 2122 noluerunt.
1602 2090 1708 2123 Recte
1732 2090 1884 2123 fecerunt
1909 2097 1940 2122 et
1962 2091 2130 2132 Apostoli,
2155 2093 2212 2134 qui

1215 2140 1375 2165 recusant
1416 2135 1649 2176 obtemperare
1687 2136 1893 2176 principibus
1931 2135 2046 2177 populi
2088 2136 2211 2168 Iudaici

1213 2178 1469 2220 prohibentibus
1489 2177 1665 2221 Evangelii
1688 2180 1984 2220 praedicationem.

1302 2256 1354 2288 Ac
1378 2257 1559 2298 prudenter
1589 2257 1816 2289 discernanda
1845 2264 1897 2289 est
1921 2259 2066 2289 servitus
2091 2269 2210 2300 eorpo-

1214 2312 1286 2332 rum
1311 2312 1330 2331 a
1359 2301 1543 2339 mandatis,
1573 2312 1659 2343 quae
1683 2302 1796 2333 iubent
1820 2300 1933 2332 facere
1957 2309 2074 2333 contra
2097 2301 2209 2344 legem

1213 2343 1289 2376 Dei.
1336 2345 1488 2375 Servitus
1521 2355 1698 2385 corporum
1729 2356 1919 2388 quanquam
1960 2346 2042 2376 dura
2066 2352 2136 2384 est,
2173 2352 2210 2377 ut

1213 2387 1410 2419 facultatum
1435 2387 1609 2429 expilatio,
1644 2396 1701 2420 aut
1732 2390 1897 2421 immodici
1921 2388 2056 2420 labores
2088 2400 2208 2431 corpo-

1213 2443 1297 2471 rum,
1321 2438 1432 2463 tamen
1450 2431 1624 2463 toleranda
1649 2440 1712 2472 est,
1736 2439 1767 2465 et
1792 2434 1822 2464 in
1848 2443 1888 2463 eo
1914 2443 1995 2463 casu
2018 2433 2209 2465 obedientia

1211 2476 1416 2517 praestanda
1441 2483 1503 2507 est.
1551 2476 1616 2509 Sed
1641 2487 1715 2508 Cum
1739 2477 1947 2518 praecipiunt
1977 2477 2206 2519 magistratus,

1212 2527 1248 2551 ut
1272 2520 1393 2551 subditi
1424 2519 1546 2551 faciant
1571 2527 1688 2552 contra
1710 2520 1866 2551 mandata
1894 2519 1978 2558 Dei,
2001 2528 2036 2552 ut
2061 2532 2135 2553 cum
2159 2522 2206 2552 iu-

1213 2565 1292 2595 bent
1317 2562 1382 2595 coli
1407 2570 1438 2594 et
1462 2565 1613 2595 invocari
1637 2564 1866 2595 commenticia
1896 2564 2047 2603 numina,
2081 2575 2205 2607 nequa-

1185 2613 1190 2640 1
1212 2618 1311 2649 quam
1335 2608 1631 2648 obtemperandum
1651 2613 1712 2639 est.
