2383 2990
195 862 341 936 DE
405 863 916 938 EOCLESIA
975 863 1108 937 ET
1155 864 1845 942 AUTORITATE
1895 870 2231 948 VERBI

1107 985 1314 1079 DEI.

852 1123 888 1154 ln
911 1123 1065 1155 Editione
1084 1123 1348 1166 Wittebergensi
1369 1125 1447 1156 anni
1474 1124 1568 1157 1560.

280 1313 388 1354 Saepe
412 1313 573 1353 disputari
598 1311 697 1350 solet,
725 1319 882 1354 quantum
907 1314 1117 1345 tribuendum
1140 1315 1183 1345 sit

192 1354 368 1388 Ecclesiae
392 1357 579 1394 sententiis,
615 1357 758 1387 decretis
782 1356 1003 1398 synodorum,
1039 1364 1071 1388 et
1095 1357 1183 1389 Scri-

192 1406 325 1441 ptorum
360 1400 467 1431 dictis.
537 1398 609 1430 Etsi
640 1401 725 1430 enim
761 1399 909 1441 regulam
945 1407 1114 1439 tenemus,
1148 1407 1183 1432 ut

192 1444 330 1474 verbum
356 1443 418 1474 Dei
442 1442 693 1484 amplectamur,
725 1449 834 1474 tamen
859 1454 931 1475 cum
956 1445 1130 1476 videantur
1151 1445 1183 1475 in

191 1485 399 1527 Apostolicis
424 1487 559 1528 scriptis
583 1496 763 1517 occurrere
786 1486 851 1517 loci
874 1488 1038 1529 ambigui,
1072 1488 1184 1529 dispu-

191 1535 261 1560 tant
285 1529 388 1571 aliqui
410 1530 520 1571 potius
545 1540 622 1561 esse
646 1531 829 1561 sententias
842 1530 1018 1563 Ecclesiae
1041 1541 1184 1574 sequen—

192 1573 265 1612 das,
289 1584 387 1615 quain
411 1574 536 1614 scripta
559 1572 813 1615 Apostolorum.

278 1658 410 1690 Deinde
444 1659 608 1701 affingunt
641 1661 853 1691 autoritatem
882 1660 1058 1692 Ecclesiae
1093 1666 1183 1692 ante-

190 1701 361 1734 ferendam
375 1713 451 1734 esse
464 1704 570 1734 verbo
584 1703 658 1741 Dei,
682 1714 722 1734 ac
734 1714 836 1744 posse
849 1703 1037 1736 Ecclesiam
1056 1711 1183 1735 mutare

190 1745 311 1777 tradita
333 1747 364 1776 in
388 1747 492 1777 verbo
506 1746 580 1778 Dei.
595 1746 706 1778 Citant
730 1747 771 1778 ad
796 1747 856 1778 has
870 1748 1045 1789 opiniones
1061 1748 1183 1779 dietum

191 1788 388 1831 Augustini:
423 1789 608 1832 Evangelio
632 1801 699 1821 non
732 1791 920 1829 crederem,
956 1792 1021 1822 nisi
1045 1802 1098 1822 me
1121 1791 1183 1822 Ec-

192 1831 317 1863 clesiae
351 1832 546 1865 Catholicae
582 1840 810 1865 commoveret
843 1835 1017 1865 autoritas.
1068 1834 1184 1876 ltaque

190 1874 278 1907 falso
303 1882 474 1917 praetextu
502 1877 643 1908 nominis
663 1876 839 1908 Ecclesiae
863 1877 1043 1910 Pontifices
1068 1879 1183 1909 decer-

190 1925 272 1950 nunt
295 1925 327 1950 et
351 1920 555 1961 praecipiunt
582 1919 684 1951 multa
715 1931 775 1961 pro
806 1919 943 1952 libidine
967 1927 1085 1952 contra
1110 1932 1182 1953 ver-

189 1963 266 1993 bum
286 1962 363 2000 Dei,
388 1963 583 1995 confirmant
605 1970 636 1994 et
656 1963 826 1995 stabiliunt
846 1965 978 2005 impiam
999 1965 1181 1996 doctrinam

190 2011 221 2036 et
243 2006 362 2047 impios
388 2005 517 2045 cultus,
552 2017 592 2038 ac
615 2006 774 2047 plurimos
800 2007 896 2038 etiam
921 2018 1008 2038 nunc
1040 2009 1181 2039 deterret

189 2059 209 2079 a
232 2059 313 2079 vera
338 2049 488 2081 doctrina
508 2049 695 2092 Evangelii,
721 2061 817 2092 quam
841 2051 1047 2091 profitemur,
1073 2050 1181 2083 solum

189 2102 310 2122 nomen
334 2092 517 2124 Ecclesiae.
563 2093 641 2124 Ideo
665 2104 808 2125 necesse
842 2100 895 2125 est
929 2095 971 2126 de
1006 2096 1182 2126 autoritate

190 2134 364 2166 Ecclesiae
388 2143 479 2167 recte
502 2137 675 2168 admoneri
700 2135 861 2169 homines.

277 2220 409 2252 Rursus
444 2223 541 2253 etiam
576 2223 738 2265 quaedam
779 2222 1002 2264 petulantiora
1036 2223 1180 2265 ingenia,

191 2275 265 2296 cum
289 2264 418 2306 fingunt
442 2277 483 2296 ex
509 2266 604 2297 dictis
633 2267 816 2307 scripturae
840 2265 926 2297 male
958 2267 1098 2301 detortis
1123 2277 1181 2297 no-

190 2318 252 2339 vas
276 2309 463 2349 opiniones,
488 2320 629 2349 prorsus
654 2316 879 2350 aspernantur
898 2320 1102 2341 consensum
1126 2320 1181 2341 ve-

190 2361 248 2381 rae
270 2350 449 2383 Ecclesiae
473 2359 505 2383 et
538 2363 654 2384 omnes
679 2352 838 2395 Synodos
873 2354 946 2384 sine
982 2353 1181 2391 discrimine,
1206 2366 1207 2382 i

190 2399 226 2424 ut
262 2405 338 2429 cum
371 2395 533 2427 Servetus
568 2397 695 2427 rixatur
739 2407 813 2427 cum
847 2395 1003 2427 Ecclesia
1037 2396 1181 2427 omnium

190 2443 388 2478 temporum,
423 2446 455 2470 et
490 2440 651 2480 depravat
680 2440 769 2471 dicta
797 2440 838 2471 de
868 2439 995 2478 Verbo,
1025 2439 1181 2471 iohannis

190 2481 315 2522 primo,
345 2488 377 2512 et
401 2483 528 2523 quaerit
553 2483 819 2521 concinniorem,
842 2489 878 2514 ut
902 2484 973 2525 ipse
996 2488 1100 2524 putat,
1135 2483 1182 2513 in-

189 2525 472 2565 terpretationem.
517 2525 562 2556 Ut
593 2526 692 2567 igitur
716 2524 793 2557 talis
817 2525 1001 2568 petulantia
1025 2529 1181 2558 coereea-

190 2573 260 2605 tur,
292 2566 405 2609 aliquo
433 2569 533 2600 modo
568 2569 689 2610 septis,
724 2575 758 2600 ut
787 2570 832 2600 ita
861 2570 985 2608 dicam,
1014 2579 1098 2611 opus
1128 2575 1181 2600 est
1204 2592 1207 2606 ,
1232 2569 1390 2601 infantes.

1235 1320 1315 1356 gant
1338 1315 1443 1356 prima
1467 1315 1656 1346 testimonia
1684 1316 1727 1346 ab
1750 1315 1925 1358 Apostolis
1949 1323 1982 1349 et
2006 1318 2105 1349 certis
2132 1324 2227 1351 auto-

1235 1359 1328 1389 ribus
1353 1364 1501 1400 accepta.

1324 1443 1550 1476 Tertullianus
1576 1451 1690 1476 contra
1715 1444 1880 1477 Praxean}
1904 1446 2024 1488 inquit,
2058 1446 2145 1479 hanc
2174 1458 2226 1480 re-

1237 1487 1347 1529 gulam
1382 1489 1559 1520 tenendam
1594 1499 1670 1519 csse
1700 1489 1864 1520 adversus
1904 1500 2019 1521 omnes
2053 1490 2226 1531 haereses,

1236 1531 1377 1563 Rectum
1401 1542 1489 1570 esse,
1514 1533 1736 1574 quodcunque
1755 1534 1894 1573 primum
1914 1540 1985 1571 est,
2006 1533 2226 1567 adulterinum

1236 1586 1331 1613 vera,
1355 1576 1577 1617 quodcunque
1600 1577 1779 1615 posterius.
1818 1575 1859 1606 Et
1883 1577 2015 1617 quidem
2038 1584 2136 1609 vocat
2159 1579 2225 1620 pri-

1237 1630 1337 1657 mum,
1374 1619 1462 1660 quod
1486 1618 1643 1660 Apostoli
1675 1625 1768 1651 certo
1793 1620 2018 1660 tradiderunt,
2054 1621 2104 1653 sic
2139 1623 2225 1653 enim

1236 1662 1308 1703 ipse
1332 1673 1411 1693 sese
1429 1663 1675 1703 interpretatur.

1323 1748 1481 1780 irenaeus
1517 1754 1633 1779 contra
1655 1746 1825 1779 Florinum
1859 1746 1983 1789 allegat
2017 1749 2226 1781 autoritatem

1237 1792 1457 1832 superiorum,
1493 1802 1532 1823 ac
1566 1792 1756 1823 nominatim
1791 1791 1993 1834 Polycarpi,
2029 1791 2084 1834 qui
2117 1790 2226 1823 fuerat

1236 1836 1367 1866 auditor
1403 1835 1558 1866 lobannis
1582 1834 1749 1876 Apostoli.
1797 1836 1902 1877 Inquit
1933 1835 2019 1866 enim
2053 1841 2225 1867 execratu-

1236 1890 1308 1909 rum
1332 1877 1437 1909 fuisse
1461 1879 1617 1920 dogmata
1641 1877 1778 1916 Floriui,
1803 1879 1831 1910 si
1856 1889 1895 1909 ea
1919 1879 2092 1917 audiisset,
2123 1885 2155 1910 et
2178 1879 2225 1910 vi-

1235 1928 1377 1953 taturum
1400 1920 1524 1959 locum,
1559 1923 1591 1953 in
1620 1932 1686 1963 quo
1711 1921 1769 1953 illa
1794 1923 1882 1954 dicta
1905 1927 2032 1960 essent,
2065 1927 2225 1964 tanquam

1209 1974 1210 1991 1
1235 1964 1409 2006 pollutum.

1205 2491 1208 2508 Ι

1323 2050 1470 2082 Basilius
1491 2050 1615 2093 allegat
1632 2051 1794 2082 nutricem
1819 2061 1926 2088 suam,
1950 2051 2044 2082 cuius
2067 2051 2225 2092 pietatem

1234 2095 1280 2126 ait
1303 2101 1382 2126 tunc
1405 2096 1438 2126 in
1460 2095 1575 2136 primis
1604 2093 1710 2125 fuisse
1746 2093 1924 2132 laudatam,
1959 2101 1990 2125 et
2026 2095 2117 2125 addit
2151 2104 2224 2125 eam

1233 2139 1407 2180 accepisse
1432 2139 1615 2169 doctrinam
1639 2149 1658 2169 a
1678 2137 1842 2179 Gregorio
1855 2138 2145 2176 Neocaewriensi,
2169 2137 2225 2178 qui

1232 2181 1290 2213 illo
1315 2189 1463 2223 tempore
1488 2182 1670 2212 eruditione
1690 2187 1720 2211 et
1737 2179 1906 2212 miraculis
1931 2180 2059 2218 claruit,
2083 2187 2114 2211 et
2138 2180 2224 2212 refil-

1233 2225 1313 2255 tavit
1326 2226 1593 2261 samosatenum,
1619 2234 1658 2254 ac
1672 2222 1800 2265 reliquit
1815 2225 1949 2255 brevem
1975 2222 2224 2255 confessionem

1233 2266 1322 2305 fidei,
1357 2277 1442 2307 qnae
1478 2268 1622 2298 continet
1652 2265 1781 2298 illustre
1810 2267 2032 2298 testimonium
2055 2267 2096 2298 de
2118 2266 2223 2298 Trini-

1234 2317 1313 2342 tate.
1361 2310 1463 2341 Extat
1497 2317 1608 2341 autem
1642 2311 1674 2340 in
1708 2309 1794 2341 libro
1818 2310 1847 2342 7.
1879 2309 2142 2342 Ecclesiasticae
2175 2310 2223 2342 hi-

1233 2354 1368 2385 storiae.

1322 2439 1488 2481 Origenes
1513 2439 1638 2482 allegat
1652 2438 1840 2482 Apostolos
1859 2440 1900 2471 de
1923 2439 2093 2481 Baptismo
2117 2438 2223 2471 infan-

1233 2489 1313 2514 tum.
1360 2483 1417 2514 Ait
1441 2485 1528 2515 enim
1552 2484 1584 2514 in
1610 2494 1684 2526 cap.
1708 2483 1739 2514 6.
1764 2484 1806 2514 ad
1830 2482 2014 2522 Romanos,
2048 2482 2222 2515 Ecclesias

1225 2527 1409 2568 ,accepisse
1433 2527 1643 2559 traditionem
1667 2528 1708 2558 ab
1732 2525 1919 2568 Apostolis,
1955 2534 1989 2558 ut
2013 2527 2222 2569 baptizentur

1446 2570 1487 2601 Hi
1511 2576 1603 2602 recte
1626 2569 1786 2613 allegant,
1810 2570 2020 2601 autoritatem
2032 2569 2220 2601 Ecclesiae.

190 2609 379 2650 Ecclesiae,
402 2612 489 2643 sieut
513 2618 646 2644 veteres
670 2613 798 2655 Synodi
822 2619 854 2644 et
878 2612 1069 2655 Scriptores
1100 2611 1207 2649 alle-1
1234 2613 1346 2649 Quare
1375 2614 1490 2646 ordine
1520 2614 1650 2653 dicam,
1684 2615 1761 2656 quid
1791 2614 1834 2646 sit
1868 2612 2034 2651 Ecclesia,
2069 2618 2102 2645 et
2135 2622 2222 2655 quae
