2383 2990
231 148 296 180 463

230 253 307 275 nem
337 242 419 275 foris
443 244 648 275 accidentem
671 246 766 276 etiam
781 255 854 276 cum
867 244 1024 277 voluntas
1038 255 1214 290 repugnat.

231 287 298 318 Sed
323 298 396 318 cum
421 288 522 329 inquit
543 286 684 318 Paulus:
707 287 886 320 Debitores
911 300 1038 329 sumus,
1063 291 1216 334 intelligit

869 150 982 183 PlllL.
1005 151 1109 183 MEL.
1129 152 1317 186 SCR1PTA
1336 154 1617 188 DOGMATICA.

1268 249 1493 282 Idololatriam
1518 253 1695 292 approbat,
1721 251 1807 284 delet
1823 260 2051 295 praeceptum:
2074 255 2149 286 Non
2174 267 2254 288 con-

1269 295 1436 335 cupisces,
1461 294 1648 336 Corrumpit
1672 303 1901 337 praeceptum:
1926 298 1998 328 Non
2025 299 2253 331 moechaberis

230 331 474 369 necessitatem,
511 332 658 362 ordinem
681 342 700 362 a
725 331 796 362 Deo
821 334 996 371 sancitum,
1031 345 1097 376 quo
1123 346 1216 367 crea·
1241 339 1245 370 i
1269 344 1333 368 etc.
1358 339 1530 369 Sciendum
1556 345 1605 369 est
1629 346 1739 370 autem
1762 341 1793 370 in
1818 342 1954 379 renatis,
1979 352 2044 372 non
2059 348 2182 374 tantum
2197 354 2252 374 ex-

229 379 302 405 tura
328 375 477 404 subiecta
502 381 550 404 est
577 373 739 413 Creatori,
764 386 829 417 quo
855 375 923 407 uult
948 376 1042 408 Deus
1067 379 1215 410 immuta-

229 415 347 454 biliter,
371 424 404 447 ut
430 423 459 448 et
485 416 601 448 voleus
626 419 831 459 obtemperet
856 427 1007 451 creatura
1032 421 1215 459 rationalis,

229 466 261 492 et
295 461 379 491 sciat
402 471 468 492 non
493 471 570 492 esse
594 460 778 493 faciendum
802 469 919 494 contra
942 463 1032 495 illum
1055 466 1214 496 ordinem.

314 546 406 578 Haec
437 545 588 589 relinquo
618 548 877 580 considerationi
901 551 1029 591 piorum
1054 558 1084 582 et
1109 552 1215 583 erudi-

226 594 358 621 torum:
405 590 537 632 Sequar
567 597 676 622 autem
700 593 852 624 usitatam
878 594 1146 634 dispositionem,
1182 597 1214 626 in

227 633 379 664 doctrina
403 634 444 664 de
470 635 565 665 bonis
590 635 759 676 operibus,
796 646 857 668 seu
881 638 922 668 de
946 648 1035 669 nova
1058 639 1214 670 obedien-

227 677 286 715 tia,
310 677 399 708 iuxta
422 676 485 708 has
509 679 743 719 quaestiones:

313 762 336 794 Ι.
363 762 458 798 Quae
483 774 585 805 opera
608 765 673 795 sint
699 765 851 797 docenda
873 772 906 798 et
929 765 1092 799 facienda.

313 831 352 862 ll.
372 831 549 867 Quomodo
574 832 645 864 ficri
669 835 810 874 possint.

312 900 366 932 111.
391 900 567 936 Quomodo
590 901 756 943 placeant.

312 970 378 1001 ΗΠ.
404 970 515 1006 Quare
538 969 691 1003 facienda
714 973 790 1003 sint.

311 1039 354 1071 V.
402 1039 498 1074 Quod
529 1040 570 1070 sit
599 1041 774 1072 discrimen
798 1047 1022 1082 peecatorum.
1059 1053 1132 1074 cum
1155 1053 1211 1074 ne·

225 1093 323 1114 cesse
347 1084 389 1113 sit
413 1082 520 1121 fateri,
556 1085 645 1125 quod
668 1085 701 1115 in
724 1084 790 1116 hac
813 1085 879 1116 vita
902 1096 1024 1128 magna
1046 1087 1111 1118 siut
1133 1097 1211 1128 pec-

225 1132 297 1158 cata
321 1127 353 1157 in
377 1127 513 1157 sanctis·

441 1289 502 1321 DE
527 1289 668 1322 PRIMA
691 1290 989 1327 QUAESTIONE.

254 1378 370 1429 Quae
403 1394 526 1434 opera
558 1381 638 1421 sint
670 1381 855 1422 docenda
888 1388 930 1422 et
967 1381 1180 1423 facienda?

308 1505 525 1548 Respondeo.
572 1505 632 1538 Illa
657 1517 741 1548 quae
765 1514 944 1549 praecepta
969 1515 1045 1539 sunt
1067 1509 1100 1539 in
1124 1508 1210 1540 Ver-

221 1550 264 1581 bo
288 1549 369 1587 Dei,
404 1561 443 1580 ac
467 1561 593 1581 summa
625 1551 869 1590 comprehensa
894 1558 945 1583 est
963 1553 994 1582 in
1020 1551 1208 1593 Decalogo,

221 1600 314 1624 recte
337 1592 518 1631 intellecto,
543 1594 629 1625 sicut
652 1593 777 1624 Ezech.
802 1595 854 1626 20.
880 1596 1014 1626 dicitur:
1056 1595 1090 1626 ln
1115 1606 1209 1636 prae-

221 1638 325 1677 ceptis
360 1638 443 1667 meis
479 1635 655 1668 ambulate.
702 1636 782 1668 vult
816 1639 901 1669 enim
932 1638 1024 1669 Deus
1059 1649 1209 1669 normam

220 1687 345 1711 certam
370 1681 401 1710 in
426 1679 579 1711 Ecclesia
604 1681 764 1721 conspici,
789 1687 819 1712 et
845 1692 977 1722 semper
1000 1681 1208 1721 inEcclosia,

219 1724 295 1754 inde
321 1733 424 1765 usque
449 1725 489 1754 ab
515 1724 605 1766 initio
630 1725 762 1765 generis
787 1724 919 1755 humani
934 1726 1085 1756 doctrina
1099 1725 1208 1756 Deca-

219 1765 287 1808 logi
311 1766 380 1797 fuit.
406 1767 456 1797 Ac
480 1768 642 1798 tenendae
666 1775 741 1798 sunt
765 1769 962 1809 perspicuae
987 1769 1208 1800 confirmatio-

219 1821 292 1847 nes,
318 1817 433 1841 contra
457 1811 655 1841 Antinomos
680 1817 711 1842 et
732 1811 990 1853 Anabaptistas,
1020 1812 1075 1853 qui
1099 1810 1207 1842 deleta

219 1853 284 1884 hac
317 1864 447 1891 norma,
479 1855 666 1885 concedunt
698 1854 860 1885 infinitam
892 1854 1056 1885 licentiam
1090 1862 1206 1886 contra

218 1907 337 1927 'vocem
362 1898 520 1928 divinam:
545 1899 576 1929 ln
601 1898 787 1938 praeceptis
814 1899 894 1929 meis
913 1897 1091 1929 ambulate.
1117 1898 1206 1936 Item,

221 1947 337 1971 contra
361 1941 482 1971 dictum
506 1941 678 1972 lobannis:
704 1940 1089 1982 ἦἁμαρτίαςσιὶινἀνομία.
1128 1941 1206 1972 ltem

220 1990 336 2014 contra
376 1984 515 2015 dictum:
562 1984 595 2014 Si
622 1985 670 2015 xis
695 1985 820 2026 ingredi
846 1985 876 2015 in
904 1986 1001 2015 xitam
1027 1993 1207 2023 aeternam,

220 2036 318 2058 serva
338 2028 507 2058 mandata.
552 2029 642 2065 Item,
670 2028 733 2058 Per
756 2028 867 2059 Fidem
891 2028 961 2059 Lex
985 2027 1161 2059 stabilitur.

306 2113 378 2144 Nec
403 2124 488 2155 opus
512 2120 561 2145 est
585 2113 684 2155 longa
708 2114 945 2155 disputatione,
969 2115 1045 2156 quia
1069 2113 1207 2145 manife-

220 2162 305 2187 stum
330 2163 380 2187 est
406 2158 571 2198 propriam
592 2168 708 2188 vocem
722 2156 895 2189 Ecclesiae
908 2168 996 2195 esse,
1023 2158 1206 2188 doctrinam

219 2201 260 2232 de
292 2201 514 2240 poenitentia,
549 2208 741 2242 arguentem
771 2207 927 2242 peccata,
949 2202 990 2231 ad
1016 2212 1113 2243 quam
1134 2212 1207 2241 par-

218 2249 285 2275 tem
310 2254 395 2284 opus
420 2250 470 2274 est
494 2255 578 2274 voce
603 2244 721 2285 Legis,
753 2245 842 2275 iuxta
867 2245 1007 2276 dictum-2
1057 2244 1120 2275 Per
1144 2244 1206 2275 Le-

220 2297 295 2329 gem
320 2288 467 2328 cognitio
491 2288 630 2328 peccati.
663 2285 751 2318 ‘Nec
785 2288 918 2319 dubium
944 2294 995 2318 est
1020 2298 1152 2328 semper
1174 2289 1206 2318 in

219 2341 301 2362 vera
324 2329 478 2361 Ecclesia
501 2330 561 2361 Dei
597 2332 761 2362 mansisse
793 2342 908 2362 rocem
931 2331 1033 2373 Legis
1057 2331 1207 2362 incorru-

219 2380 319 2414 ptam.
368 2373 466 2409 Quod
502 2375 556 2415 qui
573 2376 633 2405 leun
669 2381 699 2406 et
734 2373 862 2406 illustre
889 2375 1112 2406 testimonium
1143 2382 1207 2412 est,

219 2415 326 2448 solam
349 2416 535 2448 Ecclesiam
561 2428 636 2449 esse
661 2425 791 2449 coetum
810 2418 879 2449 neo
900 2417 1097 2459 placentem.
1123 2417 1208 2453 Quia

222 2460 316 2490 etiam
342 2461 425 2492 ratio
450 2460 608 2492 naturalis
632 2461 785 2503 intelligit
808 2460 1015 2502 impossibile
1038 2471 1114 2492 esse
1138 2460 1207 2503 pla-

222 2512 300 2533 cere
315 2503 398 2540 Deo,
422 2511 549 2536 sectam
572 2506 768 2546 probantem
792 2503 902 2547 aliqua
928 2512 1066 2546 peccata
1090 2513 1207 2536 contra

222 2545 348 2588 Legem
373 2545 447 2585 Dei,
481 2548 565 2579 sicut
591 2547 720 2580 Ethnici
745 2550 1012 2589 approbaverunt
1039 2546 1206 2579 confusio-

220 2599 281 2620 nes
306 2588 494 2629 libidinum,
517 2591 691 2623 homicidia
715 2593 745 2623 in
771 2591 857 2623 ludis
882 2590 1105 2633 gladiatoriis,
1130 2592 1206 2623 item

224 2631 433 2665 manifestam
457 2633 693 2667 idololatriam:
718 2636 804 2667 sicut
827 2641 859 2667 et
881 2636 974 2677 Papa
997 2634 1206 2667 manifestam

1269 386 1395 412 ternam
1420 382 1640 413 obedientiam
1665 392 1752 421 esse,
1778 384 1836 413 sed
1851 385 1945 415 etiam
1960 384 2107 416 inchoari
2122 387 2255 417 interio-

1270 435 1337 455 rem
1362 425 1600 461 obedientiam,
1636 426 1712 467 quia
1737 426 1877 467 Spiritus
1901 429 2053 459 accendit
2077 430 2140 460 iam
2166 428 2252 461 tales

1269 474 1387 505 motus,
1412 467 1521 509 qualis
1545 469 1616 509 ipse
1639 475 1702 508 est,
1738 471 1791 511 qui
1815 471 1945 512 quidem
1969 479 2045 503 sunt
2070 482 2253 514 congruen-

1268 517 1319 542 tes
1344 521 1418 543 cum
1441 511 1534 553 Lege
1556 512 1630 543 Dei.

1354 597 1537 639 Praecipue
1561 605 1670 629 autem
1695 599 1950 630 considerentur
1972 611 2074 641 opera
2086 601 2254 641 interiora,

1268 651 1352 682 quae
1387 642 1428 671 ad
1463 642 1602 683 primum
1639 649 1672 673 et
1707 643 1887 673 secundum
1914 643 2130 684 Praeceptum
2153 645 2253 685 perti-

1268 691 1364 715 nent:
1411 690 1445 715 ut
1481 686 1523 716 ad
1546 686 1686 726 primum
1709 685 1794 716 haec
1817 686 1999 727 pertinent,
2023 698 2102 718 vera
2126 688 2251 729 agnitio

1266 726 1342 765 Dei,
1366 728 1397 757 id
1423 734 1485 765 est,
1510 738 1590 759 vero
1613 739 1757 760 assensu
1781 736 1812 759 et
1836 728 1929 759 firma
1954 729 2017 760 fide
2029 729 2180 771 amplecti
2205 737 2253 762 to-

1268 777 1331 801 tam
1356 771 1538 802 doctrinam
1563 782 1583 802 a
1606 771 1679 803 Deo
1704 773 1873 809 traditam,
1898 783 1977 803 vere
2002 775 2139 804 credere
2164 784 2252 805 com-

1266 814 1515 853 minationibus,
1551 820 1583 846 et
1617 815 1838 856 perterrefieri
1873 816 2043 857 agnitione
2072 817 2141 847 irae
2175 816 2251 849 Dei.

1267 856 1396 888 Rursus
1421 858 1518 888 etiam
1544 859 1682 889 credere
1704 859 1915 899 promissioni
1942 861 2088 900 gratiae,
2112 866 2145 891 et
2168 860 2250 902 erigi

1266 900 1358 938 Fide,
1383 901 1415 930 id
1439 907 1500 937 est,
1526 900 1646 932 fiducia
1670 901 1880 939 Mediator-is,
1916 910 1947 933 et
1970 901 2086 933 laetari
2109 904 2141 934 in
2165 902 2250 935 Deo.

1265 943 1357 974 Haec
1381 944 1463 973 fides
1487 944 1697 975 dilectionem
1721 946 1818 985 parit,
1848 956 1913 986 qua
1947 945 2103 977 voluntas
2127 947 2189 977 iam
2214 957 2252 977 se

1266 987 1395 1017 subiicit
1415 986 1498 1025 Deo,
1523 994 1553 1018 et
1578 988 1678 1018 habet
1704 989 1824 1019 bonum
1849 991 2053 1029 propositum
2079 990 2252 1021 obediendi

1264 1029 1352 1067 Deo,
1371 1031 1463 1060 iuxta
1487 1031 1594 1061 omnia
1618 1038 1806 1071 praecepta.
1852 1031 2058 1063 coniunctae
2082 1040 2157 1063 sunt
2177 1043 2252 1064 cum

1266 1073 1329 1105 fide
1365 1079 1395 1103 et
1431 1073 1554 1104 laetitia
1586 1075 1616 1104 in
1644 1074 1730 1111 Deo,
1765 1074 1850 1115 Spes
1880 1081 1911 1105 et
1937 1075 2108 1106 Patientia.
2155 1075 2247 1114 Item,

1266 1128 1338 1148 cum
1364 1116 1495 1147 Timore
1520 1123 1552 1147 et
1566 1116 1644 1148 Fide
1670 1118 1847 1148 coniuncta
1867 1124 1917 1148 est
1941 1119 2059 1156 virtus,
2083 1129 2168 1160 quae
2192 1129 2251 1150 no-

1264 1161 1405 1190 minatur
1430 1159 1616 1198 humilitas,
1652 1171 1737 1201 quae
1772 1168 1822 1192 est
1847 1162 1878 1191 in
1902 1162 2072 1202 agnitione
2095 1163 2251 1203 propriae

1265 1202 1464 1234 infirmitatis
1487 1214 1566 1234 vere
1591 1204 1705 1235 timere
1718 1203 1837 1242 Deum,
1862 1211 1892 1234 et
1918 1214 2145 1245 expavescere
2158 1206 2250 1246 agni-

1264 1247 1353 1277 tione
1386 1248 1455 1277 irae
1479 1246 1541 1277 Dei
1579 1254 1694 1278 contra
1717 1254 1866 1287 peccata,
1902 1254 1932 1277 et
1957 1248 2078 1278 sordes
2102 1255 2250 1286 nostras,

1264 1296 1295 1320 et
1320 1296 1369 1320 est
1393 1300 1460 1320 non
1485 1300 1658 1330 erumpere
1681 1298 1775 1321 extra
1800 1291 2020 1329 vocationem,
2046 1297 2077 1322 et
2090 1297 2198 1322 tamen
2218 1292 2250 1322 in

1264 1334 1452 1370 vocatione,
1489 1334 1609 1364 iiducia
1644 1332 1753 1364 auxilii
1790 1335 1887 1364 diiini
1913 1335 2052 1372 servire,
2087 1341 2120 1366 et
2153 1335 2251 1366 fateri

1263 1378 1485 1418 praesentiam
1511 1382 1541 1407 et
1565 1375 1720 1407 auxilium
1744 1376 1825 1415 Dei,
1850 1384 1881 1407 et.
1905 1387 1971 1407 non
1997 1377 2170 1417 despicere
2192 1383 2249 1409 aut

1264 1429 1416 1460 premere
1440 1418 1541 1457 alios,
1577 1420 1637 1450 sed
1662 1419 1802 1461 singulis
1825 1431 1886 1450 suo
1910 1418 1986 1451 loco
2010 1419 2169 1451 honorem
2196 1421 2249 1451 tri·

1264 1464 1378 1500 buere,
1402 1473 1463 1493 nec
1487 1461 1627 1493 fremere
1650 1464 1815 1494 adversus
1829 1463 1947 1500 Deum,
1973 1474 2046 1494 cum
2070 1465 2172 1504 punit.
2202 1463 2250 1494 Ita

1263 1505 1346 1538 haee
1370 1506 1475 1537 virtus
1499 1516 1539 1537 ex
1564 1505 1674 1537 multis
1699 1507 1883 1548 composita
1907 1512 1970 1537 est.

1349 1592 1402 1622 Ad
1426 1593 1565 1633 primum
1590 1599 1621 1623 et
1645 1592 1826 1623 secundum
1851 1598 2062 1634 praeceptum
2075 1593 2249 1633 pertinent,

1262 1645 1342 1666 vera
1366 1636 1489 1675 agnitio
1514 1635 1588 1673 Dei,
1626 1636 1804 1677 gratiarum
1829 1637 1931 1674 actio,
1967 1635 2150 1674 consessio,
2174 1647 2249 1677 pro-

1262 1679 1397 1720 pagatio
1433 1679 1616 1709 doctrinae.
1662 1678 1850 1720 Diligenter
1875 1687 1981 1710 autem
2008 1680 2248 1721 cognoscenda

1263 1729 1313 1753 est
1349 1722 1514 1752 enarratio
1538 1720 1725 1763 Det-alogi,
1760 1729 1793 1752 ut
1827 1721 1938 1763 aliquo
1973 1723 2071 1753 modo
2108 1723 2248 1764 cogitari

1261 1766 1381 1806 possit,
1415 1763 1522 1806 qualis
1546 1766 1585 1795 sit
1611 1766 1747 1796 interior
1766 1766 1970 1803 obedientia,
2006 1773 2037 1796 et
2072 1776 2156 1807 quae
2180 1766 2248 1797 sint

1260 1809 1459 1849 praecipuae
1483 1809 1621 1838 xit-tutes
1645 1810 1733 1839 iuxta
1757 1808 1887 1850 singula
1901 1817 2090 1850 praecepta,
2114 1809 2247 1851 etquod

1260 1853 1302 1882 sit
1327 1852 1503 1882 discrimen
1518 1850 1692 1882 Ecclesiae
1716 1859 1746 1882 et
1767 1854 2003 1893 praestantium
2020 1852 2246 1890 Etllnicorum,

1259 1902 1293 1926 ut
1318 1895 1429 1935 Scipio
1465 1901 1515 1925 est
1541 1896 1700 1926 honestus
1723 1896 1896 1936 princeps,
1932 1897 2067 1936 sapiens
2099 1902 2247 1933 senator,

1261 1946 1290 1969 et
1317 1939 1383 1969 (lux
1408 1936 1502 1968 fortis
1527 1945 1557 1969 et
1583 1937 1694 1969 foelix.
1727 1938 1816 1969 Haec.
1841 1939 1949 1969 onmia
1973 1946 2049 1969 sunt
2075 1945 2106 1969 et
2131 1939 2161 1969 in
2178 1937 2244 1969 Da-

1260 1982 1346 2019 xide,
1371 1982 1430 2012 sed
1456 1983 1621 2013 accedunt
1645 1981 1726 2019 alia,
1750 1981 1858 2012 David
1884 1989 1934 2012 est
1955 1981 2151 2013 domicilium
2173 1981 2246 2020 Dei,

1259 2026 1313 2067 qui
1339 2025 1487 2055 accendit
1513 2025 1544 2055 in
1570 2036 1610 2055 eo
1634 2036 1753 2055 novam
1777 2023 1883 2055 lucem
1910 2026 2024 2061 verbo,
2048 2024 2175 2055 scilicet
2189 2035 2246 2056 no-

1259 2069 1360 2099 titiam
1396 2078 1506 2098 veram
1542 2067 1615 2104 Dei,
1650 2075 1680 2098 et
1715 2068 1943 2099 assensionem
1970 2068 2093 2108 Spiritu
2127 2073 2245 2099 sancto

1261 2112 1452 2148 confirmat,
1476 2112 1628 2142 accendit
1652 2112 1800 2142 timorem
1826 2111 1905 2147 Dei,
1939 2111 2054 2149 fidem,
2089 2110 2245 2142 laetitiam

1259 2156 1524 2196 acquiescentem
1549 2155 1579 2184 in
1608 2154 1690 2186 Deo.
1715 2165 1818 2195 spem,
1850 2166 1963 2185 veram
1987 2155 2243 2192 invocationem,

1258 2199 1447 2239 petitionem
1471 2197 1581 2228 auxilii
1607 2199 1636 2228 in
1663 2199 1813 2229 omnibus
1838 2196 1985 2238 praeliis,
2010 2205 2041 2229 et
2061 2197 2185 2239 rcliqua
2201 2198 2245 2227 vi-

1259 2249 1303 2279 ta,
1328 2241 1506 2283 gratiarum
1521 2242 1694 2272 actionem.
1716 2240 1962 2273 confessionem
1987 2241 2244 2283 etpropagaetio-

1259 2297 1333 2316 nem
1365 2285 1555 2322 doctrinae,
1591 2284 1822 2321 humilitatem,
1854 2286 2052 2327 patientiam.
2099 2284 2138 2315 Et
2175 2290 2245 2315 tota

1259 2329 1446 2360 obedientia
1481 2329 1618 2359 interior
1648 2336 1679 2359 et
1713 2329 1858 2359 exterior
1892 2329 1922 2359 in
1949 2328 2079 2359 Daxide
2103 2326 2245 2358 refertur

1259 2369 1483 2414 principaliter
1507 2373 1546 2402 ad
1572 2371 1693 2409 Deum,
1718 2379 1748 2403 et
1774 2378 1806 2403 ut
1830 2372 1891 2413 ipsi
1916 2372 2068 2409 obediat,
2096 2375 2245 2412 praesset

1259 2417 1287 2447 ei
1312 2426 1411 2447 veros
1437 2414 1564 2453 cultus,
1596 2422 1627 2446 et
1661 2414 1714 2446 alii
1740 2414 1976 2447 cmiii-mentm-
1995 2415 2025 2446 in
2051 2425 2129 2445 vera
2153 2414 2244 2456 agni-

1258 2460 1348 2491 tione
1372 2458 1446 2496 Dei,
1472 2466 1503 2490 ct
1527 2458 1623 2490 simul
1649 2470 1723 2490 cum
1747 2460 1819 2500 ipso
1833 2458 1907 2490 Deo
1931 2459 2056 2500 gratias
2079 2465 2192 2500 agant,
2211 2461 2244 2488 et

1259 2502 1441 2534 confirmati
1467 2501 1627 2544 exemplis
1652 2502 1883 2534 liberationum
1906 2501 2064 2540 Daridis,
2086 2501 2243 2533 invocent

1258 2552 1290 2578 et
1314 2546 1376 2588 ipsi
1398 2546 1580 2578 ardentius.

2190 146 2267 194 464'
