2383 2990
97 146 161 178 417
731 142 774 174 V.
819 141 1090 174 EXPLICATIO
1115 141 1316 174 SYMBOL!
1338 141 1498 174 NICENI.
2066 141 2132 174 418

97 241 196 272 huius
218 239 402 281 praecepti,
435 238 593 270 videlicet
618 248 684 279 quo
720 239 762 270 ad
797 238 1087 269 conservationem
1140 244 1171 268 et
1195 236 1283 268 hanc
1317 237 1549 276 obedientiam,
1584 247 1670 279 quae
1703 237 1899 279 proponitur
1923 239 1955 269 iu
1979 238 2128 269 secunda

96 282 219 326 publici
254 282 437 320 ministerii,
468 289 500 313 et
534 283 656 313 usitate
690 282 740 314 sic
773 282 908 312 dicitur:
940 280 1084 312 Tertium
1140 280 1280 312 Tabula.

95 332 308 368 praeceptum
343 326 462 367 partim
497 332 549 356 est
573 324 704 356 Morale
727 331 759 356 et
782 331 989 365 perpetuum,
1012 335 1087 364 par-

96 371 152 401 tim
176 380 257 402 vero
283 368 525 407 Ceremoniale,
562 370 594 399 id
619 375 680 406 est,
717 368 911 399 observatio
936 367 1087 399 Levitica

96 414 159 445 diei
184 424 221 444 se
248 414 315 444 timi
340 419 371 444 et
396 413 648 444 sacrificiorum.
695 412 847 442 Sciamus
867 412 967 441 i0=itur
1016 420 1086 441 rae-

95 457 159 498 cipi
184 425 304 487 inphoc
328 457 425 487 tertio
450 457 606 486 mandato
631 438 918 486 conservatione⁰m
942 421 1087 484 mulii-ste·
1351 442 1414 475 DE
1438 443 1620 480 QUARTO
1644 443 1922 477 PRAECEPTO·

95 501 135 531 rii
159 499 365 541 Evangelici,
392 510 489 541 quam
514 510 575 530 suo
593 499 734 539 quisque
757 497 834 529 loco
848 498 1007 528 adinrare
1031 497 1087 527 de-

95 545 163 575 bet.
231 543 303 574 Etsi
322 550 433 574 autem
456 542 588 573 Ethnici
618 552 752 583 quoque
777 542 859 571 ritus
884 547 1043 582 tanquam
1068 550 1087 570 a
1228 538 1310 570 Cum
1335 545 1446 570 autem
1466 538 1623 570 Secunda
1647 538 1760 571 tabula
1780 541 1910 572 ordinet
1923 541 2131 579 societatem,

94 586 250 618 Patribus
285 593 445 628 acceptos
480 586 703 622 retinuerunt,
727 591 837 615 tamen
862 584 927 615 hoc
952 593 1087 625 praece·
1140 582 1470 624 pulcherrimeinitio
1495 580 1707 614 constituitur
1731 585 1947 625 gubernator.
1994 584 2131 615 011111111-

94 637 187 672 ptum
211 628 405 661 deleverunt
428 630 553 660 amissa
576 639 656 659 vera
681 628 842 666 doctrina,
866 628 942 669 quia
968 633 999 659 et
1024 626 1086 657 Le·
1141 635 1250 657 autem
1285 637 1351 657 vox
1388 627 1497 657 divina
1531 637 1551 657 a
1580 627 1684 667 primo
1710 628 1816 669 gradu
1840 628 1978 669 imperii,
2002 626 2132 658 scilicet

95 684 171 716 gem
195 673 441 711 mutilaverunt,
478 678 510 703 et
542 672 800 713 promissionum
828 681 970 712 prorsus
995 669 1087 701 obliti
1139 681 1158 700 a
1182 670 1375 712 parentibus
1395 670 1450 711 qui
1475 671 1594 701 debent
1620 680 1696 700 esse
1720 670 1836 713 regula
1855 671 1995 703 aliorum
2010 672 2131 713 guber-

95 722 184 748 sunt.
254 718 311 748 Sic
335 727 423 747 nunc
446 716 534 757 impii
559 715 683 752 ludaei,
715 713 983 752 Mahometistae,
1006 714 1087 745 Eth-
1139 720 1303 751 natorum,
1327 714 1368 744 de
1392 715 1512 755 quibus
1536 713 1615 744 alibi
1640 714 1759 745 dicitur
1785 714 1878 745 Rom.
1911 715 1959 746 14,
2007 714 2131 746 Notum

49 766 55 771 ⁵
94 761 171 798 nici‚
198 759 365 801 Papistae‚
391 765 423 790 et
446 769 561 790 omnes
586 759 640 800 qui
666 768 778 789 veram
804 759 989 789 doctrinam
1014 768 1087 788 cor·
1140 763 1191 788 est
1216 758 1302 788 enim
1327 757 1357 787 in
1382 757 1542 788 brevibus
1555 758 1651 788 dictis
1671 756 1835 799 Decalogi
1860 757 1957 789 simul
1982 768 2132 799 compre-

93 810 263 845 rumpunt,
288 802 413 834 violant
437 802 503 833 hoc
526 807 752 843 praeceptum.
821 801 899 832 Item
924 801 1085 843 Tyranni,
1140 800 1314 831 hendenda
1339 811 1416 832 esse
1439 808 1619 842 pmecepta
1643 801 1764 839 divina,
1790 812 1877 843 quae
1902 801 1978 832 alibi
1997 801 2132 843 prolixi-

94 848 149 889 qui
174 847 392 878 ministerium
416 845 609 887 Evangelii,
643 852 674 876 et
698 845 809 876 studia
832 846 1004 876 doctrinae
1029 856 1086 885 op-

93 891 249 931 primunt,
268 896 324 921 aut·
350 888 534 932 negligunt,
560 895 615 920 aut
628 889 827 920 docentibus
847 889 988 929 eripiunt
1002 898 1086 919 mer-

95 934 221 965 cedem.
246 933 325 964 ltem
349 933 380 963 in
405 931 528 973 populo
554 932 647 963 multi
672 933 725 973 qui
751 942 816 963 11011
844 932 1001 963 adiuvant
1026 943 1087 963 sua

92 976 299 1019 frequentia,
330 982 362 1007 et
397 975 470 1008 aliis
506 974 628 1007 officiis
671 976 962 1007 conservationem
995 976 1087 1006 mini-

94 1021 197 1052 sterit.

1142 855 1180 875 us
1206 844 1402 875 recitantur:
1439 845 1516 885 quia
1541 855 1619 875 vero
1642 845 1696 876 hic
1721 846 1762 876 de
1787 845 1976 876 obedientia
2000 846 2132 883 dicitur,

1141 888 1336 919 consideres
1360 889 1522 918 nominari
1545 898 1707 920 summum
1742 889 1882 930 gradum
1911 888 2131 927 obedientiae,

1140 929 1305 969 videlicet,
1329 930 1503 962 honorem.

1228 1009 1345 1040 Honos
1364 1011 1427 1040 tria
1452 1007 1693 1051 complectitur,
1716 1010 1917 1051 agnitionem
1930 1009 1994 1041 Dei
2018 1011 2050 1041 in
2068 1009 2133 1042 hoc

1139 1052 1215 1094 ipso
1240 1053 1370 1092 ordine,
1393 1052 1575 1085 Externam
1599 1053 1823 1085 obedientiam
1848 1060 1881 1085 et
1905 1056 2076 1085 ἐπιείκειαν.

1227 1130 1358 1171 Primus
1382 1131 1508 1173 gradus
1531 1130 1670 1163 honoris
1694 1138 1746 1163 est
1768 1141 1957 1173 agnoscere
1977 1142 2056 1163 vere
2067 1130 2134 1164 Dei

1140 1173 1283 1205 consilio
1306 1175 1489 1205 institutum
1515 1185 1603 1213 esse,
1627 1182 1691 1206 eta
1711 1175 1786 1206 Deo
1810 1176 2005 1207 conservari
2028 1181 2132 1207 totum

1139 1217 1229 1249 hunc
1254 1218 1404 1249 ordinem
1428 1217 1609 1259 politicum,
1639 1219 1671 1249 id
1696 1225 1759 1257 est,
1782 1217 1878 1261 leges
1904 1220 2062 1262 coniugii,
2085 1217 2131 1250 le-

1141 1272 1201 1303 ges
1221 1262 1392 1292 societatis
1416 1261 1592 1299 humanae,
1613 1268 1646 1293 et
1670 1268 1915 1299 contractuum,
1940 1268 1971 1294 et
1983 1273 2131 1304 exequu-

1141 1305 1262 1336 tionem
1286 1304 1417 1347 legum,
1450 1306 1571 1336 iudicia
1594 1311 1626 1336 et
1648 1316 1794 1346 poenas,
1829 1305 2031 1349 Agnoscere
2054 1307 2132 1337 item

1140 1348 1229 1379 hunc
1254 1355 1357 1380 totum
1382 1349 1529 1380 ordinem
1553 1358 1630 1379 8558
1653 1349 1876 1380 testimonium
1905 1350 1947 1381 de
1970 1349 2063 1388 Deo,
2099 1356 2132 1381 et

1141 1392 1181 1422 de
1204 1392 1424 1433 providentia,
1449 1391 1754 1423 commonefaciens
1778 1403 1858 1431 1105,
1891 1403 1958 1424 11011
1983 1403 2067 1425 casu
2090 1403 2131 1424 ex

1140 1435 1322 1466 Democriti
1346 1436 1477 1467 Atomis
1502 1441 1609 1467 ortum
1633 1445 1710 1467 8558
1735 1447 1842 1478 genus
1856 1435 2047 1475 humanum,
2071 1436 2132 1468 sed

265 1186 341 1226 DE
374 1186 635 1228 SECUNEA
668 1185 915 1227 TABULA.

182 1286 254 1318 Etsi
279 1287 420 1328 primum
444 1293 673 1328 praeceptum,
697 1293 732 1318 ut
756 1297 857 1328 supra
883 1287 960 1325 dixi,
984 1287 1086 1317 omni-

95 1332 158 1363 bus
183 1329 417 1362 includendam
443 1337 506 1368 est,
540 1337 649 1361 tamen
676 1338 768 1361 certo
805 1329 946 1361 consilio
971 1330 1086 1361 distin-

92 1374 140 1405 xit
163 1373 258 1405 Deus
293 1372 437 1412 tabulas,
471 1380 507 1405 ut
531 1374 793 1412 consideremus,
827 1375 881 1404 ubi
902 1374 1086 1405 immediate

94 1427 168 1448 cum
193 1417 268 1457 ipso
291 1415 366 1447 solo
391 1427 544 1458 agamus,
568 1422 600 1448 et
622 1417 677 1447 ubi
701 1416 783 1448 foris
811 1416 1086 1451 cumhominibus

92 1466 231 1502 agatur,
267 1460 344 1501 quia
377 1460 449 1492 vult
472 1460 567 1492 Deus
597 1466 628 1491 et
651 1459 740 1491 hanc
763 1462 959 1492 societatem
982 1461 1086 1491 homi-

91 1514 170 1535 num
205 1504 370 1542 ordinare,
406 1514 480 1536 cum
516 1503 595 1536 velit
626 1514 703 1534 esse
726 1503 925 1542 Ecclesiam,
961 1502 1032 1535 vult
1056 1510 1087 1534 et

91 1546 233 1589 intelligi
267 1557 305 1578 se
340 1558 417 1579 esse
451 1553 601 1579 autorem
626 1548 764 1586 ordinis,
795 1555 1085 1585 conservatorem,

91 1591 234 1622 iudicem
269 1595 301 1622 et‘
336 1591 500 1623 vindicem
523 1589 622 1622 huius
657 1592 839 1628 societatis,
875 1591 945 1623 vult
970 1601 1010 1622 ex
1033 1589 1085 1621 his

91 1635 281 1676 praeceptis
306 1645 392 1677 quae
414 1633 594 1676 loquuntur
629 1635 670 1666 (le
705 1635 891 1666 actionibus
914 1645 997 1677 erga
1026 1633 1086 1665 110-

91 1678 198 1709 11ιί1185
223 1678 306 1710 disci
330 1679 487 1710 virtutum
512 1679 656 1719 species,
680 1685 715 1709 ut
727 1679 885 1717 sciamus,
910 1677 1019 1720 qualis
1043 1678 1086 1708 sit

92 1721 165 1763 ipse
188 1720 297 1759 Deus,
319 1721 427 1764 qualis
451 1722 494 1753 sit
513 1732 593 1764 erga
617 1731 691 1752 nos.
758 1721 839 1753 Item
869 1728 905 1753 ut
927 1722 1086 1760 sciamus,

94 1763 212 1806 quales
231 1775 295 1795 nos
319 1775 397 1796 esse
421 1764 511 1796 velit.
568 1763 680 1796 ‚Simul
704 1772 813 1797 autem
837 1766 1010 1797 sciendum
1035 1770 1086 1795 est

93 1808 316 1840 obedientiam
341 1808 372 1839 in
396 1808 448 1839 his
471 1809 660 1850 praeceptis
684 1809 876 1840 interiorem
900 1816 932 1840 et
945 1809 1086 1840 exterio·

93 1862 163 1883 rem
187 1851 399 1883 referendam
423 1862 500 1883 esse
524 1852 565 1883 ad
589 1853 710 1893 ipsum,
746 1853 778 1883 id
813 1858 876 1891 est,
912 1858 1085 1894 praestan-

92 1895 170 1926 dam
200 1895 233 1926 in
256 1895 425 1937 agnitione
449 1902 481 1927 et
504 1896 716 1927 invocatione
740 1896 855 1937 ipsius,
892 1903 925 1927 et
948 1902 1085 1937 propter

92 1948 179 1970 eum.
213 1937 265 1969 Ae
289 1939 330 1970 de
355 1939 514 1981 dignitate
537 1940 711 1970 Secundae
736 1939 872 1971 tabulae
895 1949 1029 1981 semper
1052 1939 1084 1970 in

94 1989 281 2023 conspectu
301 1983 342 2013 sit
367 1983 490 2014 (lictum
515 1981 657 2020 Christi,
682 1984 737 2014 ubi
761 1983 865 2025 inquit
888 1982 1007 2014 Matth.
1030 1983 1083 2013 2³2.

92 2032 307 2067 praeceptum
331 2026 372 2057 de
396 2025 573 2058 dilectione
598 2027 738 2067 proximi
762 2025 868 2058 simil-e
892 2037 969 2058 esse
983 2027 1083 2067 priori

92 2075 287 2111 praecepto,
312 2070 353 2101 de
377 2068 553 2101 dilectione
576 2069 651 2101 Dei.
719 2070 805 2102 Mira
834 2070 987 2112 profecto
1018 2081 1084 2101 vox

1141 1480 1309 1510 conditum
1333 1488 1410 1510 8558
1433 1489 1453 1510 a
1477 1478 1550 1510 Deo
1574 1479 1724 1520 sapiente
1749 1485 1780 1510 et
1800 1481 1902 1518 bono,
1926 1481 2012 1511 sicut
2036 1488 2067 1512 et
2084 1478 2130 1511 le-

1140 1533 1216 1563 gem
1239 1523 1436 1564 saepissime
1460 1523 1598 1555 dicimus
1621 1523 1842 1554 testimonium
1871 1534 1949 1555 esse
1980 1525 2021 1556 de
2044 1523 2130 1555 Deo.

1227 1600 1289 1631 Est
1312 1601 1398 1632 enim
1421 1599 1491 1632 Lex
1514 1611 1640 1633 nervus
1663 1601 1841 1633 universae
1864 1602 2129 1643 gubernationis.

1139 1643 1180 1675 Et
1204 1643 1422 1687 Magistratus
1447 1650 1497 1676 est
1519 1655 1586 1676 vox
1610 1650 1643 1675 et
1666 1651 1829 1677 executor
1852 1645 1966 1688 Legis.
2036 1645 2131 1677 Sicut

1140 1694 1250 1719 autem
1285 1688 1491 1719 verissimum
1526 1694 1577 1719 est
1599 1687 1858 1721 foecunditatem
1878 1696 1989 1721 terrae
2013 1700 2033 1721 a
2056 1689 2130 1721 Deo

1140 1731 1325 1762 institutam
1350 1742 1441 1766 esse,
1478 1737 1510 1763 et
1528 1733 1717 1774 ubicunque
1741 1738 1774 1764 et
1795 1733 1906 1764 donec
1926 1739 2037 1765 manet
2060 1732 2131 1764 foe-

1141 1776 1305 1812 cunditas,
1331 1781 1552 1807 conservatur
1573 1786 1593 1806 a
1617 1774 1708 1808 Deo:
1733 1776 1802 1807 ‘Sic
1836 1787 1855 1808 a
1891 1776 1965 1808 Deo
1995 1782 2047 1808 est
2075 1776 2130 1810 hic

1140 1820 1222 1850 ordo
1247 1816 1419 1857 Politicus‚
1443 1824 1475 1849 et
1499 1826 1658 1861 quantum
1681 1820 1808 1851 ordinis
1833 1819 1994 1862 reliquum
2008 1827 2130 1859 manet,

1139 1874 1159 1894 a
1183 1862 1257 1893 Deo
1283 1868 1514 1893 conservatur.
1560 1863 1654 1895 Sicut
1679 1864 1764 1894 enim
1788 1862 1855 1905 lupi
1869 1865 2033 1905 dissipant
2056 1874 2131 1907 gre-

1139 1917 1225 1948 gem,
1249 1912 1281 1937 et
1306 1905 1348 1936 ali
1377 1916 1436 1937 uas
1460 1916 1543 1938 oves
1568 1907 1748 1945 devorant,
1785 1908 1834 1938 sic
1864 1907 1996 1939 Diaboli
2023 1914 2055 1939 et
2079 1919 2131 1939 or-

1138 1961 1226 1992 gana
1255 1948 1364 1982 Diabo
1381 1961 1488 1988 orum,
1522 1949 1680 1992 Tyranni,
1716 1949 1876 1989 lau-opes,
1911 1951 2074 1990 seditiosi,
2098 1957 2131 1982 et

1138 1993 1194 2024 alii
1229 1991 1386 2024 scelerati
1419 1994 1554 2025 turbant
1589 1995 1755 2031 ordinem,
1792 1995 1851 2026 sed
1875 2000 1910 2026 ut
1931 2001 2047 2036 pastor
2070 1993 2129 2026 ali-

1138 2048 1237 2079 quam
1260 2037 1374 2079 gregis
1398 2043 1524 2078 partem
1548 2045 1674 2075 servat,
1697 2039 1747 2069 sic
1766 2037 1859 2070 Deus
1874 2038 2047 2070 manifesta
2070 2049 2129 2080 po·

369 2114 376 2121 ,
662 2114 669 2121 ‚
806 2115 812 2121 ⁶
1138 2081 1242 2112 tentia
1265 2087 1379 2113 servat
1401 2080 1525 2122 aliquid
1544 2082 1682 2120 ordinis,
1706 2088 1739 2112 et
1757 2092 1946 2124 quanquam
1971 2083 2047 2113 sinit
2071 2081 2128 2113 ali-

94 2118 157 2150 851,
189 2123 287 2154 quam
323 2124 396 2155 quis
423 2114 560 2145 auderet
595 2120 761 2155 cogitare,
785 2124 813 2145 51
837 2125 903 2145 11011
928 2120 1019 2145 esset
1042 2115 1083 2145 ab

92 2156 167 2198 ipso
191 2155 275 2187 Filio
299 2155 363 2188 Dei
388 2157 497 2190 edita?
542 2156 871 2189 Reverenterautem
887 2158 1083 2199 cogitemus,

93 2210 155 2232 cur
188 2200 233 2231 ita
257 2200 382 2232 dictum
407 2201 461 2239 sit,
497 2201 613 2232 eadem
638 2201 746 2232 divina
772 2211 866 2232 mens
891 2208 962 2240 est,
997 2212 1084 2243 quae

92 2244 199 2274 sanxit
225 2243 314 2274 hunc
338 2244 485 2275 ordinem
509 2244 540 2275 in
565 2250 707 2286 utroque
730 2252 924 2286 praecepto,
947 2251 978 2276 et
1002 2243 1083 2276 obli-

92 2287 182 2329 gatio
202 2287 234 2317 in
259 2293 401 2328 utroque
425 2298 464 2319 80
489 2286 606 2319 similis
625 2294 687 2326 est,
712 2290 788 2329 quia
812 2288 934 2320 nullius
956 2294 1084 2319 creatu·
1224 2289 1317 2321 Haec
1341 2290 1466 2332 agnitio
1490 2290 1642 2329 iustitiae,
1667 2291 1851 2332 sapientiae
1869 2297 1902 2322 et
1915 2292 2127 2333 praesentiae

91 2339 150 2361 rae
173 2331 351 2362 autoritate
374 2331 492 2363 mutari
514 2337 637 2373 potest,
693 2330 836 2363 Illustris
865 2339 973 2363 autem
997 2332 1084 2363 simi-
1136 2332 1200 2364 Dei
1224 2334 1255 2364 in
1281 2334 1382 2376 Lege,
1406 2339 1438 2364 et
1460 2333 1492 2366 in
1516 2334 1590 2375 ipso
1615 2335 1730 2365 ordine
1754 2333 1905 2376 politico,
1935 2341 1967 2366 et
1990 2342 2127 2376 propter

90 2371 197 2404 litudo
222 2384 262 2405 8ο
288 2380 351 2413 est,
376 2375 451 2416 quia
475 2375 506 2405 in
530 2381 671 2417 utroque
690 2382 870 2417 praecepto
896 2375 964 2407 vult
990 2373 1083 2407 intel·
1137 2376 1245 2408 Deum
1281 2376 1506 2419 magnifacere
1540 2377 1628 2408 hunc
1664 2379 1823 2416 ordinem,
1860 2384 1892 2409 et
1927 2377 2017 2409 nolle
2052 2389 2126 2410 euin

91 2415 150 2458 ligi
175 2416 350 2456 Christus,
384 2429 451 2449 non
476 2417 585 2449 solum
608 2419 727 2460 prioris
750 2421 917 2461 praecepti
943 2420 1083 2450 xii-tutes
1137 2422 1284 2459 turbare,
1309 2421 1368 2452 sed
1393 2426 1513 2462 sponte
1538 2421 1704 2452 subiicere
1727 2432 1816 2458 sese,
1842 2428 1874 2453 et
1899 2421 1972 2453 Deo
1997 2423 2125 2464 gratias

93 2459 204 2492 cultus
227 2459 291 2492 Dei
315 2471 403 2500 esse,
428 2462 487 2493 sed
511 2463 607 2493 etiam
631 2461 768 2494 alterius
788 2464 957 2505 praecepti
982 2464 1083 2494 xirtu-
1136 2475 1239 2505 agere
1263 2476 1323 2506 pro
1347 2463 1571 2506 patefactione
1596 2475 1668 2503 sua,
1692 2471 1722 2496 et
1746 2476 1806 2506 pro
1832 2466 1975 2496 caeteris
2002 2466 2124 2497 benefi-

91 2509 144 2535 tes
177 2510 209 2535 et
233 2504 357 2543 oificia,
389 2504 534 2547 Ideoque
558 2505 629 2537 vult
653 2507 873 2538 obedientiam
898 2506 1015 2538 referri
1040 2507 1082 2537 ad
1136 2508 1206 2546 ciis,
1242 2515 1274 2539 et
1297 2509 1338 2540 ab
1364 2520 1403 2539 eo
1429 2515 1540 2549 petere
1564 2511 1853 2540 conservationem
1873 2509 2011 2549 ordinis,
2047 2516 2125 2542 sunt

91 2546 213 2579 Deum.
261 2548 401 2590 Propter
425 2547 508 2580 tales
532 2547 662 2591 aliquas
687 2560 807 2581 causas
833 2551 962 2582 ornavit
987 2550 1082 2581 Chri·
1135 2552 1261 2593 primus
1285 2553 1410 2594 gradus
1434 2551 1581 2584 honoris.

93 2598 166 2623 stus
190 2591 333 2624 alterum
357 2598 569 2634 praeceptum
593 2598 684 2624 tanta
707 2592 817 2630 laude,
848 2605 913 2636 qua
938 2605 1082 2625 commo-

92 2634 216 2668 nefacti
250 2645 313 2667 nos
347 2647 481 2678 quoque
511 2635 784 2678 magnifaciamus
807 2638 897 2670 hunc
921 2638 1082 2677 ordinem,
1220 2640 1287 2671 lam
1321 2639 1445 2682 cogitet
1478 2637 1578 2671 homo
1612 2649 1680 2671 non
1714 2638 1853 2678 efferus,
1889 2646 2034 2682 quantas
2068 2649 2151 2674 ree.

1138 2125 1334 2167 quantisper
1356 2124 1534 2166 Tyrannus
1558 2131 1590 2156 et
1618 2125 1783 2157 Latrones
1815 2127 1982 2168 grassari,
2018 2132 2129 2158 tamen

1138 2174 1257 2209 postea
1280 2179 1340 2199 eos
1364 2166 1460 2205 tollit,
1484 2168 1574 2199 iuxta
1597 2169 1736 2201 dictum:
1772 2168 1836 2205 Qui
1864 2168 2010 2212 gladium
2034 2180 2128 2202 acce-

1137 2212 1233 2253 perit,
1258 2210 1372 2254 gladio
1396 2212 1527 2253 peribit.

250 2705 398 2724 nmmum.
408 2706 489 2725 oran.
504 2706 567 2725 voL.
580 2706 663 2726 xxm.
1917 2703 1948 2727 27
