2383 2990
170 107 233 140 341
809 103 867 135 lV.
891 102 1153 134 ENARRATIO
1177 101 1377 134 SYMBOLI
1407 101 1568 133 NICENL
2147 102 2209 132 342

170 212 301 244 cunque
325 199 503 232 similitudo
527 199 581 237 sit,
604 210 718 230 ramus
748 199 866 230 insitus
890 206 1021 230 trunco.
1067 197 1160 233 Item,

170 248 345 278 mixtorum
369 244 528 275 seminum
554 244 604 274 vis
624 244 656 274 in
681 244 783 274 rebus
797 244 894 278 natis,
908 249 963 273 aut
977 242 1163 273 subiectum

171 296 364 321 sustentans
389 287 587 324 accidentia,
611 293 645 317 ut
671 297 758 328 aqua
781 285 939 317 calorem.

257 366 328 397 Etsi
353 371 461 396 autem
486 363 577 395 nulla
600 365 718 396 harum
743 363 991 395 similitudinum
1024 372 1164 404 prorsus

174 409 349 452 congruit,
385 415 496 439 tamen
522 407 652 439 collatio
677 408 799 450 aliquid
825 407 908 438 lut-is
933 405 1057 444 adfert,
1089 417 1164 436 cum

170 455 335 490 videmus,
359 453 412 483 ubi
437 453 478 482 sit
504 452 738 493 discrepantia.
808 451 959 481 lluniana
990 456 1109 480 natura
1132 450 1165 480 in

171 496 317 534 Christo,
343 506 409 526 non
433 494 531 525 habet
546 496 705 526 rationem
719 504 886 535 personae
911 504 969 533 per
989 504 1077 530 sese,
1103 494 1166 523 sic-

169 547 205 572 ut,
230 541 349 571 l'etrus
375 545 431 570 aut
456 537 598 574 Paulus,
623 544 679 569 aut
705 538 826 568 caeteri
851 536 1014 575 homines,
1041 537 1106 567 Sed
1132 536 1168 567 ut'
1194 551 1195 563 κ

172 584 250 622 dixi,
284 583 447 624 dependet
483 581 645 624 singulari
681 582 796 611 ordine
833 581 874 611 ad
907 579 992 610 hanc
1023 581 1167 610 dixinam

171 637 352 669 personam
382 625 517 664 Filium,
552 632 587 656 ut
612 626 654 656 ab
680 636 717 655 ca
743 630 951 655 sustentetur
974 631 1004 653 ct
1031 633 1167 654 conser-

171 677 278 709 vetur,
303 676 333 700 et
357 671 520 701 rationem
539 679 705 710 personae
727 678 800 699 cum
825 668 936 698 divina
968 673 1088 698 natura
1112 677 1167 697 ac-

173 715 283 756 cipiat.

260 791 322 823 llic
357 791 453 833 quasi
484 789 680 831 complexus
704 795 844 820 naturae
873 787 1050 819 imbecillis
1075 794 1107 818 et
1131 787 1168 818 fi-

172 837 271 873 nitae,
297 835 515 877 dependentis
536 835 576 864 ad
602 833 774 869 infinitam,
798 833 1004 873 significatus
1029 838 1079 863 est
1106 830 1168 861 hac

172 880 327 922 imagine,
358 878 447 920 quod
482 875 583 908 Filius
607 875 848 918 complectatur
868 875 1043 906 humanam
1074 881 1169 906 natu-

173 935 244 955 ram
269 934 368 964 quam
393 922 550 958 adsumit,
572 927 604 952 ut
630 931 779 962 sponsus
804 930 974 960 sponsam.
1028 920 1092 952 Sed
1120 925 1168 949 ta-

172 978 246 998 men
272 968 303 997 in
323 967 374 997 his
399 965 599 1007 imaginihus
631 965 785 995 omnibus
816 962 927 1005 aliqua
951 969 1003 994 est
1028 963 1168 993 dissimi-

173 1010 289 1042 litudo.
1194 1020 1197 1048 Ι

259 1088 332 1119 Etsi
356 1087 455 1129 igitur
479 1085 620 1117 docendi
646 1096 749 1116 causa
785 1084 954 1126 copulatio
983 1084 1113 1115 animae
1137 1090 1167 1115 ct
1195 1100 1197 1104 Α

174 1133 326 1174 corporis
351 1131 471 1162 (licitur
495 1131 604 1171 imago
629 1129 727 1160 huius
751 1129 889 1160 mirandi
919 1126 1065 1158 foederis
1091 1128 1170 1158 dua·
1196 1149 1197 1152 =

171 1187 244 1207 rum
259 1183 450 1206 naturarum
465 1175 496 1204 in
512 1173 660 1211 Christo,
673 1180 780 1203 tamen
806 1180 837 1203 ct
862 1172 945 1202 haec
970 1170 1169 1208 {lissitttilitu-
1195 1187 1197 1206 ·,

173 1221 216 1252 do
251 1220 283 1250 in
319 1226 504 1258 conspectu
540 1223 604 1247 est.
673 1217 792 1247 Anima
828 1216 951 1247 deserit
988 1226 1112 1255 corpus
1137 1216 1168 1245 in

172 1269 289 1294 morte.
359 1262 403 1292 At
434 1268 552 1292 natura
582 1260 691 1290 dixina
717 1271 883 1301 nunquam
909 1260 1032 1290 deserit
1058 1259 1169 1289 huma-

172 1317 248 1338 nam
272 1311 424 1337 naturam
448 1305 480 1335 in
517 1304 662 1340 Christo,
698 1314 761 1333 nec
786 1314 909 1344 corpus·
931 1303 1169 1340 nec'auimam,
1195 1315 1196 1329 t

172 1360 214 1380 ne
249 1350 381 1390 quidem
417 1354 596 1389 postquam
627 1347 782 1377 discessit
820 1347 928 1377 anima
963 1357 981 1376 a
1014 1357 1168 1386 corpore,

170 1393 223 1424 Ac
248 1402 351 1433 saepe
376 1398 573 1422 recensetur
597 1391 719 1420 dictum
735 1389 950 1426 Damasi-eni,
975 1389 1059 1429 λόγος
1079 1390 1168 1431 quod

172 1433 275 1467 semel
299 1435 476 1472 adsumsit,
500 1444 668 1475 nunquam
694 1433 853 1471 deseruit,
879 1443 941 1466 nec
967 1433 1112 1463 deseret.

260 1513 456 1554 Quanquam
492 1518 601 1543 autem
635 1510 718 1542 haec
743 1510 977 1542 dissimilitudo
1014 1511 1169 1542 conside-

169 1557 277 1589 randa
297 1563 365 1595 est,
402 1562 511 1587 tamen
535 1556 689 1586 existimo
719 1554 806 1585 hanc
837 1556 943 1596 ipsam
963 1556 1005 1585 oh
1031 1565 1168 1585 causam

171 1601 221 1633 sic
245 1601 413 1631 conditum
439 1609 516 1630 esse
546 1599 733 1635 hominem,
763 1605 799 1629 ut
835 1597 1003 1640 copulatio
1039 1599 1168 1629 animae
1196 1608 1197 1614 ¹

171 1651 204 1676 et
228 1644 392 1685 corporis,
417 1643 458 1674 sit
472 1641 714 1685 qualiscunque
728 1643 856 1683 pictura
881 1642 978 1673 huius
998 1644 1075 1673 novi
1101 1640 1169 1673 foe-
1195 1628 1197 1665 i

172 1689 261 1719 deris
286 1688 425 1719 duarum
449 1694 641 1718 naturarum
667 1686 698 1716 in
723 1685 877 1724 Christo,
906 1692 938 1717 et
962 1684 1063 1717 multa
1088 1696 1167 1717 con·
1195 1677 1198 1701 ¹

173 1737 305 1775 gruunt.

260 1809 382 1840 Anima
407 1814 457 1839 est
472 1814 629 1849 tanquam
643 1808 804 1849 gestatrix
819 1808 984 1848 corporis,
1009 1814 1041 1838 et
1065 1818 1168 1849 quan-

173 1864 271 1896 quam
295 1852 372 1884 fons
397 1859 447 1883 est
470 1852 649 1888 actionum,
675 1860 706 1882 et
732 1850 816 1882 aliae
841 1852 990 1882 actiones
1012 1852 1167 1892 propriae

172 1903 249 1929 sunt
273 1898 413 1933 animae,
437 1902 471 1926 ut
496 1893 681 1936 intell'gere
706 1906 864 1925 numeros
889 1901 944 1926 aut
969 1894 1087 1932 Deum,
1111 1902 1167 1926 aut
1193 1904 1196 1940 Ι

170 1939 387 1977 universalia,
412 1938 498 1970 aliae
521 1940 678 1980 propriae
698 1939 862 1980 corporis,
894 1945 929 1969 ut
954 1949 1167 1980 concoquere

172 1986 283 2016 cibum
309 1989 341 2022 et
364 1990 490 2024 potum,
514 1982 639 2013 nutrire
665 1993 800 2022 corpus,
825 1989 933 2013 tamen
948 1983 1095 2013 societas
1119 1989 1167 2014 ta-

171 2027 214 2059 lis
238 2033 302 2065 est,
326 2033 361 2057 ut
385 2028 536 2058 actiones
562 2032 652 2057 recte
676 2027 864 2057 tribuantur
887 2036 1064 2068 personae.
1101 2026 1167 2058 klo-

171 2082 225 2103 mo
250 2069 419 2112 intelligit,
444 2070 545 2101 homo
571 2071 750 2111 concoquit
774 2071 894 2101 cibum.

257 2149 330 2180 Etsi
366 2155 494 2186 autem,
529 2154 564 2180 ut
595 2149 672 2187 dixi,
707 2148 819 2190 aliqua
844 2154 895 2179 est
920 2147 1166 2187 dissimilitudo,

171 2199 281 2225 tamen
306 2203 453 2234 persona
473 2193 582 2223 divina
606 2198 717 2233 gestat
738 2192 913 2224 humanam
934 2198 1098 2230 naturam,
1122 2193 1167 2223 ita

171 2245 207 2269 ut
231 2238 273 2268 sit
297 2237 515 2267 sustentatrix
541 2243 571 2267 et
596 2237 826 2267 conservatrix
853 2237 934 2267 eius.
1003 2236 1043 2266 Et
1064 2247 1167 2277 quan-

172 2292 271 2323 quam
305 2280 492 2322 proprietas
527 2291 589 2311 sua
615 2281 776 2322 cuiusque
800 2287 938 2311 naturae
962 2286 1083 2314 manet,
1119 2286 1167 2310 ta—

171 2336 245 2356 men
281 2324 357 2366 quia
392 2334 539 2365 persona
573 2324 683 2355 divina
721 2330 889 2355 sustentat
922 2331 952 2354 et
987 2330 1166 2355 conservat

171 2369 361 2405 humanam,
386 2374 416 2398 et
440 2378 587 2408 persona
611 2379 677 2398 una
701 2375 764 2406 est,
789 2379 889 2399 verae
914 2374 991 2399 sunt
1016 2368 1078 2398 hae
1091 2378 1164 2409 pro-

171 2413 358 2454 positiones
381 2411 413 2442 iu
439 2419 612 2450 concreto,
647 2411 740 2443 Deus
766 2418 818 2443 est
842 2412 960 2450 homo,
996 2411 1089 2443 Deus
1115 2417 1167 2442 est

171 2466 304 2497 passus.

260 2566 344 2598 Cum
369 2567 468 2610 igitur
493 2568 579 2599 dicat
602 2567 769 2606 Ecclesia,
793 2570 924 2601 unicam
950 2579 1027 2600 esse
1053 2578 1167 2609 perso-

173 2623 261 2650 nam,
298 2622 372 2642 cum
408 2617 516 2642 tamen
542 2612 627 2643 duae
661 2614 726 2643 sint
758 2620 898 2644 naturae
928 2612 1166 2655 intelligentes,

1217 197 1365 228 definitio
1400 208 1568 238 personae
1599 198 1714 228 dextre
1751 196 1950 239 explicanda
1975 203 2037 228 est.
2102 197 2210 238 Supra

1217 241 1339 271 dictum
1365 248 1433 271 est:
1460 239 1610 272 Persona
1634 247 1685 272 est
1699 242 1887 272 substantia
1912 241 2091 279 individua,
2115 240 2211 271 intel-

1216 283 1337 325 ligens,
1372 283 1703 323 inconnnunicabilis,
1740 285 1793 315 hie
1818 285 1920 322 adde,
1959 295 2045 326 quae
2069 295 2136 315 non
2157 295 2211 315 su-

1219 334 1384 358 stentatur
1408 338 1517 368 neque
1542 335 1762 359 conservatur
1786 329 1816 359 iu
1838 327 1913 359 alia.

1307 387 1401 419 Hanc
1442 395 1646 428 postremam
1686 388 1883 430 particulam
1926 387 2213 430 comprehendunt

1219 432 1415 471 scriptores,
1440 432 1470 461 in
1497 431 1674 469 vocabulo,
1699 431 2038 470 lncommunicabilis,
2068 432 2142 473 quia
2167 431 2213 461 di-

1220 482 1299 505 cunt
1329 475 1414 505 idem
1450 485 1526 505 esse
1562 482 1715 506 naturam
1751 476 1929 506 humanam
1966 477 2049 506 uniri
2075 481 2212 506 aeterno

1219 516 1315 554 Filio,
1351 525 1381 548 et
1420 519 1448 548 ei
1485 521 1741 555 communit-ari,
1779 526 1810 549 et
1835 520 1876 549 ab
1902 529 1941 550 eo
1966 519 2149 550 sustentari
2173 528 2213 548 ac

1221 563 1436 599 conservari,
1479 563 1539 592 sed
1575 561 1814 592 declarationis
1851 574 1954 593 causa
1989 569 2099 604 potest
2137 562 2214 593 addi

1220 604 1304 636 haec
1330 613 1498 645 postrema
1524 605 1702 646 partit-ula,
1727 617 1812 647 quae
1838 617 1903 637 non
1928 612 2134 637 sustentatur
2158 616 2214 636 ne-

1220 659 1284 690 que
1310 656 1531 680 conservatur
1555 650 1586 679 iu
1610 648 1685 680 ali-a.

1309 726 1392 757 Cum
1423 727 1522 767 igitur
1554 726 1698 758 humana
1723 734 1843 758 natura
1868 728 1898 758 in
1924 726 2058 758 Christo
2083 732 2215 758 susten-

1220 776 1307 801 tetur
1338 781 1356 800 a
1393 771 1521 807 dixina,
1558 771 1602 801 ita
1627 779 1658 801 ut
1686 783 1748 801 non
1775 778 1865 801 esset
1892 771 2052 807 humana,
2078 772 2140 801 nisi
2166 771 2216 801 sic

1222 820 1484 852 sustentaretur,
1520 825 1584 845 non
1621 822 1698 845 sunt
1729 815 1814 845 duae
1847 826 2011 855 personae
2044 815 2153 844 divina
2184 819 2215 844 et

1221 856 1377 895 humana,
1402 859 1462 888 sed
1487 865 1563 888 sunt
1590 859 1686 888 unica
1711 869 1866 899 persona,
1892 866 1922 888 et
1948 859 2057 888 divina
2083 864 2215 888 susten-

1222 902 1320 931 tatrix
1358 902 1509 932 terminat
1545 903 1695 933 ordinem
1730 901 1867 933 alterius
1905 910 2060 940 naturae,
2096 902 2216 932 utiam

1221 945 1285 975 sint
1310 945 1408 975 unica
1434 956 1589 985 persona.

1309 1014 1350 1045 Et
1375 1025 1437 1045 usa
1461 1021 1511 1045 est
1538 1013 1690 1045 Ecclesia
1716 1014 1768 1045 his
1798 1014 1913 1045 formis
1941 1013 2117 1056 loquendi:
2149 1014 2214 1044 Na-

1222 1064 1295 1088 tura
1320 1057 1464 1088 hmnana
1490 1059 1576 1089 unita
1602 1066 1651 1089 est
1669 1057 1748 1089 Filio
1765 1058 1824 1089 Dci
1851 1060 1972 1089 unione
1994 1058 2216 1100 hypostatica,

1221 1102 1253 1132 id
1278 1108 1342 1140 est,
1368 1102 1550 1142 personali,
1586 1103 1674 1144 quod
1699 1103 1785 1133 idem
1811 1109 1873 1140 est,
1908 1113 1950 1133 ac
1974 1103 2002 1132 si
2027 1103 2124 1132 dicat.
2174 1100 2217 1131 Ut

1221 1146 1319 1176 unica
1344 1147 1385 1176 sit
1410 1156 1568 1186 persona,
1594 1157 1653 1177 seu
1675 1153 1706 1177 ut
1729 1146 1871 1177 humana
1896 1153 2103 1177 sustentetur
2126 1156 2146 1176 a
2171 1146 2217 1175 di-

1222 1190 1309 1226 vina,
1335 1196 1365 1220 ut
1393 1191 1543 1220 actiones
1569 1197 1598 1220 et
1625 1191 1804 1231 passiones
1828 1191 2015 1221 tribuantur
2039 1199 2215 1231 personae,

1222 1240 1360 1273 propte:-
1383 1232 1471 1263 illstm
1496 1234 1717 1265 arctissimam
1744 1234 1909 1271 unionem,
1945 1241 1978 1265 ut
2015 1234 2055 1264 de
2085 1233 2218 1264 homine

1194 1287 1196 1299 τ
1223 1277 1379 1307 dicimus:
1405 1276 1511 1307 llomo
1537 1276 1702 1319 intelligit,
1728 1277 1825 1308 homo
1851 1277 2030 1308 laceratur.

1310 1346 1366 1376 ste
1390 1347 1511 1377 usitata
1546 1353 1596 1378 est
1621 1354 1650 1378 et
1677 1346 1763 1378 haec
1787 1345 1905 1385 forma,
1942 1347 2028 1387 λόγος
2060 1347 2218 1378 assumsit

1221 1388 1400 1420 humanam
1425 1397 1589 1428 naturam,
1614 1391 1702 1432 qnod
1727 1390 1933 1433 intelligatur
1946 1392 1986 1422 de
1999 1391 2121 1422 unione
2145 1401 2219 1431 per-

1222 1431 1344 1471 sonali,
1369 1440 1404 1464 ut
1428 1434 1492 1464 iam
1517 1434 1625 1465 dictus*
1646 1440 1709 1465 est.

1309 1510 1359 1541 Ex
1385 1510 1548 1553 Symholo
1573 1519 1605 1543 et
1625 1512 1709 1544 haec
1733 1511 1841 1544 forma
1868 1519 2003 1554 recepta
2027 1520 2091 1550 est,
2116 1511 2219 1544 Pilius

1221 1554 1285 1586 Dei
1317 1556 1510 1587 incarnatus
1548 1563 1610 1593 est,
1636 1557 1726 1598 quod
1753 1555 1929 1599 intellege,
1949 1563 1984 1588 ut
2008 1558 2073 1588 iam
2097 1557 2219 1588 dictum

1223 1605 1286 1637 est,
1311 1600 1352 1630 de
1378 1600 1498 1630 unione
1522 1606 1554 1631 et
1577 1601 1618 1631 de
1643 1601 1859 1632 assumtione.

1312 1668 1422 1699 Simus
1458 1676 1566 1700 autem
1604 1671 1782 1701 verecundi
1808 1671 1839 1702 in
1865 1669 2053 1712 loquendo,
2090 1677 2122 1702 et
2145 1671 2221 1701 reti-

1223 1722 1361 1743 neamus
1386 1713 1589 1744 eruditorum
1614 1715 1646 1744 in
1671 1713 1825 1745 Ecclesia
1851 1715 2144 1752 consuetudinem,
2176 1713 2217 1744 Et

1223 1757 1455 1794 diuidit-emus,
1480 1758 1533 1788 uhi
1561 1757 1676 1799 figuris
1701 1756 1834 1799 longius
1860 1759 1970 1800 petitis
1995 1760 2125 1789 usisint
2139 1759 2219 1789 scri-

1222 1807 1348 1841 ptores,
1372 1807 1405 1831 ut
1432 1812 1505 1832 cum
1531 1802 1662 1833 dit-unt:
1699 1801 1802 1833 Filia<
1834 1803 1936 1833 induit
1962 1801 2137 1833 humanam
2163 1812 2220 1832 na-

1222 1851 1342 1882 turam,
1367 1851 1421 1875 aut
1449 1845 1534 1885 λόγος
1558 1846 1661 1876 induit
1686 1845 1863 1877 hominem.
1912 1846 1980 1877 ilas·
2005 1847 2158 1887 poeticas
2184 1845 2220 1876 fi-

1222 1898 1336 1961 guras¹
1351 1895 1441 1920 recte
1465 1889 1731 1930 interpretemur,
1757 1900 1799 1921 ne
1824 1892 1865 1921 ab
1896 1891 2019 1921 unione
2049 1888 2220 1932 personali

1222 1932 1326 1962 discet
1341 1942 1447 1963 amus.

1309 2001 1368 2032 Est
1395 2002 1527 2033 omnino
1552 2003 1739 2034 mirandum
1764 2002 1902 2038 foedus,
1939 2009 1971 2035 et
1995 2002 2144 2034 mirabile
2168 2008 2215 2034 te-

1220 2045 1409 2076 stimonium
1433 2047 1556 2077 amoris·
1582 2047 1611 2077 in
1640 2046 1720 2077 Filio
1744 2058 1825 2090 erga
1851 2059 1924 2086 nos,
1950 2048 2039 2089 quod
2055 2058 2118 2078 non
2144 2054 2214 2078 tan-

1220 2094 1287 2119 tum
1324 2090 1505 2120 circumdat
1542 2091 1604 2120 sihi
1639 2090 1816 2122 humanam
1847 2098 1998 2123 naturam
2025 2092 2214 2132 hospitium,

1220 2133 1280 2163 sed
1301 2134 1426 2164 arcius
1452 2133 1586 2175 copulat
1611 2135 1673 2165 sibi
1699 2142 1869 2174 naturam,
1894 2134 2003 2167 factus
2027 2141 2079 2167 est
2103 2134 2213 2173 homo,

1220 2183 1255 2207 ut
1276 2176 1440 2207 lohannes
1465 2176 1623 2219 loquitur.

1306 2245 1377 2277 Etsi
1413 2254 1533 2284 autem,
1569 2254 1603 2278 ut
1628 2248 1704 2287 dixi,
1740 2248 1931 2287 similitudo,
1967 2260 2052 2291 quac
2082 2249 2214 2281 omnino

1221 2297 1397 2332 congruat,
1422 2292 1551 2322 ostendi
1575 2291 1664 2323 nulla
1690 2302 1816 2334 potest:
1842 2299 1950 2324 tamen
1971 2294 2111 2324 docendi
2137 2304 2215 2324 cau-

1220 2345 1259 2365 sa
1283 2343 1414 2366 utamur
1438 2335 1500 2366 hac
1527 2337 1705 2377 (ligerum
1732 2338 1860 2373 umbra,
1887 2337 2044 2368 utfumus
2068 2338 2098 2367 in
2124 2336 2215 2367 flam-

1220 2389 1272 2409 ma
1308 2378 1341 2409 lit
1371 2380 1476 2421 ignis,
1511 2380 1554 2410 ita
1592 2388 1758 2422 utcunque
1784 2381 1969 2421 cogitemus
1993 2381 2214 2411 arctissimam

1221 2432 1299 2452 esse
1323 2421 1567 2464 copulationem
1592 2425 1724 2455 divinae
1748 2431 1777 2455 et
1804 2423 1967 2454 humanae
1991 2431 2147 2462 naturae,
2183 2430 2215 2455 et

1220 2466 1253 2496 in
1286 2474 1356 2497 tota
1393 2467 1534 2498 humana
1560 2475 1674 2499 natura
1702 2467 1814 2499 lucere
1839 2469 1984 2499 divinam
2008 2475 2040 2499 et
2064 2476 2214 2500 neutram

1221 2507 1361 2541 deletam
1387 2521 1474 2542 esse.

1309 2571 1393 2602 llinc
1418 2578 1587 2614 utcunque
1611 2571 1748 2614 intelligi
1773 2578 1886 2613 potest
1900 2573 2049 2605 doctrina
2071 2575 2111 2605 de
2125 2585 2215 2605 ‹tom-

1220 2615 1445 2647 municatione
1470 2616 1673 2647 idiomatum.

2010 2679 2056 2701 90ss
