2383 2990
149 146 214 177 539
775 144 885 176 PHIL.
908 145 1012 177 MEL.
1035 145 1222 177 SCRIPTA
1244 145 1523 178 DOGMATIGA.
2109 147 2173 179 540

147 240 287 278 animae,
322 246 354 271 et
383 240 482 278 scire,
516 250 602 281 quae
627 245 728 282 agant
751 238 958 278 naturaliter,
993 246 1025 272 et
1047 251 1133 283 quae

147 290 247 324 agant
283 281 386 314 libere
416 284 549 325 propria
578 281 750 321 libertate,
786 293 872 324 quae
901 290 1060 325 regantur
1089 286 1132 316 ab

147 325 234 365 aliis,
259 333 291 358 et
314 332 470 368 quantum
495 327 565 368 regi
587 326 728 367 possint.

233 411 408 443 Vocabula
443 411 539 443 etiam
569 418 661 443 recte
691 411 928 454 intelligantur.
974 413 1131 446 Liberum

146 456 317 487 arbitrium
351 455 518 497 significat
552 454 614 486 has
639 456 720 486 duas
744 457 912 497 potentias
944 456 1130 498 copulataS,

144 497 351 530 Intellectum
382 504 413 529 et
438 497 668 537 Voluntatem,
703 508 764 530 seu
795 497 988 531 facultatem
1014 500 1129 532 volun-

144 542 221 573 tatis
245 543 288 572 ad
312 540 502 584 eligendum
525 547 557 572 et
581 543 802 583 expetendum
832 553 883 582 ea,
918 554 1003 585 quae
1037 554 1129 575 mon·

144 592 248 616 strata
272 592 368 623 sunt,
394 592 425 615 et
449 585 491 615 ad
515 585 727 617 reiiciendum
753 587 887 625 eadem,
913 597 1000 629 quae
1024 585 1129 618 sacul-

143 634 196 659 tas
221 629 251 659 in
277 634 394 659 natura
417 628 560 659 hominis
584 629 726 671 integra,
748 627 851 672 longe
874 629 934 661 fuit
957 637 1129 671 praestan·

143 671 207 702 tior
231 682 329 713 quam
354 682 442 702 nunc
466 678 517 702 est
546 672 578 703 in
613 672 815 714 depravatis,
849 679 885 704 ut
908 673 1019 704 Liberi
1044 674 1129 704 arbi-

143 715 193 745 trii
217 722 280 752 est,
316 715 405 757 quod
430 714 543 755 Scipio
579 725 644 746 non
679 714 783 747 voluit
806 714 946 748 alienam
971 726 1129 757 sponsam

141 758 320 800 attingere,
351 758 411 789 sed
435 757 506 789 vult
530 768 602 789 eam
625 758 817 790 inviolatam
840 760 912 790 sine
931 758 1130 791 contumelia

143 801 257 833 reduci
282 801 324 832 ad
347 808 515 843 parentes.
561 800 615 833 De
643 801 694 833 his
726 801 901 833 vocabulis
932 801 1033 833 multa
1064 802 1129 833 exi-

141 843 216 875 liter
239 845 383 885 disputat
407 851 568 882 vetustas,
603 856 690 886 quae
725 851 832 877 tamen
868 852 900 877 et
934 844 1073 887 intelligi
1098 850 1129 876 et

142 886 300 929 expl'rcari
324 886 424 919 facile
446 894 589 929 possunt
611 889 653 919 ab
673 887 737 927 his,
761 890 816 931 qui
829 888 995 931 Physicae
1008 888 1129 920 doctri-

142 942 207 962 nae
230 930 394 963 elementa
416 938 508 964 recte
532 932 728 963 didicerunt.

228 1017 264 1048 ln
289 1018 423 1059 scriptis
443 1016 652 1058 Propheticis
676 1023 709 1049 et
734 1016 937 1059 Apostolicis
961 1017 1047 1048 haec
1070 1027 1128 1049 vo-

143 1059 263 1092 cabula
287 1062 408 1092 usitata
428 1068 516 1099 sunt,
540 1071 634 1091 mens
654 1067 686 1092 et
710 1072 778 1099 cor,
803 1071 889 1102 quae
911 1062 1009 1092 ambo
1033 1071 1128 1092 usur-

142 1105 262 1146 pantur
295 1115 356 1145 pro
390 1103 563 1135 intellectu
598 1110 630 1135 et
664 1103 846 1142 voluntate,
880 1114 959 1136 vere
994 1110 1026 1135 et
1059 1115 1127 1135 non

143 1147 295 1178 simulate
318 1146 443 1189 aliquid
477 1146 623 1185 volente,
658 1146 724 1179 hoc
759 1154 830 1186 est,
864 1146 1129 1188 complectuntur

141 1190 296 1221 iudicium
320 1197 352 1221 et
374 1191 594 1231 appetitiones
619 1200 730 1229 veraS,
760 1202 827 1222 non
850 1190 1035 1229 simulataS,
1064 1201 1128 1223 nec

140 1239 265 1265 tantum
289 1243 375 1274 opus
399 1240 581 1266 externum.

228 1319 313 1351 Cum
338 1330 419 1361 ergo
442 1320 475 1351 in
492 1319 647 1352 Ecclesia
672 1321 870 1362 disputatur,
905 1331 947 1352 an
971 1319 1126 1352 zoluntas

140 1363 284 1394 humana
308 1364 350 1394 sit
376 1362 498 1401 libera,
527 1363 594 1395 hoc
618 1366 799 1406 quaeritur,
830 1365 883 1395 An
907 1371 939 1395 et
963 1370 1127 1407 quatenus

140 1405 296 1438 voluntas
319 1406 464 1439 humana
486 1407 570 1450 Legi
595 1407 658 1439 Dei
682 1408 817 1439 obedire
835 1408 952 1449 possit.

227 1492 289 1525 Hic
312 1503 457 1524 necesse
479 1499 532 1524 est
561 1494 650 1524 scire
684 1494 868 1525 doctrinam
899 1494 940 1526 de
974 1500 1128 1535 peccato,

141 1537 231 1578 quod
265 1542 446 1567 nascentes
481 1536 662 1575 afferimus,
697 1537 785 1578 quod
814 1543 865 1568 est
887 1538 991 1568 tristis
1017 1537 1126 1579 caligo

140 1580 172 1611 in
199 1581 346 1621 potentia
370 1586 609 1622 cognoscente,
645 1579 800 1612 videlicet
834 1591 912 1612 esse
946 1581 1019 1612 sine
1052 1579 1127 1612 luce

140 1628 347 1665 agnoscente
371 1622 490 1660 Deum,
525 1629 557 1654 et
592 1634 669 1655 esse
704 1624 776 1655 sine
806 1624 900 1655 firma
923 1624 988 1655 fide
1012 1635 1128 1655 assen-

139 1667 241 1698 tiente
265 1666 360 1697 minis
385 1672 417 1698 et
439 1667 731 1707 promissionibus,
768 1674 801 1698 et
835 1668 867 1698 in
899 1666 1072 1699 voluntate
1095 1674 1127 1698 et

140 1711 172 1742 in
198 1708 300 1741 corde
324 1720 401 1741 esse
425 1711 497 1741 sine
522 1717 655 1741 rectore
679 1711 764 1749 Deo,
788 1716 821 1741 et
844 1711 961 1753 vagari
986 1710 1128 1742 flammis

142 1753 356 1794 cupiditatum
381 1760 497 1784 contra
521 1754 672 1785 ordinem
695 1765 715 1785 a
738 1753 813 1785 Deo
836 1755 869 1785 in
896 1755 988 1796 Lege
1019 1755 1128 1785 sanci-

131 1802 218 1828 tum.
265 1796 356 1828 Haec
381 1795 467 1828 mala
489 1797 669 1838 impediunt
692 1798 883 1829 interiorem
906 1798 1128 1830 obedientiam
1151 1815 1156 1864 Ι

139 1850 221 1882 erga
240 1839 375 1882 Legem.

226 1926 378 1958 Necesse
402 1933 453 1958 est
488 1928 586 1958 etiam
621 1927 708 1957 scire
742 1937 856 1958 veram
880 1928 1063 1958 doctrinam
1087 1928 1129 1957 de

141 1969 232 2012 Lege
260 1970 332 2007 Dei,
362 1970 439 2012 quid
463 1971 506 2000 sit
532 1977 563 2001 et
588 1980 692 2012 quare
716 1971 793 2002 data
816 1971 870 2008 sit,
895 1971 972 2012 quid
1000 1971 1128 2001 intersit

140 2014 223 2044 inter
252 2012 405 2054 politicas
430 2013 541 2055 Leges
577 2020 609 2044 et
643 2013 795 2044 divinam.
843 2013 927 2045 Voci
950 2013 1128 2055 Magistra·
1151 1996 1156 2057 l

141 2062 231 2087 tuum
256 2055 421 2087 satisfacit
445 2064 581 2087 externa
605 2058 809 2088 obedientia:
839 2057 903 2089 Sed
926 2057 997 2087 Lex
1016 2057 1128 2087 divina
1151 2059 1156 2089 Ι

140 2105 189 2130 est
213 2100 366 2131 iudicium
392 2107 508 2131 contra
532 2108 704 2141 peccatum
724 2101 754 2130 in
776 2106 907 2138 natura,
933 2101 1125 2137 osteudens,
1151 2094 1156 2145 ᾗ

139 2142 249 2184 qualis
275 2153 352 2174 esse
388 2144 507 2174 debeat
542 2143 652 2174 homo.
699 2144 769 2175 Nec
805 2149 930 2174 tantum
965 2145 1156 2195 praecipiti

140 2192 278 2217 externa
301 2185 403 2225 facta,
429 2198 491 2218 nec
515 2186 681 2219 satisfacit
700 2187 783 2229 Legi
802 2186 866 2218 Dei
889 2193 1026 2218 externa
1050 2188 1127 2218 obe·
1151 2205 1155 2250 f

140 2230 271 2261 dientia.
1151 2252 1154 2269 t

225 2315 269 2347 Ut
303 2322 411 2348 autem
442 2316 598 2347 voluntas
628 2316 771 2347 humana
801 2327 866 2347 non
890 2322 1001 2357 potest
1026 2317 1127 2356 depo-

140 2370 219 2390 nere
241 2366 393 2397 mortem,
423 2361 466 2391 ita
490 2370 552 2390 nec
577 2361 744 2400 deponere
778 2366 888 2400 potest
911 2360 981 2390 suis
1000 2360 1126 2390 viribus

139 2403 336 2443 pravitatem
365 2403 538 2434 nobiscum
566 2410 770 2434 nascentem.
822 2402 863 2434 Et
898 2413 1027 2444 semper
1050 2409 1128 2433 sunt
1152 2386 1155 2432 l

139 2447 171 2476 in
196 2457 262 2476 non
287 2448 409 2477 renatis
434 2447 621 2477 horrendae
655 2447 877 2477 dubitationes
909 2447 949 2477 tle
973 2446 1060 2484 Det),
1095 2452 1128 2477 et
1151 2437 1155 2508 Ξ

140 2489 346 2521 inordinatae
369 2490 523 2521 flammae
549 2490 743 2521 titiosorum
766 2489 955 2521 affectuum.

226 2574 416 2616 Disputatio
442 2582 492 2607 est
521 2577 634 2618 igitur,
668 2577 745 2617 quid
776 2582 809 2607 et
833 2582 991 2617 quantum
1014 2574 1127 2606 facere

139 2618 283 2650 humana
327 2618 480 2651 voluntas
504 2620 634 2661 possit?
679 2619 742 2650 Hic
764 2620 904 2661 primum
927 2619 1126 2660 respondeo.

1185 239 1269 272 Cum
1291 238 1501 272 manifestum
1525 241 1568 271 sit
1589 241 1622 272 in
1645 241 1808 273 mentibus
1825 241 1994 274 hominum
2010 241 2172 284 reliquam

1185 293 1264 314 esse
1291 282 1440 314 notitiam
1471 282 1615 325 aliquam
1638 283 1750 326 Legis,
1787 291 1819 316 et
1847 284 2051 317 voluntatem
2074 286 2172 317 etiam

1183 332 1261 368 post
1295 325 1425 367 lapsum
1458 324 1561 358 libere
1594 337 1696 368 posse
1732 329 1820 359 ciere
1849 326 2099 368 locomotivam,
2138 329 2172 360 id

1185 376 1254 408 est,
1295 379 1414 411 regere
1448 376 1558 401 motus
1592 371 1815 403 membrorum
1850 378 2027 410 externos,
2062 378 2172 413 potest

1184 411 1339 444 voluntas
1375 411 1519 444 humana
1553 413 1648 444 etiam
1673 415 1745 444 sine
1766 415 1993 453 renovatione,
2027 416 2172 457 propriis

1185 457 1310 487 viribus
1339 454 1450 497 aliquo
1483 457 1582 487 modo
1616 463 1754 488 externa
1778 457 1880 499 Legis
1916 467 2018 499 opera
2046 457 2171 490 facere.

1183 499 1275 531 Haec
1299 506 1347 530 est
1375 499 1511 531 libertas
1536 498 1728 538 voluntatis,
1753 511 1848 542 quarn
1865 499 2062 542 Philosophi
2081 506 2172 533 recte

1183 543 1332 574 tribuunt
1354 541 1497 581 homini,
1532 548 1564 573 et
1588 542 1672 574 haec
1695 550 1832 575 externa
1857 544 2046 576 obedientia
2069 554 2172 586 saepe

1184 587 1372 617 nominatur
1402 585 1577 627 disciplina
1611 596 1672 617 seu
1707 587 1928 629 paedagogia,
1964 598 2062 629 quam
2093 588 2172 620 dici-

1183 639 1255 660 mus
1278 629 1309 659 in
1333 635 1501 670 potestate
1524 628 1706 660 voluntatis
1738 628 1849 671 aliquo
1879 631 1978 662 modo
2011 640 2104 668 esse,
2136 637 2173 662 ut

1183 673 1298 703 sitiens
1321 677 1433 713 potest
1455 673 1617 713 imperare
1640 671 1863 704 locomotivae
1885 679 1920 705 ut
1939 683 2057 705 manus
2075 674 2173 713 cieat,

1182 725 1267 757 quae
1291 713 1446 756 poculum
1470 715 1519 746 oti
1543 716 1754 755 admoveant,
1789 722 1845 747 aut
1870 722 1906 747 ut
1929 718 2085 758 reprimat
2103 727 2172 748 ma·

1182 768 1257 790 nus.
1281 757 1329 789 lta
1349 759 1508 801 cogitatio
1533 765 1565 789 et.
1587 758 1741 790 voluntas
1756 766 1899 801 possunt
1917 760 1950 791 in
1966 758 2096 791 Achille
2114 761 2172 791 im·

1182 811 1302 843 perare
1328 799 1564 840 locomotivae,
1598 808 1635 833 ut
1659 803 1815 844 reprimat
1841 813 1972 842 manus,
2002 813 2046 834 ne
2073 804 2172 834 strin-

1183 851 1264 886 gant
1283 843 1440 886 gladium.

1269 912 1365 944 Hanc
1398 911 1584 944 libertatem
1619 924 1696 945 esse
1730 913 1891 956 reliquam
1927 915 1959 945 in
1982 914 2172 947 hominibus

1183 956 1278 987 etiam
1304 955 1335 986 in
1354 967 1421 987 non
1448 957 1572 987 renatis
1592 956 1801 989 manifestum
1822 964 1886 993 est,
1911 958 1998 989 sicut
2017 964 2048 989 et
2069 959 2173 990 verba

1181 998 1277 1030 Pauli
1301 999 1501 1041 significant,
1532 1000 1586 1041 qui
1611 1001 1757 1032 nominat
1780 1002 1938 1032 iustitiam
1963 1002 2075 1032 carnis
2099 1012 2172 1033 eam

1181 1041 1403 1083 disciplinam,
1435 1053 1532 1085 quam
1554 1053 1654 1082 caro,
1677 1044 1709 1074 id
1734 1050 1796 1082 est,
1821 1044 1920 1075 homo
1944 1055 2010 1076 non
2035 1051 2171 1076 renatus

1182 1084 1294 1117 efficit.
1339 1086 1478 1117 Fatetur
1501 1096 1583 1127 ergo
1607 1087 1638 1117 in
1663 1085 1796 1118 homine
1820 1098 1886 1118 non
1920 1094 2037 1119 renato
2071 1086 2172 1119 talem

1180 1127 1371 1161 facultatem
1396 1139 1485 1166 esse,
1515 1130 1668 1161 actiones
1693 1131 1934 1162 convenientes
1956 1131 2041 1174 Legi
2064 1136 2171 1163 exter-

1181 1183 1243 1204 nas
1267 1171 1378 1204 facere
1401 1178 1460 1204 aut
1482 1183 1548 1204 non
1571 1172 1697 1205 facere.

1266 1240 1383 1273 Voluit
1406 1247 1516 1273 autem
1539 1241 1633 1273 Deus
1657 1240 1757 1273 talem
1791 1240 1976 1274 libertatern
2008 1241 2172 1284 reliquam

1181 1295 1258 1316 esse
1281 1292 1420 1326 propter
1439 1286 1522 1316 duas
1546 1295 1682 1323 causaS‚
1706 1284 1873 1323 videlicet,
1902 1286 2042 1326 primum
2064 1292 2101 1318 ut
2123 1286 2169 1317 in·

1180 1327 1371 1370 telligamus
1396 1328 1574 1359 discrimen
1598 1329 1684 1359 inter
1707 1339 1812 1371 agens
1841 1328 1982 1360 liberum
2011 1335 2045 1361 et
2077 1336 2171 1360 natu-

1179 1371 1260 1409 rale,
1295 1376 1328 1402 et
1361 1372 1525 1404 sciremus
1558 1372 1666 1412 ipsum
1690 1370 1800 1403 Deum
1835 1382 1912 1404 esse
1942 1382 2048 1414 agens
2070 1371 2172 1404 liber-

1180 1426 1306 1447 rimum.

1266 1492 1398 1524 Deinde
1429 1498 1467 1523 ut
1507 1497 1666 1524 externae
1707 1491 1874 1524 hominum
1907 1493 2060 1524 actiones
2099 1493 2172 1535 regi

1180 1543 1321 1578 possent
1354 1536 1471 1567 notitia
1504 1535 1617 1577 Legis.
1663 1536 1736 1567 Nec
1769 1542 1879 1567 tamen
1914 1536 1999 1567 haec
2033 1542 2172 1568 externa

1180 1580 1367 1611 obedientia
1390 1578 1554 1610 satisfacit
1579 1579 1661 1621 Legi
1685 1579 1761 1618 Dei,
1787 1589 1848 1610 nec
1872 1586 1923 1610 est
1946 1580 2082 1617 iustitia,
2105 1590 2172 1622 qua

1180 1622 1280 1654 homo
1305 1633 1417 1654 coram
1438 1622 1512 1653 Deo
1535 1623 1643 1653 iustus
1668 1630 1741 1661 est,
1777 1633 1840 1653 nec
1864 1629 1916 1653 est
1939 1623 2090 1654 meritum
2120 1633 2172 1654 re-

1181 1666 1348 1697 missionis
1377 1672 1602 1706 peccatorum.
1654 1665 1732 1697 Ideo
1763 1666 1895 1697 dicitur:
1930 1665 1980 1696 Ex
2014 1666 2171 1707 operibus

1181 1710 1283 1751 Legis
1318 1720 1385 1740 non
1419 1708 1651 1740 iustificabitur
1687 1719 1799 1740 coram
1823 1708 1898 1740 Deo
1935 1709 2042 1740 omnis
2078 1719 2170 1740 caro.

1181 1753 1379 1784 Nominatur
1401 1758 1511 1783 autem
1537 1751 1643 1791 litera,
1678 1753 1754 1794 quia
1786 1753 1944 1794 cogitatio
1967 1751 2024 1783 illa
2047 1762 2171 1793 regens

1181 1803 1304 1827 motum
1329 1803 1512 1833 externum,
1547 1803 1599 1826 est
1635 1795 1736 1827 veluti
1760 1796 1891 1837 pictura
1921 1805 1980 1827 seu
2004 1796 2172 1837 scriptura

1181 1839 1264 1870 illita
1289 1840 1440 1877 cerebro,
1464 1840 1537 1869 sinc
1561 1840 1627 1870 vita
1651 1840 1683 1870 in
1709 1840 1821 1876 corde,
1844 1840 1917 1869 sine
1940 1838 2073 1870 flamma
2097 1848 2172 1870 cor-

1181 1884 1231 1914 dis
1257 1883 1410 1914 divinitus
1434 1892 1591 1921 accensa,
1624 1890 1657 1913 et
1680 1884 1828 1914 intuente
1853 1881 1976 1913 Deum:
2013 1881 2057 1912 Ut
2080 1882 2171 1924 cogi-

1181 1927 1260 1957 tatio
1296 1927 1337 1957 de
1371 1927 1419 1956 ira
1454 1927 1663 1967 reprimenda
1698 1927 1730 1957 in
1761 1925 1898 1956 Achille
1932 1930 1984 1956 est
2013 1926 2103 1966 picta
2137 1926 2171 1956 in

1182 1971 1344 2007 cerebro,
1392 1979 1465 2000 cum
1496 1969 1626 2010 quidem
1662 1980 1720 1999 cor
1745 1967 1936 2005 reluctetur,
1979 1979 2041 1999 nec
2075 1978 2170 2000 mens

1181 2011 1323 2045 Achillis
1352 2013 1493 2043 intuetur
1521 2011 1642 2049 Deum,
1675 2022 1738 2043 nec
1773 2021 1832 2042 cor
1855 2010 1997 2042 laetatur
2021 2012 2052 2041 in
2077 2010 2169 2043 Deo:

1181 2056 1274 2087 Sicut
1299 2056 1409 2087 David
1433 2055 1617 2096 reprimens
1641 2065 1690 2092 se,
1727 2065 1769 2086 ne
1793 2056 1924 2086 occidat
1947 2053 2099 2093 saulum,
2121 2055 2171 2086 in-

1181 2106 1289 2131 tuetur
1313 2099 1421 2130 Deum
1444 2104 1477 2129 et
1500 2099 1685 2140 acquiescit
1709 2099 1742 2129 in
1764 2097 1850 2129 Deo.

1267 2184 1381 2227 Typus
1406 2184 1502 2215 etiam
1525 2183 1623 2215 huius
1647 2184 1790 2215 iustitiae
1815 2188 2037 2216 externaeest
2053 2182 2170 2216 folium

1182 2229 1246 2266 fici,
1281 2239 1345 2269 quo
1377 2238 1415 2258 se
1445 2234 1561 2269 tegunt
1584 2228 1679 2268 primi
1703 2233 1875 2268 parentes:
1922 2226 2006 2257 Nam
2030 2234 2170 2258 externa

1182 2271 1356 2313 disciplina
1375 2278 1544 2312 utcunque
1569 2271 1649 2312 tegit
1681 2269 1923 2301 deformitatem
1951 2277 2088 2301 naturae
2122 2270 2170 2301 in-

1180 2317 1348 2352 teriorem,
1378 2321 1413 2345 ut
1447 2321 1523 2344 sunt
1558 2324 1613 2345 res
1644 2313 1805 2354 pulchrae
1830 2314 1970 2345 ordinati
2001 2320 2116 2355 gestus
2136 2314 2169 2344 in

1152 2375 1154 2385 ι
1180 2360 1338 2400 Scipione
1373 2356 1507 2388 nolente
1542 2358 1705 2399 attingere
1729 2356 1868 2387 alterius
1893 2366 2070 2397 sponsam,
2106 2366 2168 2388 nec

1181 2408 1288 2433 tamen
1319 2401 1399 2432 illud
1434 2399 1546 2431 folium
1578 2400 1686 2432 aufert
1720 2407 1895 2442 peccatum
1931 2406 1963 2430 et
1986 2407 2125 2431 mortem
2149 2410 2169 2431 a

1180 2446 1292 2486 primis
1313 2444 1515 2485 parentibus.

1266 2531 1350 2563 Sunt
1373 2536 1483 2562 autem
1508 2529 1594 2561 aliae
1619 2540 1743 2561 causae
1755 2534 1910 2571 quatuor,
1934 2534 2071 2570 propter
2083 2537 2167 2569 quas

1181 2580 1317 2606 externa
1341 2574 1529 2604 obedientia
1552 2574 1586 2604 in
1610 2573 1762 2605 omnibus
1776 2573 1969 2604 necessaria
1981 2574 2044 2610 est,
2067 2572 2167 2602 etiam

1180 2619 1212 2650 in
1236 2629 1302 2649 non
1326 2617 1460 2649 renatis.
