2383 2990
116 138 182 170 635

746 135 858 168 PHIL.
880 136 985 167 MEL.
1008 136 1195 169 SCRtPTA
1217 136 1498 169 DOGMATICA.

2087 138 2152 171 636

120 233 266 265 omnium
300 243 366 264 una
402 243 469 264 vox
493 238 543 263 est
566 233 598 263 in
622 231 750 273 Regum
784 230 945 268 consiliis,
975 231 1110 264 Nullam
1133 238 1138 275 Ι
1161 234 1289 274 patriae
1311 230 1596 272 tranquillitatem,
1622 226 1730 273 si'qui
1743 230 1810 271 alii,
1833 239 1985 265 amarunt
1996 234 2148 266 maxime.

117 277 335 309 mutationem
371 276 621 308 concedendam
656 285 753 314 esse,
792 276 998 307 retinendam
1033 286 1110 307 esse

119 321 333 352 concordiam
355 318 541 357 Ecclesiae,
565 319 773 350 autoritatem
798 320 987 350 ordinariae
1017 325 1109 360 pote-

118 365 224 396 statis.

210 449 342 481 Deinde
378 449 503 481 habent
536 459 617 480 suos
642 448 819 487 Rhetores,
854 450 910 491 qui
935 450 1110 481 vehemen-

129 494 277 525 tissimas
301 494 482 525 conciones
506 493 537 523 in
558 503 631 523 eam
650 493 846 524 sententiani
871 494 990 531 edunt,
1025 503 1110 535 qnos

118 538 279 569 nominari
305 547 421 568 omnes
444 535 528 568 nihil
552 546 636 577 opus
661 542 724 567 est.

1163 276 1204 307 Et
1238 283 1348 307 tamen
1382 274 1629 316 reprehendere
1660 275 1777 317 impios
1813 275 1923 308 cultus
1959 283 1993 308 et
2026 287 2150 318 pravas

1162 320 1337 361 opiniones
1362 319 1472 350 coacti
1494 325 1583 350 sunt.
1629 318 1671 350 Et
1695 319 1827 360 quidem
1840 319 1995 352 Christus
2018 320 2154 362 profite-

1162 369 1215 394 tur
1239 373 1277 394 se
1301 363 1473 394 doctrinae
1495 372 1602 403 genus
1625 360 1759 394 adferre
1772 369 1929 406 tanquam
1947 364 2071 407 ignem,
2096 364 2153 406 qui

1162 407 1206 438 sit
1239 415 1446 437 accensurus
1480 406 1633 447 ingentes
1659 407 1857 438 discordias.
1923 406 2076 439 Necesse
2099 413 2153 440 est

1163 451 1249 481 enim
1272 450 1416 480 existere
1440 449 1623 481 certamina
1648 450 1688 480 de
1713 448 1804 481 cultu
1826 449 1903 488 Dei,
1928 452 2004 493 quia
2027 451 2151 483 Diabo-

1161 492 1214 524 lus
1237 494 1331 524 ardet
1353 491 1504 524 horribili
1528 493 1603 524 odio
1628 492 1703 531 Dei,
1727 499 1759 524 et
1782 500 1939 535 quantum
1959 500 2074 535 potest
2097 495 2152 526 de-

776 536 897 567 Extant
922 538 1004 568 enim
1031 535 1110 568 mul·
1134 562 1137 572 ,
1162 536 1231 568 lere
1254 538 1393 568 verbum
1428 535 1493 567 Dei
1517 542 1676 575 conatur,
1713 543 1744 568 et
1769 537 1936 568 adversus
1961 538 2070 569 Deum
2092 537 2152 570 ho-

119 588 229 612 torum
253 580 391 621 scripta,
416 580 483 611 Sed
505 590 544 611 ex
570 581 723 610 omnibus
748 578 814 611 illis
834 587 993 612 centones
1008 591 1111 622 nuper
1133 575 1137 611 !
1162 581 1267 611 mines
1290 580 1410 622 impios
1432 580 1558 618 incitat,
1589 590 1631 611 ac
1655 590 1772 611 secum
1795 581 1897 612 trahit
1915 581 2152 613 florentissima

119 624 249 656 consuit
274 622 482 664 Omphalius.
507 624 602 654 Initio
628 630 783 665 tanquam
808 622 911 655 Solon
936 625 1110 655 autAreo-

116 669 229 710 pagita
253 666 387 709 aliquis,
411 668 627 698 concionatur
651 668 692 698 de
716 667 845 708 Legum
870 668 1039 709 dignitate,
1065 668 1109 699 xi-

116 717 248 753 tuperat
271 711 453 742 seditiones
477 717 509 742 et
531 709 641 753 legum
665 717 884 749 contemtum,
912 722 1109 742 commemo-

116 760 169 786 rat
203 765 302 796 quam
327 753 435 786 dulcis
470 755 641 785 harmonia
666 755 708 785 sit
724 755 849 785 ‹ndinis
874 761 905 785 et
930 755 1053 792 εὐταξία
1077 756 1107 785 in

117 797 314 840 Republica,
339 809 435 840 quam
459 798 571 840 Leges
597 797 756 829 efficiunt.
805 798 932 828 Deinde
955 799 1017 829 etsi
1042 809 1107 829 non

117 843 266 874 nominat
290 850 415 873 certam
439 842 703 883 professionem,
739 847 846 872 tamen
873 852 956 882 quos
981 842 1107 882 praeci·
1132 841 1136 893 i

117 896 182 927 pue
205 892 309 927 petat,
334 886 416 916 satis
444 886 602 923 ostendit,
626 883 815 915 declamitat
843 886 1008 915 adici-sus
1033 895 1107 923 nos,

117 929 174 971 qui
197 930 358 971 quasdam
381 930 574 971 tyrannicas
599 935 629 959 et
655 928 771 969 impias
796 927 890 970 leges
910 928 1106 959 Pontificum

117 974 340 1005 excussimus.
371 971 443 1003 Etsi
466 978 575 1004 autem
599 982 664 1002 non
686 972 805 1013 opinor
825 982 897 1002 euin
921 971 1007 1002 haec
1032 983 1106 1013 gra-

118 1017 159 1047 tis
201 1017 324 1054 (licere,
359 1022 469 1047 tamen
505 1027 579 1047 cum
610 1017 726 1046 eadem
762 1016 916 1046 dicantur
949 1026 968 1046 a
992 1015 1104 1046 multis

122 1060 260 1091 summis
285 1065 316 1090 et
339 1058 571 1101 eloquentibus
596 1060 687 1097 viris,
712 1069 779 1090 non
803 1059 993 1101 disputabo,
1029 1060 1107 1100 quid

117 1103 179 1134 iste
203 1109 324 1144 captet.

201 1188 322 1221 Totum
344 1189 411 1221 hoc
434 1199 542 1232 genus
566 1190 764 1220 concionum
789 1195 919 1230 spectat
955 1190 998 1220 ad
1028 1200 1106 1220 con-

116 1233 297 1265 firmandos
331 1239 504 1275 potentum
537 1235 683 1270 animos,
717 1243 758 1264 ne
790 1232 856 1264 ulla
880 1234 1050 1264 moderata
1075 1240 1107 1264 et

119 1277 174 1319 pia
198 1276 338 1308 consilia
366 1277 553 1315 audiantur,
584 1277 716 1314 deinde,
752 1283 786 1307 ut
811 1277 999 1308 inflammati
1026 1277 1106 1307 iniu-

120 1326 205 1352 stam
228 1321 399 1352 saevitiam
423 1326 612 1352 exerceant.
683 1320 726 1351 Ut
749 1327 859 1351 autem
885 1320 993 1351 Daxid
1018 1331 1107 1361 peie-

116 1365 186 1403 bat,
208 1375 251 1396 ne
275 1363 425 1395 valerent
448 1363 587 1395 consilia
622 1363 838 1405 Achitophel,
874 1365 922 1395 sic
946 1375 1009 1395 nos
1034 1374 1107 1405 pre-

116 1408 267 1439 cabimur
289 1407 411 1446 Deum,
435 1418 478 1439 ne
501 1408 619 1440 horum
634 1407 816 1439 Rhetorum
836 1408 1028 1449 eloquentia
1052 1418 1107 1439 ve-

117 1452 248 1483 ritatem
272 1457 303 1482 et
327 1450 468 1493 gloriam
493 1450 615 1482 Christi
639 1452 814 1492 opprimat.
860 1451 901 1482 Et
926 1463 999 1482 cum
1025 1452 1107 1482 scri-

1133 614 1138 653 l
1162 624 1310 665 imperia,
1334 635 1410 656 cum
1432 623 1484 655 his
1508 623 1664 655 hostibus
1689 621 1904 665 belligeratur
1927 623 2095 656 Christus.

1249 709 1362 745 Quare
1395 721 1471 742 cnm
1504 720 1648 741 necesse
1683 710 1727 741 sit
1760 711 1824 752 piis
1848 710 2094 753 reprehendere
2117 717 2151 744 et

1161 752 1297 785 abolere
1318 753 1436 795 impios
1457 753 1580 792 cultus,
1604 764 1671 785 non
1694 761 1837 795 possunt
1860 765 1927 785 non
1951 765 2029 787 esse
2048 761 2153 786 muta-

1161 799 1285 828 tionum
1307 803 1443 828 autores
1468 797 1658 838 Prophetae
1682 806 1713 828 et
1735 797 1904 838 Apostoli.
1956 798 2154 840 Quanquam

1160 842 1261 882 igitur
1293 839 1430 881 politica
1464 842 1628 881 sapientia
1650 841 1811 873 abhorret
1833 843 1876 873 ab
1900 842 1975 883 ipso
1999 842 2152 873 mutatio-

1160 886 1211 915 nis
1235 884 1378 921 nomine,
1402 883 1443 914 Et
1465 885 1522 924 pii,
1547 886 1602 926 qui
1626 891 1717 915 certe
1739 895 1807 915 non
1831 895 1947 916 omnes
1961 884 2074 916 stolidi
2095 890 2153 916 aut

1161 928 1242 959 fatui
1264 933 1354 965 sunt,
1377 925 1574 968 intelligunt,
1607 934 1763 969 quantum
1787 927 2017 959 difficultatum
2041 934 2074 960 et
2095 938 2152 969 pe-

1160 970 1345 1003 riculorum
1368 969 1523 1001 adferant
1547 972 1766 1009 mutationes,
1789 978 1900 1003 tamen
1925 971 2153 1003 Christianum

1159 1021 1280 1056 pectus
1313 1012 1458 1045 antefert
1492 1013 1682 1045 mandatum
1717 1014 1792 1053 Dei,
1826 1022 1858 1046 et
1877 1014 2015 1046 excelso
2040 1015 2151 1047 animo

1161 1058 1284 1098 excipit.
1307 1068 1424 1089 omnes
1448 1055 1677 1096 difficultates,
1702 1068 1826 1100 easque
1851 1057 2008 1101 intelligit
2035 1059 2109 1100 regi
2131 1068 2153 1090 a

1161 1101 1314 1140 Christo,
1349 1101 1401 1133 cui
1436 1102 1547 1132 onmia
1578 1102 1731 1133 subiecta
1755 1108 1850 1139 sunt,
1884 1108 1920 1134 ut
1943 1103 2047 1144 inquit
2069 1101 2152 1134 Pro-

1159 1145 1271 1187 pheta.

1247 1232 1341 1263 Haec
1376 1232 1523 1263 breviter
1556 1232 1758 1273 respondeo,
1791 1242 1859 1264 non
1893 1238 1959 1264 tam
1984 1230 2152 1273 Omphalii

1161 1276 1314 1313 orationi,
1349 1286 1449 1317 quain
1479 1274 1612 1307 illorum
1631 1276 1819 1317 sapientum
1843 1275 2067 1319 argumentis,
2096 1274 2152 1317 qui

1159 1321 1192 1351 in
1216 1320 1369 1351 omnibus
1407 1318 1557 1351 consiliis
1582 1320 1828 1351 concionantur
1851 1319 1893 1350 de
1916 1319 2060 1351 vitandis
2082 1329 2152 1350 mu·

1160 1364 1354 1401 tationibus,
1378 1363 1420 1394 de
1444 1363 1635 1394 concordia.
1661 1363 1733 1394 Etsi
1756 1369 1865 1394 autem
1884 1362 2036 1394 homines
2059 1360 2152 1394 ἄθεοι

1160 1406 1248 1438 hanc
1282 1407 1537 1448 responsionem
1569 1407 1731 1445 derident,
1766 1413 1876 1437 tamen
1910 1406 1974 1447 piis
1996 1404 2076 1438 utile
2099 1411 2152 1438 est

1161 1451 1378 1482 considerare
1401 1450 1486 1482 haec
1509 1456 1717 1492 argumenta,
1740 1460 1784 1481 ne
1805 1448 1862 1481 illa
1874 1450 2058 1491 sapientiae
2075 1458 2151 1490 spe-

117 1501 209 1536 ptum
232 1495 291 1527 sit:
314 1494 365 1526 Ex
391 1505 450 1526 ore
474 1494 644 1526 infantium
669 1502 700 1526 et
723 1494 913 1526 lactentium
937 1494 1107 1536 perfecisti
1129 1504 1134 1543 Ι
1161 1495 1230 1525 cies
1263 1495 1429 1525 deterreat
1464 1494 1595 1525 animos
1619 1505 1639 1525 a
1661 1494 1806 1535 pietate,
1840 1500 1874 1525 et
1896 1504 1917 1525 a
1939 1491 2152 1534 professione

116 1538 263 1577 laudem,
301 1539 511 1580 sperabimus
546 1538 655 1569 Deum
690 1549 756 1570 non
792 1538 978 1570 defuturum
1007 1539 1105 1570 nobis

118 1592 197 1657 {isse
215 1583 248 1614 in
261 1581 448 1658 limandis
462 1581 527 1614 illis
544 1581 729 1621 calumniis,
753 1589 785 1614 et.
810 1583 841 1614 in
862 1581 968 1625 gloria
982 1582 1107 1614 Christi

114 1626 123 1657 i
152 1631 269 1658 ustran
293 1636 323 1658 a.

205 1713 284 1745 Scio
309 1711 529 1755 plausibiliter
552 1712 617 1743 dici
641 1714 681 1744 de
704 1712 832 1755 Legum
856 1713 1032 1754 dignitate,
1064 1713 1106 1743 de

114 1766 209 1799 pace,
234 1757 277 1788 de
299 1755 536 1799 tranquillitate
560 1757 735 1788 communi.
802 1757 878 1788 Non
905 1758 990 1788 adeo
1014 1757 1105 1787 rudis

1159 1538 1287 1570 veritati
1292 1548 1317 1570 s.

1245 1624 1288 1656 Et
1310 1624 1395 1656 haec
1418 1624 1531 1656 scribo
1555 1624 1695 1655 maxime
1717 1623 1948 1655 admonendae
1970 1623 2151 1655 iuventutis

1160 1678 1274 1700 causa.
1342 1668 1434 1708 lmpii
1465 1678 1540 1699 cum
1569 1667 1648 1699 aliis
1673 1666 1854 1705 illecebris,
1878 1667 2000 1708 opibus
2023 1672 2056 1698 et
2076 1665 2151 1698 aliis

1160 1712 1342 1743 commodis
1383 1711 1513 1743 animos
1554 1709 1732 1742 multorum
1767 1711 1923 1751 capiunt,
1966 1716 2035 1742 tum
2068 1720 2151 1742 vero

1159 1756 1256 1787 etiam
1280 1756 1428 1786 irretitos
1451 1761 1564 1787 tenent
1587 1753 1640 1785 his
1663 1754 1954 1796 persuasionibus,
1989 1754 2081 1796 quod
2103 1754 2152 1785 vi-

115 1811 190 1832 sum
213 1799 394 1839 literarum,
420 1810 482 1832 nee
505 1800 590 1831 adeo
614 1799 744 1832 alienus
766 1811 786 1832 a
813 1800 900 1832 civili
929 1806 1106 1831 consuetu·
1130 1792 1135 1844 Ι
1160 1801 1284 1831 tandae
1307 1799 1373 1830 sint
1406 1799 1627 1837 mutationes,
1663 1798 1753 1840 quod
1777 1798 1896 1829 deceat
1924 1796 2041 1829 favere
2065 1797 2152 1828 ordi-

115 1844 191 1875 dine
225 1844 325 1876 vitae.
393 1844 508 1875 Sentio
544 1844 642 1875 etiam
677 1845 709 1875 in
745 1843 919 1885 republica
943 1843 1107 1875 communi

115 1886 344 1930 tranquillitati
368 1897 407 1919 ea
431 1898 534 1919 onera
557 1888 777 1919 condonanda
799 1898 887 1925 esse,
924 1899 1009 1929 quae
1034 1888 1106 1918 sine

115 1931 284 1973 impietate
317 1930 452 1963 tolerari
486 1937 640 1975 possunt:
699 1930 840 1963 Valeant
860 1932 892 1962 in
917 1942 957 1963 eo
982 1941 1106 1973 genere

117 1974 179 2006 hue
203 1975 406 2011 sententiae,
440 1974 473 2005 τὸ
494 1973 584 2005 κακὸν
603 1976 636 2005 εὖ
658 1979 792 2014 κείμενον
813 1974 854 2014 μή
879 1980 1017 2013 κιιᾞιέον.
1064 1974 1105 2005 Et

116 2019 205 2060 quod
227 2017 325 2050 Plato
350 2019 446 2055 dixit,
469 2026 506 2050 ut
529 2017 622 2049 deliri
646 2020 763 2060 patriS,
799 2019 843 2049 ita
869 2020 995 2059 patriae
1021 2018 1106 2049 desi-

114 2062 235 2102 pientis
258 2072 370 2093 mores
394 2061 589 2093 tolerandos
609 2072 697 2093 esse.
754 2061 860 2093 Recte
883 2063 947 2093 ista
972 2063 1002 2093 in
1027 2061 1104 2093 loco

117 2105 282 2143 dicuntur,
304 2106 345 2136 de
369 2104 521 2137 civilibus
541 2107 711 2142 oneribus,
736 2116 823 2146 quae
847 2106 919 2136 sine
944 2106 1107 2145 nimietate

116 2147 314 2187 tolerantur,
348 2149 409 2179 sed
444 2147 528 2180 haec
552 2147 763 2190 philosophia
794 2154 860 2181 tion
885 2148 1107 2180 tfflnsferatur

120 2192 163 2223 ad
187 2191 392 2224 obruendam
416 2191 556 2234 gloriam
580 2191 655 2223 Dei.
702 2192 887 2224 Doctrinae
901 2202 1047 2230 errores.
1073 2199 1103 2223 et

117 2234 307 2267 idololatria
347 2246 557 2277 nequaquam
595 2235 797 2267 dissimulari
832 2237 974 2273 debent,

116 2278 275 2310 Christus
304 2279 425 2320 inquit:
455 2279 490 2309 Si
521 2280 790 2321 quisnegaverit
810 2291 873 2317 me,
908 2278 1106 2310 confundam

116 2332 201 2354 eum.
270 2321 418 2355 Primum
453 2322 696 2363 Praeceptum:
732 2322 806 2354 Non
836 2323 977 2354 habebis
1013 2322 1105 2354 Deos

116 2364 257 2405 alienos,
281 2365 382 2408 longe
406 2364 657 2398 anteferendum
682 2372 734 2398 est
757 2368 912 2398 omnibus
924 2368 1024 2398 rebus
1049 2365 1107 2398 hu-

116 2410 236 2448 manis,
259 2408 392 2452 legibus
416 2409 596 2447 hominum,
620 2411 777 2452 imperiis,
802 2411 991 2442 ordinariae
1015 2416 1106 2450 pote·

117 2453 206 2492 stati,
229 2454 316 2495 paci,
340 2453 477 2495 patriae,
502 2455 714 2485 concordiae.
761 2453 821 2485 liis
847 2454 1034 2486 nominibus·
1059 2454 1106 2484 ni-

116 2495 165 2527 hil
184 2503 236 2528 est
258 2498 449 2540 augustius,
474 2498 535 2528 sed
559 2503 677 2529 tamen·
696 2497 956 2529 anteferendum:
973 2503 1029 2529 esu
1048 2507 1107 2528 no-

115 2549 193 2572 men
215 2540 290 2572 Dei.

1020 2236 1105 2267 sicut
1129 2240 1133 2256 ⁸

1159 1844 1272 1875 uariae
1304 1843 1475 1885 potestati,
1509 1843 1594 1873 tueri
1624 1847 1836 1883 praesentem
1866 1839 2007 1872 formam
2030 1840 2153 1882 Reipu-

1160 1886 1279 1918 blicae.
1346 1886 1439 1918 Haec
1463 1892 1628 1927 quatenus
1653 1885 1822 1917 laudanda
1851 1885 1934 1923 sint,
1970 1882 2153 1916 Christiani

1161 1930 1397 1971 praemonendi
1433 1936 1528 1967 sunt,
1562 1939 1605 1961 ne
1629 1928 1873 1961 obliviscantur
1895 1928 1994 1960 huius
2014 1937 2150 1970 praece·

1158 1975 1222 2016 pti:
1240 1974 1316 2006 Non
1339 1973 1481 2005 habebis
1504 1973 1598 2005 Deos
1621 1972 1761 2004 alienos.

1245 2059 1356 2092 Doleo
1388 2061 1551 2102 quosdam
1587 2058 1829 2091 excellentibus
1853 2059 1996 2102 ingeniis
2019 2059 2149 2100 praedi·

1159 2110 1212 2136 tos
1237 2105 1432 2145 conspirare
1455 2115 1530 2135 cum
1553 2104 1678 2144 impiis,
1713 2114 1754 2134 ae
1786 2102 1880 2135 faces
1903 2112 1981 2134 esse
2004 2102 2048 2134 ad
2070 2103 2150 2134 inci-

1158 2149 1280 2180 tandos
1307 2147 1422 2190 Reges
1443 2148 1486 2179 ad
1520 2146 1760 2187 crudelitatem,
1794 2153 1826 2178 et
1849 2147 1892 2178 ad
1914 2145 2150 2178 stabiliendam

1158 2193 1368 2233 impietatem.
1424 2190 1486 2223 Illa
1515 2197 1566 2222 est
1590 2191 1700 2222 virtus
1724 2191 1825 2231 digna
1842 2190 1974 2231 magnis
1997 2196 2029 2221 et
2052 2200 2150 2230 prae-

1160 2236 1326 2267 stantibus
1350 2235 1450 2273 vin‘s,
1484 2235 1664 2276 praecipue
1683 2235 1726 2266 ad
1748 2232 1883 2265 laudem
1906 2232 1971 2264 Dei
1995 2231 2151 2265 conferre

1159 2279 1357 2310 industriam
1379 2284 1483 2319 atque
1503 2279 1724 2309 autoritatem.
1792 2276 1856 2308 Hic
1879 2286 2004 2318 scopus
2028 2287 2149 2318 propo-

1160 2323 1242 2354 situs
1278 2332 1356 2354 esse
1390 2322 1490 2353 debet
1523 2322 1690 2359 omnibus,
1726 2326 1762 2351 ut
1795 2330 1858 2352 suo
1893 2321 2034 2362 quisque
2059 2318 2149 2359 loco,

1159 2374 1317 2408 quantum
1340 2371 1461 2407 potest,
1485 2364 1635 2397 conferat
1659 2363 1784 2406 aliquid
1808 2364 1932 2405 operae
1955 2364 1999 2394 ad
2012 2373 2149 2395 conser-

1159 2410 1327 2441 vationem
1350 2407 1508 2440 coelestis
1533 2409 1716 2440 doctrinae.
1783 2407 1837 2439 De
1871 2405 1946 2439 aliis
1981 2406 2150 2438 Parasitu-

1159 2454 1238 2484 stris
1271 2453 1401 2494 parvis,
1431 2453 1487 2494 qui
1520 2453 1672 2483 scribunt
1700 2450 1970 2494 Sycophanticos
2000 2448 2148 2489 libellos,

1158 2497 1224 2528 hoc
1248 2495 1324 2528 loco
1348 2507 1416 2528 non
1440 2496 1558 2533 dicam,
1583 2496 1639 2537 qui
1662 2502 1739 2526 sunt
1763 2505 1803 2525 ex
1826 2493 1884 2526 illo
1909 2504 2033 2538 genere
2060 2492 2146 2525 καλά·

1158 2553 1239 2579 κων,
1268 2538 1386 2581 quales
1410 2538 1521 2570 alebat
1543 2538 1727 2580 Dionysius
1752 2537 1900 2577 Siculus,
1935 2538 1991 2579 qui
2013 2542 2147 2578 sputum

1158 2583 1305 2626 Tyranni
1329 2583 1550 2624 excipiebant,
1573 2593 1614 2614 ac
1637 2581 1811 2624 lingebant
1833 2581 2066 2624 praedicantes
2089 2589 2147 2612 ne-

206 2626 406 2668 Prophetae,
438 2626 605 2669 Apostoli,
646 2628 736 2659 haud
771 2628 870 2660 dubie
903 2628 1044 2669 patriam
1073 2633 1134 2659 et·
1159 2633 1250 2659 ctare
1273 2626 1404 2659 dulcius
1428 2636 1516 2658 esse.
