2383 2990
149 126 215 158 359

150 222 297 254 essentia
331 222 487 260 creatrix,
519 227 552 253 et
576 221 673 253 simul
701 227 770 253 tres
792 231 960 262 personae
984 226 1062 252 sunt
1084 221 1142 253 illa

151 266 292 297 creatrix
317 266 474 303 essentia,
510 266 571 296 sed
594 275 761 306 personae
785 266 1030 303 discernuntur,
1068 275 1143 296 cum

150 309 305 341 divinitas
339 310 427 340 intra
462 318 539 339 sese
565 309 778 346 describitur,
813 314 846 339 et
870 319 944 340 611111
969 309 1011 339 de
1034 309 1142 339 incar-

148 353 284 384 natione
305 351 387 386 Filii,
412 357 444 382 et
463 352 505 382 de
528 352 689 383 missione
713 352 857 393 Spiritus
881 352 990 383 sancti
1013 352 1142 383 dicitur.

237 437 299 469 Hic
333 442 445 468 autem
481 437 656 468 dicendum
681 443 733 469 est
768 438 809 469 de
833 436 1002 469 vocabulo
1025 447 1143 478 perso-

149 490 223 518 nae,
248 481 337 521 quod
361 481 393 511 in
407 479 565 512 Ecclesia
582 479 679 512 aliter
691 486 887 522 usurpatur,
909 492 1008 523 quam
1030 482 1064 512 in
1088 491 1145 512 ve-

148 524 211 555 teri
234 523 349 565 lingua
371 524 501 555 Latina.
557 524 678 556 Graeci
709 525 818 567 magis
840 525 1019 566 perspicue
1042 523 1145 555 locuti

149 573 238 605 sunt,
274 568 328 608 qui
347 568 518 599 nominant
540 567 754 608 ἰφιστάμενον,
789 569 822 599 111
846 574 909 606 est,
941 568 1144 605 subsistens,

148 611 245 652 quasi
269 611 374 650 dicat,
408 621 476 642 nou
499 617 627 643 tantum
649 612 886 653 imaginatione
918 612 1143 653 cogitandum,

149 655 209 685 sed
232 664 269 685 re
294 654 367 695 ipsa
390 655 582 686 subsistens
606 655 718 687 vivum
742 661 775 686 et
798 653 999 696 intelligens,
1024 655 1144 685 obscu-

146 698 218 729 rius
243 702 306 735 est,
331 708 405 729 cum
429 699 544 730 dicunt
567 697 746 737 ὑπόστασις,
771 704 882 730 tamen
906 703 938 729 et
961 696 1144 728 110611011ιί-

147 751 191 773 ne
214 739 353 772 nmltum
377 752 440 772 usa
464 747 516 772 est
528 742 720 782 antiquitas,
743 752 804 783 pro
819 751 859 772 eo
880 741 970 782 quod
990 741 1144 771 dixerunt

146 784 358 826 ὑφιστάμενον.
395 784 519 815 Postea
543 785 682 816 Latinos
709 785 831 815 Graeci
850 784 964 815 imitati
989 784 1141 813 dixerunt

146 827 317 869 πριιίςωπα.
367 827 436 859 Sed
461 828 608 859 delinitio
632 828 664 858 in
688 826 863 858 Ecclesiae
886 827 970 858 haec
983 826 1143 857 traditur:

145 871 298 902 Persona
333 877 384 902 est
418 871 609 902 subsistens
634 871 758 909 vivum,
784 870 999 907 individuum,
1023 868 1143 900 intelli-

146 924 245 956 gens,
280 913 605 951 incommunicabile,
641 924 708 944 11011
744 918 967 944 sustentatum
997 913 1040 943 ab
1064 911 1141 943 alio.

144 958 272 990 Harum
312 956 550 998 particularum
596 956 781 987 declaratio
816 962 936 996 postea
972 962 1140 997 sequetur,

144 1001 317 1034 Discernit
343 1006 452 1032 autem
475 998 633 1031 Ecclesia
657 998 763 1029 οὐσίαν
787 1005 819 1030 61
843 999 1059 1039 ὑφιστάμενον.
1091 999 1141 1030 ln-

144 1043 265 1086 telligit
289 1044 376 1076 enim
399 1043 504 1074 οὐσίαιΥ
528 1053 736 1074 6011111111116111
755 1043 947 1080 essentiam,
972 1048 1142 1074 aeternam

145 1094 178 1120 et
202 1089 460 1129 omnipotentem
482 1086 605 1124 Patris,
628 1085 701 1117 Filii
726 1092 757 1117 et
770 1087 912 1127 Spiritus
937 1086 1057 1124 sancti,
1081 1086 1141 1117 sed

144 1131 339 1173 ὗφιστάμενοι
372 1136 450 1161 511111
484 1130 710 1161 subsistentes
746 1140 782 1160 re
806 1130 892 1171 ipsa,
922 1141 990 1161 non
1013 1135 1141 1161 tantum

143 1175 379 1216 imaginatione
393 1174 550 1211 distincti,
574 1173 686 1211 Pater,
706 1172 822 1211 Filius,
848 1180 880 1204 et
895 1173 1039 1214 Spiritus
1064 1184 1140 1204 san·

145 1224 230 1250 ctus.
277 1218 351 1249 Hoc
371 1218 458 1248 enim
480 1215 551 1249 vult
573 1215 749 1248 Ecclesiae
762 1217 897 1255 docere,
921 1217 1066 1255 Patrem,
1090 1216 1141 1247 Fi-

143 1260 222 1293 lium
257 1267 289 1293 et
309 1261 464 1302 Spiritum
488 1266 641 1292 sanctum
666 1261 811 1292 discerni
837 1271 904 1291 11011
929 1266 1057 1291 tantum
1080 1270 1140 1291 vo-

145 1305 286 1343 cabulis,
322 1305 409 1335 sicut
438 1303 542 1335 multa
572 1309 651 1335 sunt
681 1303 849 1335 vocabula
873 1304 938 1335 Dei
962 1305 1050 1345 apud
1074 1303 1140 1335 He-

142 1359 266 1390 braeos
300 1345 444 1405 ΞἾΓῙᾈ8
464 1357 540 1403 '‘ju-j
558 1344 612 1404 58
647 1356 707 1387 5611
741 1366 778 1387 re
811 1356 885 1397 ipsa
908 1356 1008 1388 alium
1032 1357 1141 1388 subsi-

143 1423 286 1450 stentem
311 1427 388 1448 esse
411 1416 556 1455 Patrem,
588 1415 688 1447 alium
722 1417 963 1449 subsistentem
987 1428 1063 1449 esse
1087 1417 1139 1448 Fi-

141 1460 235 1499 lium,
268 1460 368 1492 alium
403 1461 642 1491 subsistentem
673 1470 750 1492 esse
780 1461 938 1502 Spiritum
972 1466 1138 1499 sanctum,

143 1505 274 1538 etiamsi
296 1510 374 1536 sunt
397 1503 564 1544 ὁμοούσιοι.

482 1671 557 1711 DE
597 1670 796 1712 PATRE.

230 1791 333 1823 Pater
366 1796 524 1822 aeternus
560 1795 612 1821 est
639 1790 747 1831 prima
775 1798 924 1830 persona
948 1790 1140 1828 divinitatis,

142 1846 210 1868 non
245 1840 323 1866 nata
346 1845 409 1866 nec
433 1833 567 1865 aliunde
591 1834 798 1874 procedens,
833 1833 893 1864 sed
918 1844 1003 1875 quae
1027 1835 1141 1876 genuit

143 1880 186 1911 ab
212 1884 351 1910 aeterno
366 1877 483 1909 Filium
509 1877 685 1919 imaginem
705 1887 811 1915 suam,
836 1883 865 1908 et
886 1887 906 1907 a
931 1888 996 1919 qua
1021 1888 1140 1919 proce·

145 1923 191 1954 dit
214 1923 357 1963 Spiritus
383 1928 541 1959 sanctus,
576 1926 607 1952 et
638 1931 724 1962 quae
749 1931 823 1951 cum
848 1919 931 1951 Filio
956 1927 989 1952 et
1013 1921 1140 1962 Spiritu

144 1973 264 1998 sancto
288 1976 343 1997 res
363 1964 446 1997 alias
471 1974 588 1996 omnes
612 1965 738 1996 creavit
762 1970 794 1995 et
819 1970 1010 1996 conservat.

511 2150 586 2191 DE
608 2149 771 2192 FILIO.

233 2269 337 2301 Filius
362 2275 519 2301 aeternus
539 2275 592 2300 est
614 2269 765 2300 secunda
777 2278 924 2310 persona
944 2267 1137 2305 divinitatis,

146 2323 231 2354 quae
255 2312 563 2345 est·substantialis
587 2318 619 2344 et
641 2313 772 2354 integra
797 2313 907 2354 imago
929 2311 1055 2342 aeterni
1078 2310 1137 2342 Pa-

145 2357 204 2388 tris
239 2357 400 2396 ὁμοούσιος
422 2356 530 2395 Patri,
568 2367 665 2398 quam
690 2356 791 2387 Pater
825 2366 904 2387 sese
938 2356 1069 2386 intuens
1105 2360 1138 2385 et

146 2402 365 2432 considerans
399 2401 441 2431 ab
465 2406 602 2432 aeterno
626 2401 747 2441 gignit,
772 2410 857 2441 quae
882 2399 979 2431 nobis
1004 2398 1137 2440 quidem

146 2443 196 2474 sic
219 2444 458 2483 manifestatur,
482 2445 571 2485 quod
596 2444 637 2475 sit
661 2454 818 2485 persona,
839 2454 899 2484 per
923 2453 1021 2484 quam
1036 2442 1137 2473 Pater

147 2486 224 2517 dicit
248 2488 436 2526 decretum,
471 2494 503 2518 et
526 2494 630 2519 totum
654 2488 805 2518 ordinem
829 2486 1007 2517 creationis
1031 2492 1064 2517 et
1087 2496 1138 2516 re—

146 2530 328 2572 parationis
351 2530 530 2569 hominum,
555 2537 587 2562 et
606 2531 753 2569 mittitur,
778 2536 812 2562 ut
836 2529 1014 2572 patefaciat
1027 2529 1137 2560 Evan-

148 2573 284 2614 gelium,
310 2579 342 2604 et
365 2581 512 2605 assumat
535 2575 713 2606 humanam
737 2580 908 2611 naturam,
945 2580 978 2605 et
1001 2574 1043 2604 sit
1066 2572 1136 2604 Me-

148 2616 267 2655 diator,
286 2616 478 2656 Redemtor,
502 2617 702 2650 lustiticator
726 2624 758 2650 et
782 2617 950 2650 Salvator.

791 125 905 158 PHIL.
929 124 1033 157 MEL.
1054 125 1244 169 SCRIPTA
1263 124 1546 159 DOGMATICA.

2125 125 2189 158 360

1384 241 1460 281 DE
1507 240 1727 282 SPIRITU
1760 240 2000 282 SANCTO.

1286 358 1430 400 Spiritus
1465 364 1605 390 sanctus
1630 363 1682 389 est
1704 359 1802 389 tertia
1824 369 1970 399 persona
1994 359 2188 398 divinitatis,

1198 403 1388 444 procedens
1423 412 1442 433 a
1471 402 1572 433 Patre
1608 407 1639 432 et
1669 400 1769 440 Filio,
1806 408 1837 432 et
1872 408 1924 433 est
1959 401 2190 434 substantialis

1199 456 1303 484 amor,
1336 451 1368 477 et
1391 444 1516 476 laetitia
1540 451 1719 476 coaeterna
1744 446 1829 475 inter
1854 444 1987 476 Patrem
2007 451 2038 476 et
2061 444 2190 485 Filium,

1199 489 1359 528 ὁμοούσιος
1382 488 1472 519 Patri
1502 495 1533 519 et
1557 487 1651 519 Filio.
1698 487 1739 518 Et
1774 488 1871 519 nobis
1896 489 1945 520 sic
1969 489 2101 530 quidem
2123 499 2190 520 ma-

1199 531 1353 563 nifestata
1376 537 1439 570 est,
1464 532 1553 573 quod
1576 532 1724 562 mittatur
1747 531 1779 561 in
1805 532 1908 563 corda
1923 532 2140 570 credentium,
2153 538 2191 564 ut

1198 575 1283 606 tales
1307 581 1436 613 motus,
1459 585 1604 606 amorem
1630 580 1662 605 et
1685 573 1841 605 laetitiam
1865 576 2135 616 acquiescentem
2158 575 2192 606 in

1197 618 1272 649 Deo
1308 618 1340 648 in
1374 619 1422 649 eis
1455 619 1632 656 accendat,
1658 617 1767 659 qualis
1792 625 1843 648 est
1865 619 1949 660 ipse,
1970 619 2056 650 sicut
2080 619 2111 649 2.
2136 617 2190 650 Ti-

1197 660 1300 692 moth.
1334 661 1362 692 1.
1396 671 1557 701 expresse
1587 662 1747 702 scriptum
1772 667 1858 700 est:
1884 662 1960 693 Non
1985 662 2074 693 dedit
2092 662 2191 694 nobis

1198 704 1356 745 Spiritum
1376 704 1574 742 timiditatis,
1607 706 1669 735 sed
1693 705 1845 742 roboris,
1869 704 2054 736 dilectionis
2073 705 2137 736 Dei
2159 710 2193 736 et

1200 747 1469 778 castitieationis.
1504 747 1539 778 111
1564 747 1617 778 his
1642 748 1922 788 descriptionibus
1946 758 2078 791 semper
2101 748 2192 790 cogi-

1198 791 1323 821 tatione
1364 789 1628 832 complectamur
1662 790 1761 822 simul
1800 793 1987 823 eommunia
2022 793 2190 831 attributa,

1197 844 1285 876 quae
1304 834 1458 865 onmibus
1482 835 1637 874 personis
1662 841 1862 875 congruunt,
1887 836 2115 876 omnipotens,
2139 845 2192 866 sa-

1196 878 1303 918 piens,
1326 888 1442 917 verax,
1466 877 1652 917 beneficus,
1678 879 1800 917 iustus,
1835 886 1964 918 castuS,
1988 879 2191 911 misericors.

1285 964 1467 995 Sciendum
1492 970 1524 995 et
1547 963 1614 995 hoc
1637 970 1705 999 est,
1741 971 1810 996 tres
1840 975 1917 996 esse
1940 975 2125 1006 personas,
2160 970 2193 997 et

1196 1017 1259 1038 nec
1283 1006 1397 1048 plures
1421 1018 1485 1038 nec
1508 1008 1699 1048 pauciores,
1725 1009 1800 1049 quia
1827 1009 1877 1039 sic
1900 1019 1937 1040 se
1961 1007 2120 1050 patefecit
2143 1009 2191 1040 111-

1195 1051 1327 1089 vinitas,
1354 1057 1385 1081 et
1408 1052 1441 1082 in
1463 1050 1678 1082 confessione
1701 1051 1876 1093 Baptismi,
1899 1051 1963 1083 hae
1983 1058 2052 1084 tres
2076 1062 2192 1094 perso·

1195 1104 1259 1125 nae
1282 1095 1475 1125 nominatim
1504 1102 1806 1126 commemorantur
1830 1095 1962 1137 aequali
1985 1096 2114 1128 honore
2140 1105 2192 1127 66-

1195 1136 1390 1176 lebrandae,
1414 1138 1455 1169 de
1479 1139 1601 1179 quibus
1625 1145 1657 1170 et
1680 1136 1747 1169 alia
1770 1140 1959 1170 testimonia
1983 1150 2025 1171 ex
2050 1140 2192 1180 scriptu-

1195 1182 1241 1212 ris
1276 1192 1354 1212 mox
1388 1182 1615 1213 recitabimus.
1672 1182 1725 1212 Ac
1760 1183 1802 1213 de
1836 1182 1979 1224 singulis
2015 1183 2192 1214 dicendum

1195 1230 1264 1263 est,
1300 1235 1385 1266 quas
1421 1225 1565 1256 habeant
1590 1224 1855 1267 appellationes,
1892 1232 1923 1257 et
1948 1227 2192 1258 ostendendum

1195 1274 1247 1300 est
1270 1274 1339 1300 tres
1364 1279 1441 1300 esse
1464 1279 1641 1310 personas,
1665 1274 1698 1301 et
1721 1270 1811 1311 quod
1835 1270 1901 1301 sint
1926 1269 2090 1310 ὁμοοῦσιοι.

1281 1354 1424 1386 Nomina
1447 1354 1539 1386 filii:
1564 1354 1668 1386 Filius
1691 1361 1850 1387 aeternus
1874 1357 2062 1387 nominatur
2079 1356 2190 1397 imago

1195 1399 1322 1429 aeterni
1346 1399 1456 1429 Patris
1481 1398 1565 1429 Heb.
1593 1399 1620 1429 1.
1668 1399 1731 1433 Qui
1761 1405 1811 1429 est
1835 1397 1948 1440 fulgor
1972 1398 2133 1430 claritatis
2159 1404 2191 1430 et

1194 1442 1305 1483 imago
1329 1442 1539 1473 substantiae
1562 1442 1644 1473 eius.
1680 1441 1881 1473 Nominatur
1899 1448 1930 1473 et
1950 1442 2100 1473 Verbum
2119 1441 2189 1472 loh.

1197 1485 1225 1516 l.
1249 1485 1286 1515 ln
1309 1485 1471 1526 principio
1491 1491 1561 1515 erat
1585 1485 1734 1516 verbum.
1765 1485 1891 1516 Harum
1914 1486 2053 1516 duarum
2077 1483 2191 1526 appel-

1194 1528 1355 1559 lationum
1381 1527 1515 1559 collatio
1540 1526 1690 1559 declarat
1712 1534 1899 1569 utramque,
1923 1529 2001 1569 quia
2019 1528 2105 1559 enim
2117 1538 2191 1559 ver-

1195 1573 1273 1602 bum
1297 1572 1498 1609 nominatur,
1533 1570 1749 1613 intelligimus
1773 1570 1892 1602 filium
1916 1571 2120 1612 cogitatione
2143 1572 2190 1613 gi—

1195 1616 1262 1657 gni.
1297 1615 1381 1646 Nam
1409 1614 1558 1646 Verbum
1583 1620 1634 1645 est
1659 1613 1783 1656 aliquid
1797 1615 1999 1656 cogitatione
2011 1622 2136 1652 natum,
2157 1621 2191 1646 61

1195 1669 1270 1689 611111
1294 1669 1358 1689 1105
1381 1657 1534 1689 homines
1558 1656 1681 1699 aliquid
1696 1659 1895 1699 cogitamus,
1918 1656 2099 1689 formamus
2112 1659 2189 1690 ima-

1197 1702 1303 1744 gines.
1339 1700 1491 1743 Cumque
1513 1702 1639 1732 nostris
1663 1700 1839 1733 vocabulis
1863 1711 1925 1732 usa
1944 1701 1987 1732 sit
2011 1702 2190 1743 scriptura,

1196 1752 1227 1776 61
1251 1746 1398 1776 nominet
1422 1744 1539 1776 filium
1564 1745 1742 1787 imaginem
1766 1745 1894 1775 aeterni
1908 1744 2030 1783 Patris,
2049 1743 2190 1788 intelligi

1195 1794 1317 1829 potest,
1342 1788 1492 1819 Verbum
1516 1789 1566 1819 sic
1590 1789 1701 1830 gigni,
1735 1789 1812 1829 quia
1837 1787 1938 1819 Pater
1957 1798 2035 1820 sese
2057 1789 2189 1820 intuens

1194 1834 1360 1873 integram
1382 1833 1559 1873 imaginem
1584 1842 1680 1863 suam
1703 1832 1820 1873 gignit,
1853 1838 1885 1862 et
1908 1832 1958 1862 sic
1981 1833 2190 1872 scripserunt

1195 1875 1341 1907 Basilius
1378 1883 1408 1906 et
1432 1876 1656 1917 Augustinus
1702 1875 1770 1906 Sed
1804 1874 1888 1906 haec
1921 1876 2065 1906 nominis
2088 1876 2189 1906 inter·

1194 1920 1337 1961 pretatio
1374 1925 1501 1950 tantum
1536 1920 1603 1950 hoc
1638 1919 1727 1956 dicit,
1763 1919 1853 1960 quod
1887 1919 2077 1949 nominetur
2103 1919 2189 1958 λόγος

1193 1968 1351 2004 respectu
1376 1963 1496 2000 Patris,
1520 1963 1553 1993 in
1572 1961 1629 1993 illa
1652 1969 1789 1993 aeterna
1809 1962 2035 2003 generatione.
2083 1963 2190 2003 Signi-

1194 2006 1271 2037 ficat
1303 2012 1412 2037 autem
1437 2005 1605 2037 lohannes
1637 2016 1711 2037 eum
1745 2006 1809 2036 diei
1844 2005 1931 2044 Myon·
1965 2012 1997 2036 et
2030 2011 2190 2046 respectu

1164 2068 1167 2076 ι
1194 2050 1319 2087 Patris,
1342 2050 1375 2080 in
1389 2048 1445 2080 illa
1460 2056 1595 2080 aeterna
1610 2049 1838 2091 generatione,
1863 2055 1895 2080 et
1918 2056 2077 2090 respectu
2097 2059 2188 2080 crea-

1162 2079 1168 2136 Ι
1194 2099 1354 2131 tul-arum,
1389 2093 1466 2135 quia
1501 2094 1599 2124 sumit
1623 2094 1848 2123 narrationem
1872 2102 1913 2123 ex
1932 2092 2071 2124 Genesi:
2095 2091 2188 2124 Dixit

1194 2136 1302 2175 Deus,
1327 2136 1383 2167 fiat
1407 2135 1475 2174 lux,
1501 2143 1532 2167 et
1556 2136 1664 2167 addit:
1701 2136 1809 2166 onmia
1834 2146 1893 2176 per
1917 2136 2006 2167 1111116
2029 2136 2116 2176 λόγον
2137 2134 2187 2167 sa-

1195 2186 1247 2211 cta
1271 2186 1360 2217 511111,
1384 2179 1462 2210 116111
1487 2188 1645 2221 respectu
1664 2179 1784 2221 prolati
1799 2178 1989 2221 Evangelii:
2014 2179 2118 2210 Filius
2131 2179 2187 2221 qui

1193 2230 1243 2254 est
1264 2225 1296 2254 in
1320 2224 1395 2254 sinu
1415 2221 1541 2261 Patris,
1567 2224 1638 2264 ipse
1662 2225 1829 2254 enarravit
1854 2224 1963 2254 nobis.
2007 2223 2049 2254 Et
2073 2222 2185 2255 lohan.

1191 2267 1222 2298 8.
1248 2278 1321 2298 cum
1344 2268 1549 2309 interrogant
1574 2266 1703 2299 ludaei:
1726 2267 1775 2297 Tu
1788 2267 1843 2319 (11ιί
1856 2273 1919 2303 est,
1933 2267 2119 2308 Respondit
2139 2266 2188 2298 le-

1192 2321 1263 2348 sus,
1298 2309 1349 2349 τὴν
1383 2309 1479 2352 ἆρχῆν
1514 2309 1558 2341 ὅτι
1591 2315 1641 2342 καὶ
1672 2312 1756 2341 λαλῶ
1790 2315 1872 2350 υμῖν,
1906 2311 1998 2342 initio
2022 2321 2096 2341 Sum
2120 2310 2187 2342 hoe

1191 2355 1280 2396 quod
1304 2353 1426 2396 loquor
1448 2355 1556 2386 vobis.
1603 2356 1651 2387 Sit
1677 2355 1776 2397 igitur
1799 2355 1883 2385 hacc
1907 2352 2087 2395 appellatio
2100 2353 2187 2393 λόγος

1190 2398 1287 2429 nobis
1324 2396 1527 2429 dulcissima.
1575 2398 1773 2440 Quanquam
1809 2399 1895 2429 enim
1919 2408 2035 2429 verum
2058 2404 2109 2429 651
2136 2396 2186 2428 Fi-

1190 2441 1269 2472 linm
1294 2452 1372 2473 esse
1395 2443 1558 2483 integram
1585 2448 1617 2473 et.
1647 2440 1902 2474 substantialem
1924 2441 2099 2483 imaginem
2124 2440 2185 2471 Pa-

1190 2486 1261 2523 tris,
1285 2491 1317 2517 et
1341 2495 1418 2516 esse
1443 2486 1539 2524 λόγον,
1564 2487 1641 2527 quia
1665 2486 1869 2528 cogitatione
1892 2486 2050 2519 nascitur,
2075 2490 2185 2515 tamen

1189 2536 1222 2560 et
1246 2530 1321 2560 ideo
1341 2530 1487 2560 sciamus
1512 2530 1598 2569 λόγον
1622 2530 1697 2567 dici,
1732 2530 1809 2571 qnia
1832 2539 1892 2571 per
1915 2538 1988 2560 eum
2014 2527 2114 2559 Pater
2138 2527 2184 2558 di-

1189 2574 1236 2604 xit
1255 2574 1425 2604 decretum
1450 2574 1491 2604 de
1515 2579 1585 2604 toto
1608 2573 1723 2604 ordine
1749 2573 1927 2604 creationis
1951 2578 1982 2603 et
2003 2571 2183 2613 reparatio-

1189 2617 1241 2648 nis
1265 2616 1451 2655 hominum,
1482 2622 1513 2648 et
1548 2616 1632 2648 hacc
1654 2627 1800 2658 persona
1823 2616 2010 2647 immediate
2034 2615 2181 2651 mittitur,
