2383 2990
146 129 209 162 671

787 127 899 161 PHIL.
925 127 1029 161 MEL.
1053 129 1242 162 SCRIPTA
1261 102 1542 164 DOGssJA'HCA.

669 226 781 256 Omnia
804 227 855 266 qui
875 227 986 261 cernis
1011 226 1137 265 verique
1161 236 1196 256 es
1221 230 1336 256 amator
1360 229 1391 256 et
1410 226 1511 266 aequi,

755 270 877 301 Fallere
901 281 992 310 quem
1015 280 1073 299 non
1098 274 1147 300 est
1165 270 1259 300 ullius
1279 274 1343 300 arte
1361 269 1434 305 doli,
1487 287 1490 288 ν

668 313 785 344 Unicus
811 315 962 349 innocuis,
986 314 1013 342 si
1039 314 1140 343 iustus
1164 325 1200 344 es
1224 315 1346 351 arbiter,
1370 314 1496 350 umbris,

755 357 851 387 Solus
871 361 901 387 et
924 358 1056 387 insontis
1075 359 1233 397 sanguinis
1257 357 1337 387 ultor
1359 358 1445 387 ades.

667 400 701 430 Si
725 405 777 431 tua
800 401 917 441 pacifici
938 411 1025 430 cruor
1048 401 1246 431 intemeratus
1270 400 1374 436 Abeli,

754 444 843 474 Voce
866 445 1004 484 fatigavit
1027 444 1130 474 sidera
1154 445 1234 474 clara
1252 445 1326 484 poli,

666 488 788 528 Ecquid
812 488 912 518 adhuc
936 490 1047 518 iustam
1066 488 1169 518 lentus
1189 499 1248 518 non
1269 489 1372 527 surgis
1397 489 1425 517 in
1445 488 1541 520 iram?

752 532 794 563 Et
816 536 907 572 potes
926 532 1015 562 haee
1027 536 1130 561 contra
1152 536 1184 562 te
1206 532 1269 561 sera
1291 532 1353 561 tela
1376 532 1460 571 pati?

664 576 748 606 Ecce
767 576 953 607 rebellantes
978 575 1122 606 audacter
1144 579 1178 605 ut
1196 586 1285 605 omne
1304 575 1451 615 Tyranni,

752 618 867 659 Iusque
886 624 939 650 tuo
959 619 1084 649 Christo
1104 619 1214 658 sasque
1237 620 1382 658 piumque
1401 622 1520 657 negant.

663 663 813 704 Respicis
833 665 972 705 insontes
996 664 1122 697 animas,
1147 663 1327 701 tristemque
1351 662 1511 694 cruorem?

752 706 818 737 Illis
842 718 895 747 pro
919 708 1012 737 verbo
1036 717 1126 745 quem
1152 707 1259 735 damus
1283 716 1356 735 ecce
1379 709 1442 735 tuo.

664 751 824 791 Respicis,
849 755 879 781 et
901 751 1014 790 patulis
1038 750 1173 787 gemiius
1197 749 1255 778 hos
1279 750 1403 778 auribus
1428 749 1542 783 hauris,

753 795 840 831 Quos
864 795 918 824 tibi
943 796 1117 824 semineces
1140 793 1296 822 reddimus
1316 804 1366 821 ore
1390 793 1451 832 pio.

665 839 771 878 thue
793 843 895 868 truces
919 848 983 867 raro
1007 837 1085 867 tristi
1105 837 1172 866 sine
1197 836 1290 865 caede
1310 835 1454 875 Tyranni,

752 882 794 912 Et
816 883 900 910 sicca
924 881 962 910 ad
981 881 1104 920 stygias
1122 884 1218 910 morte
1238 879 1371 909 feruntur
1394 888 1502 918 aquaS‚

665 926 720 956 Sic
744 936 866 965 quoque
891 936 969 954 nuuc
992 925 1116 954 meritas
1139 923 1273 964 pendent
1287 934 1354 952 cum
1368 923 1517 961 sanguine
1529 933 1657 962 poenas,

753 969 842 1005 Quos
866 969 949 998 iuvat
971 968 1084 998 iniusta
1101 968 1218 1007 tingere
1242 967 1337 996 caede
1360 976 1479 996 manus.

2120 133 2187 166 672
