2383 2990
172 132 215 164 21
859 131 898 163 n.
921 130 1113 163 EXAMEN
1137 130 1521 163 ORDINANDORUM.
2164 133 2207 165 22

173 228 205 260 in
230 228 409 266 cordibus,
444 238 486 258 ac
505 226 570 258 fide
588 226 687 258 simul
711 228 893 269 accipimus
917 227 1165 268 imputationem
1188 241 1191 278 ι
1218 237 1284 268 quo
1308 228 1396 258 omni
1420 227 1525 257 verbo
1549 225 1613 257 Dei
1637 227 1735 257 nobis
1758 227 1881 258 tradito
1915 228 2135 267 assentimur,
2169 239 2210 261 ac

172 272 317 303 iustitiae
340 281 401 302 seu
421 270 745 308 reconciliationem,
765 278 795 302 et
821 271 980 312 Spiritum
1000 278 1165 309 sanctum,
1218 269 1315 301 simul
1340 271 1436 301 exiam
1461 270 1671 311 promissioni
1697 271 1840 311 gratiae,
1870 281 1943 301 cum
1976 281 2042 312 quo
2067 282 2211 304 assensu

173 321 207 346 et
230 313 392 345 efficimur
415 313 580 346 haeredes
605 316 692 345 vitae
722 322 896 352 aeternae,
931 315 1054 356 gratis,
1089 325 1165 354 pro·
1189 310 1190 347 i
1218 312 1485 355 inseparabiliter
1508 314 1686 344 coniuncta
1711 320 1762 344 est
1784 313 1904 345 fiducia
1933 315 2153 356 acquiescens
2177 316 2210 346 in

143 387 145 389 ,
171 364 247 400 pter
270 356 449 389 Christum.
495 358 587 389 llaec
606 359 715 389 omnia
745 357 995 399 comprehendit
1024 358 1164 389 dictum:
1189 362 1191 391 ἶ
1218 356 1305 394 Deo,
1328 358 1417 388 iuxta
1443 357 1708 398 promissionem.
1739 357 1806 388 Sed
1830 358 1979 389 notitiam
2003 360 2209 399 praecedere

172 401 343 433 lustificati
380 401 445 432 tide
477 412 595 443 pacem
625 401 797 432 habemus.
842 401 883 432 Et
909 400 1018 432 Galat.
1044 401 1074 431 3.
1120 400 1165 431 Ut
1218 411 1360 432 necesse
1384 406 1452 438 est,
1483 401 1558 441 quia
1582 401 1718 431 notitiae
1743 407 1819 431 sunt
1844 402 2122 442 apprehensirae.
2168 401 2210 433 Et

171 445 428 485 promissionem
459 445 602 486 Spiritus
633 445 838 485 accipiamus
873 455 934 485 per
967 444 1076 475 fidem.
1122 443 1165 475 Et
1189 438 1191 483 ζ
1218 444 1248 474 in
1284 444 1349 475 hoc
1384 444 1458 484 ipso
1494 454 1636 474 assensu
1661 442 1763 474 Filius
1782 444 1844 476 Dei
1881 452 1931 476 est
1957 443 2098 483 efficax,
2133 446 2212 476 dicit

171 487 343 519 Romanos
367 489 398 519 5.
434 488 610 519 iustificati
633 489 797 529 sanguine
826 488 930 528 ipsius
956 488 1165 519 servabimur
1188 490 1191 530 ζ
1219 498 1304 518 voce
1328 486 1501 528 Evangelii
1527 486 1789 518 consolationem
1814 489 1845 519 in
1872 489 1974 519 corde
1997 496 2072 526 tuo,
2098 496 2210 520 osten-

171 542 232 572 per
267 542 340 562 eum
366 533 408 562 ab
444 533 492 563 ira
517 533 599 563 eius.
646 531 718 562 Huc
743 531 967 572 adiungantur
986 530 1047 562 alia
1074 531 1164 561 testi·
1188 558 1190 572 Ι
1218 531 1263 561 dit
1288 529 1493 561 voluntatem
1508 529 1628 568 Pau-is,
1649 530 1785 561 retrahit
1813 542 1870 562 cor
1894 542 1935 562 ex
1954 531 2082 570 inseris,
2106 538 2139 564 et
2162 532 2210 563 vi-

171 575 294 613 monia,
317 585 358 605 ac
381 576 559 617 praecipue
582 575 767 616 propositio
780 573 953 614 Epistulae
977 575 1019 605 ad
1042 574 1164 606 Roma·
1188 574 1190 612 ξ
1218 573 1329 605 vificat
1354 581 1397 610 te,
1421 580 1451 604 et
1477 574 1533 604 dat
1557 575 1757 604 arrabonem
1781 574 1939 615 Spiritum
1964 581 2129 614 sanctum,
2154 575 2210 617 qui

171 628 235 649 nos
259 619 369 660 capite
392 618 423 650 3.
448 625 480 650 et
504 618 710 650 confirmatio
736 618 845 658 capite
867 618 898 648 4.

569 784 766 826 Contra.

472 889 501 930 I.
535 890 855 944 Argumentum.

231 1009 314 1052 Ubi
346 1011 475 1051 multa
515 1011 632 1051 simul
671 1017 775 1061 sunt,
807 1026 891 1051 non
929 1018 991 1051 est:
1027 1025 1103 1065 po-

292 1072 428 1112 nenda
461 1071 690 1112 Exclusiva.

230 1131 278 1173 In
310 1133 574 1173 conversione
604 1133 734 1172 multa
757 1132 875 1172 simul
907 1138 1012 1181 sunt,
1044 1139 1102 1182 ut,

293 1192 505 1243 Contritio,
545 1194 677 1243 Fides,
718 1193 905 1242 Dilectio‚
946 1194 1101 1232 bonum

292 1254 557 1307 propositum,
590 1253 692 1307 Spes
724 1260 766 1293 et
794 1254 894 1293 aliae
918 1253 1100 1293 virtutes.

230 1312 339 1367 Ergo
385 1329 468 1354 non
506 1321 569 1354 est
608 1314 847 1363 dicendum,
896 1314 979 1354 sola
1019 1314 1101 1353 fide

291 1374 565 1414 iustificamur.

254 1480 461 1524 Respondeo
496 1483 538 1513 ad
574 1483 751 1513 minorem:
798 1482 996 1524 Quanquam
1038 1482 1161 1514 multae

166 1527 307 1557 virtutes
332 1525 430 1557 simul
454 1533 530 1557 sunt
554 1527 585 1557 in
611 1526 844 1563 conversione,
869 1533 977 1557 tamen
1005 1537 1068 1557 nou
1084 1534 1159 1557 sunt

167 1580 292 1601 causae
316 1580 375 1600 seu
390 1571 504 1601 merita
528 1569 785 1608 iustificationis,
809 1570 841 1600 id
866 1577 927 1603 est,
953 1571 1159 1601 remissionis
1185 1600 1186 1606 ¹

165 1619 380 1654 peccatorum
416 1620 448 1645 et
483 1613 763 1644 reconciliationis
789 1620 820 1644 et
846 1614 1091 1646 vivificationis.
1128 1621 1157 1645 et

166 1658 354 1688 donationis
380 1658 466 1688 vitae
491 1665 669 1688 aeternae:
695 1658 760 1688 Sed
786 1656 890 1687 solius
905 1656 975 1688 Filii
991 1657 1054 1688 Dei
1079 1659 1157 1688 obe-

166 1701 287 1732 dientia
317 1707 367 1731 est
398 1712 502 1732 causa
527 1712 587 1732 seu
616 1702 766 1732 meritum
797 1700 1050 1732 iustificationis.
1098 1701 1158 1732 Hic

165 1750 217 1775 cst.
239 1745 455 1785 propitiator,
489 1751 524 1775 ut
548 1744 719 1775 Romanos
743 1745 773 1775 3.
798 1745 928 1776 dicitur.
975 1745 1015 1775 Et
1041 1744 1157 1776 lohan-

164 1789 217 1819 nis
246 1788 273 1817 l.
320 1787 465 1830 Sanguis
489 1787 564 1819 lesu
588 1787 713 1818 Christi
743 1788 894 1829 purificat
916 1798 978 1819 nos
1002 1790 1044 1820 ab
1070 1790 1157 1819 omni

165 1837 317 1873 peccato.

448 1998 497 2038 Π.
545 1997 863 2053 Argumentum.

224 2109 477 2164 Impossibile
519 2116 590 2160 est,
630 2110 752 2150 ullam
786 2126 873 2151 rem
907 2125 995 2151 esse
1031 2111 1094 2151 iu-

287 2178 391 2209 stam
424 2172 506 2211 sola
539 2171 693 2221 notitia,

223 2229 345 2270 Fides
379 2238 441 2271 est,
472 2239 633 2271 tantum
667 2232 822 2283 notitia,

223 2289 332 2345 Ergo
364 2306 447 2331 non
480 2298 542 2332 est
574 2292 805 2344 dicendum,
838 2293 922 2334 sola
954 2293 1048 2333 fide.

248 2398 454 2440 Respondeo
488 2401 529 2431 ad
565 2401 741 2432 minorem:
775 2401 874 2433 Fides
898 2413 963 2433 non
988 2401 1154 2443 significat

160 2442 215 2474 hic
239 2444 408 2481 notitiam,
444 2442 553 2486 qualis
577 2451 629 2475 est
652 2445 684 2476 in
709 2444 882 2485 Diabolis,
918 2446 978 2477 sed
1003 2456 1153 2486 compre-

159 2486 275 2517 hendit
307 2487 454 2518 notitiam
480 2488 624 2518 omnium
648 2487 861 2521 articulorum
887 2488 980 2527 fidei,
1015 2496 1044 2520 et
1071 2488 1152 2520 fidu-

161 2530 244 2561 ciam
268 2530 300 2561 in
325 2530 509 2568 voluntate,
543 2532 811 2573 acquiescentem
836 2533 866 2564 in
891 2532 979 2571 Deo,
1016 2540 1152 2574 propter

159 2572 395 2611 Mediator-em,
437 2575 548 2616 agnita
588 2575 815 2607 misericordia
849 2577 882 2607 in
916 2577 1151 2618 promissfone.

1217 618 1370 648 accendit
1404 615 1562 647 laetitiam
1595 624 1626 647 et
1652 618 1896 649 invocationem
1921 619 1951 649 in
1977 619 2091 657 corde,
2121 620 2211 650 iuxta

1218 661 1324 691 dicta:
1353 661 1540 700 Accepistis
1570 660 1727 701 Spiritum
1752 660 1948 692 clamantem
1974 662 2074 693 Abba
2098 661 2209 693 Pater.

1219 703 1314 734 ltem:
1342 703 1519 734 Effundam
1544 713 1645 744 super
1663 705 1794 735 domum
1819 703 1929 735 David
1955 704 2110 745 Spiritum
2135 716 2210 747 gra-

1218 748 1283 777 tiae
1308 754 1339 777 et
1362 758 1512 788 precum,
1536 754 1600 778 etc.
1655 747 1752 782 Quod
1772 754 1880 779 autem
1905 748 2005 779 fides
2029 749 2071 779 sit
2094 759 2210 779 assen-

1218 791 1267 821 tiri
1289 791 1502 831 promissioni
1523 791 1663 834 gratiae‚
1687 790 1961 823 manilestumest
1986 802 2026 822 ex
2051 793 2158 833 capite
2176 793 2208 823 4.

1218 834 1258 864 ad
1297 833 1485 871 Romanos,
1527 834 1580 864 ubi
1612 833 1737 865 Paulus
1759 834 1958 866 correlative
1981 834 2115 876 copulat
2134 845 2211 877 pro-

1219 877 1409 908 missionem
1444 884 1475 907 et
1511 878 1619 907 fidem.
1687 878 1766 909 ldeo
1801 889 1841 909 ex
1871 878 1936 911 fide
1960 879 2083 922 grati-5,
2106 885 2143 910 ut
2167 880 2211 910 sit

1218 920 1313 951 firma
1335 921 1526 962 promissio.

1501 1088 1571 1128 ΠΙ.
1612 1088 1928 1143 Argumentum.

1275 1200 1377 1240 Fide
1410 1216 1549 1241 sumus
1582 1201 1685 1252 iusti,

1277 1261 1398 1301 Fides
1432 1269 1494 1301 est
1526 1277 1639 1316 opus,

1276 1321 1384 1376 Ergo
1417 1323 1607 1377 operibus
1640 1338 1778 1363 sumus
1806 1323 1908 1363 iusti.

1302 1429 1505 1471 Respondeo
1530 1431 1570 1462 ad
1586 1432 1766 1462 maiorem:
1789 1431 1979 1473 propositio
2003 1432 2100 1472 haec,
2124 1433 2206 1466 Fide

1215 1483 1330 1504 sumus
1356 1475 1450 1511 iusti,
1486 1473 1681 1516 intelligitur
1713 1474 1928 1514 correlative,
1964 1475 2118 1508 videlicet
2145 1489 2206 1519 per

1216 1518 1476 1548 misericordiam
1501 1529 1616 1549 sumus
1651 1519 1725 1549 iusti
1751 1526 1887 1560 propter
1912 1518 2026 1551 Filium
2052 1519 2135 1559 Dei,
2171 1529 2203 1554 et

1215 1561 1245 1591 id
1273 1562 1465 1592 bem-licium
1488 1569 1618 1602 oportet
1644 1562 1708 1593 fide
1732 1563 1849 1604 accipi.
1896 1560 2095 1605 Quanquam
2120 1567 2206 1597 euim

1215 1604 1297 1635 fides
1324 1612 1372 1635 est
1400 1603 1569 1636 excellens
1596 1607 1718 1644 virtus,
1743 1614 1852 1637 tamen
1884 1607 1979 1637 ctiam
2005 1614 2055 1638 est
2086 1607 2205 1649 imper-

1214 1648 1301 1679 fecta
1327 1656 1356 1679 et
1383 1647 1550 1690 languida.
1596 1649 1634 1679 Et
1661 1650 1727 1680 hoc
1752 1649 1819 1680 vult
1847 1651 1997 1681 doctrina
2017 1650 2204 1690 Ecclesiae,

1214 1692 1390 1722 credentes
1426 1704 1485 1733 per
1520 1694 1780 1724 misericordiam
1815 1701 1952 1735 propter
1991 1694 2107 1726 Filium
2142 1695 2205 1727 Dei

1213 1737 1367 1776 accipere
1393 1737 1621 1767 remissionem
1652 1745 1868 1777 peccatorum
1900 1745 1930 1768 et
1962 1737 2205 1770 reconciliatio-

1214 1790 1307 1817 nem,
1339 1790 1379 1809 a(-
1403 1778 1538 1820 placere
1562 1791 1625 1810 non
1651 1788 1789 1822 propter
1811 1782 1979 1822 propriam
2000 1783 2205 1824 dignitatem.

1213 1821 1290 1853 Ideo
1315 1823 1417 1864 iuquit
1439 1822 1575 1860 Paulus,
1600 1823 1722 1857 Sumus
1743 1823 1851 1855 dilecti
1877 1826 1907 1855 in
1933 1824 2066 1863 dilecto,
2086 1827 2117 1857 id
2142 1832 2205 1865 θεῖ,

1213 1872 1348 1906 propter
1371 1866 1499 1897 Filium.
1558 1866 1622 1898 Alii
1655 1875 1818 1909 quaerunt
1843 1867 1926 1899 alias
1951 1871 2204 1911 responsiones,

1212 1920 1296 1950 quas
1319 1910 1385 1941 hoc
1409 1908 1485 1941 loco
1506 1912 1633 1941 omitto.

1479 2068 1570 2109 IIII.
1617 2068 1934 2123 Argumentum.

1268 2179 1427 2221 Iustitia
1451 2188 1513 2220 est:
1536 2181 1769 2222 obedientia
1796 2183 2023 2223 secundum
2053 2199 2196 2226 omnes

1330 2242 1512 2291 virtutes,
1545 2256 1618 2282 seu
1633 2243 1747 2283 iuxta
1774 2250 1901 2284 totam
1919 2244 2086 2299 Legem,
2119 2261 2192 2287 seu

1331 2301 1591 2343 conformitas
1619 2318 1712 2343 cum
1746 2303 1847 2344 Deo.

1267 2361 1389 2402 Fides
1421 2377 1503 2403 non
1535 2370 1598 2403 est
1629 2378 1770 2404 omnes
1802 2365 1984 2417 virtutes,

1266 2422 1377 2478 Ergo
1408 2438 1491 2464 non
1523 2431 1586 2464 est
1616 2425 1784 2465 Iustitia.

1293 2531 1508 2574 Respondeo.
1550 2533 1659 2565 Maior
1683 2539 1735 2565 est
1758 2545 1837 2566 vera
1861 2534 1904 2565 de
1927 2533 2053 2567 lustitia
2081 2534 2195 2578 legali.

1205 2573 1291 2610 Quia
1327 2586 1407 2607 vero
1446 2576 1548 2618 Legis
1579 2577 1733 2608 iustitiam
1768 2576 1911 2617 (scilicet
1938 2579 2102 2621 integram
2136 2581 2196 2611 ob-

160 2616 248 2653 Quia
270 2616 369 2656 fides,
403 2618 446 2649 de
469 2629 534 2660 qua
557 2618 684 2650 Paulus
707 2618 866 2661 loquitur,
900 2627 951 2652 est
975 2630 1152 2660 assensus,
1206 2619 1393 2661 edienttam,
1417 2620 1606 2652 interiorem
1630 2627 1662 2652 et
1685 2623 1899 2657 exteriorem)
1929 2631 1997 2654 non
2020 2623 2195 2662 habemns,
