2383 2990
158 135 221 166 ‘231
764 131 877 164 PHIL.
901 131 1002 163 MEL.
1027 130 1217 163 SCRIPTA
1239 128 1521 163 DOGMATICA.
2116 129 2181 163 232

158 241 243 272 quae
261 229 442 272 loquuntur
465 230 506 260 de
528 229 648 266 ventis,
671 234 728 259 aut
750 227 823 259 aliis
847 228 993 259 motibus
1006 228 1141 267 creatis,

155 275 198 305 ab
222 272 295 305 aliis
320 274 430 311 dictis,
454 283 538 314 quae
562 276 703 303 necesse
726 278 776 303 est
796 269 936 314 intelligi
960 272 1001 302 de
1024 282 1142 313 perso—

155 327 199 349 na
222 327 307 359 quae
330 315 489 358 singulari
510 316 623 357 specie
646 313 813 356 patefacta
838 321 907 353 est,
931 326 1005 346 cum
1028 315 1062 346 in
1085 316 1142 346 ba-

154 361 278 402 ptismo
302 359 426 391 Christi
449 360 647 391 discernitur
669 369 690 390 a
712 358 812 390 Patre
836 365 867 390 et
892 369 913 390 a
934 357 1026 389 Filio.

242 446 315 477 Etsi
348 446 447 488 igitur
479 446 642 483 doctrina,
678 455 763 486 quae
796 444 947 476 adfirmat
971 451 1040 476 tres
1064 454 1143 475 esse

155 499 316 532 personas
341 490 483 527 divinas,
506 489 651 526 Patrem,
675 487 802 527 Filium,
833 494 863 519 et
887 488 1043 530 Spiritum
1067 498 1143 518 san·

156 540 266 571 ctum,
300 531 399 564 valde
433 533 516 563 mira
551 538 613 570 est,
648 538 678 563 et
713 531 831 574 procul
863 542 963 574 supra
988 538 1020 563 et
1049 537 1143 563 extra

156 583 373 616 conspectum
397 577 540 607 omnium
565 582 792 607 creaturarum
812 576 931 616 posita,
954 581 1063 606 tamen
1087 585 1144 605 ne-

156 630 253 651 cesse
277 626 327 650 est
352 620 393 650 de
417 619 490 650 Deo
510 620 645 656 sentire,
681 620 766 650 sicut
791 629 828 650 se
851 618 1019 661 patefecit,
1054 619 1144 649 imita

153 661 234 694 illud
268 663 459 694 mandatum
491 669 661 694 aeternum
696 669 728 693 et
762 664 942 701 immotum,
967 662 1063 693 Hunc
1086 672 1144 692 au-

155 707 233 738 dite.
280 705 364 737 Huic
399 707 553 737 mandato
591 707 871 747 obtemperemus,
907 712 939 737 ct
962 712 995 737 ut
1016 703 1142 736 Paulus

154 750 272 791 inquit,
296 749 500 791 Redigamus
520 755 647 780 mentes
670 751 701 780 in
728 750 962 791 captivitatem,
989 749 1022 778 in
1047 749 1143 778 obse-

155 795 267 835 quium
290 793 377 831 Deo,
412 800 443 824 et
478 793 667 824 testimonia
690 795 868 834 perspicua
891 791 1144 833 amplectamur,

155 847 219 868 nec
243 838 390 868 sinamus
415 847 454 867 ea
477 835 671 878 sophisticis
696 835 963 868 cavillationibus
992 833 1088 866 eludi.

393 1024 569 1057 PRIMUM
593 1024 907 1057 TESTIMONIUM.

245 1138 295 1169 Sit
318 1138 418 1179 igitur
436 1138 574 1178 primum
598 1136 664 1168 hoc
687 1137 926 1176 testimonium,
962 1137 1145 1168 ostendens

159 1181 314 1223 Spiritum
339 1188 492 1212 sanctum
523 1191 600 1211 esse
623 1191 812 1221 personam,
836 1180 983 1219 scilicet,
1020 1179 1145 1221 patefa-

159 1226 225 1257 ctio
260 1225 440 1255 divinitatis
475 1224 507 1254 in
544 1225 707 1265 baptismo
745 1224 880 1257 Christi.
904 1225 959 1254 uhi
984 1223 1074 1256 clare
1099 1224 1145 1255 di-

157 1274 357 1299 scernuntur
376 1273 444 1298 tres
467 1278 642 1308 personae.
712 1267 811 1298 Pater
845 1268 963 1308 inquit:
1001 1267 1063 1298 Hic
1094 1273 1146 1298 est

157 1310 259 1342 Filius
283 1321 376 1342 meus
401 1310 553 1342 dilectus.
620 1311 680 1341 Est
704 1312 802 1353 igitur
824 1309 889 1341 alia
914 1321 1058 1351 persona
1083 1311 1146 1341 Pa-

156 1357 229 1394 tris,
264 1353 330 1385 alia
352 1354 437 1385 Filii.
500 1354 685 1385 Descendit
709 1361 818 1385 autem
843 1355 982 1395 Spiritus
1007 1360 1145 1385 sanctus

156 1398 190 1429 in
214 1400 328 1440 specie
351 1396 536 1429 columbae.
584 1398 651 1429 lam
674 1399 702 1428 si
727 1398 868 1439 Spiritus
894 1405 1032 1429 sanctus
1057 1403 1146 1428 esset

156 1443 294 1484 agitatio
319 1442 351 1472 in
387 1442 503 1472 animis
539 1447 663 1479 creata,
698 1452 763 1471 non
788 1442 964 1482 adpareret
987 1440 1147 1482 peculiari

157 1486 269 1526 specie
293 1484 473 1526 corporali,
498 1485 573 1526 quia
597 1496 663 1515 non
688 1491 777 1515 esset
797 1491 888 1515 extra
903 1491 1043 1522 mentes,
1067 1494 1148 1526 qua-

156 1540 230 1560 rum
254 1535 343 1560 esset
369 1529 538 1559 accidens.
585 1529 651 1559 Aut
676 1529 704 1559 si
728 1535 817 1559 esset
843 1529 913 1569 ipse
935 1528 1049 1566 Pater,
1080 1537 1147 1557 non

158 1573 363 1604 discerneret
387 1573 539 1613 Spiritum
564 1580 726 1602 sanctum.
757 1571 864 1613 lnquit
886 1578 1014 1603 autem:
1039 1571 1148 1613 Super

159 1626 258 1657 quem
278 1615 401 1647 videris
427 1615 584 1656 Spiritum
608 1622 771 1647 sanctum.

361 1795 608 1827 SECUNDUM
637 1795 949 1828 TESTIMONIUM.

248 1917 408 1949 Secundo
432 1924 571 1960 apparet
594 1917 755 1959 peculiari
780 1919 894 1959 specie
906 1917 1049 1959 Spiritus
1074 1927 1150 1948 san-

162 1967 236 1993 ctus
260 1962 293 1993 in
317 1962 531 2000 Pentecoste,
556 1973 653 2004 quem
679 1968 811 1993 constat
842 1960 931 1992 clare
962 1961 1107 1992 dist-erni
1131 1971 1150 1991 a

160 2005 261 2036 Patre
285 2011 317 2037 et
341 2005 437 2044 Filio,
461 2007 537 2047 quia
562 2012 659 2037 antea
682 2005 783 2036 Filius·
809 2006 904 2035 dixit:
927 2004 1069 2047 Rogabo
1093 2015 1149 2045 pa-

160 2054 246 2080 trem
270 2055 302 2080 et
324 2048 422 2080 alium
447 2048 652 2090 paracletum
673 2049 761 2080 dabit
779 2049 884 2080 volsis
934 2048 1025 2079 Haec
1049 2049 1150 2090 igitur

161 2103 319 2134 persona,
343 2104 429 2135 quae
448 2094 479 2123 in
503 2094 704 2125 Pentecoste
724 2093 928 2133 conspicitur
957 2099 989 2123 et
1014 2091 1150 2123 effundi—

161 2142 215 2167 tur
238 2137 271 2166 in
296 2136 501 2178 ApostolOS,
531 2144 582 2168 est
606 2148 751 2178 persona
776 2137 929 2167 distincta
952 2146 973 2167 a
996 2135 1093 2166 Patre
1118 2140 1151 2166 et

161 2189 182 2210 a
215 2178 310 2211 Filio.
366 2180 409 2211 Et
432 2191 507 2212 cum
530 2181 719 2212 sanctificet
737 2186 768 2212 et
793 2180 949 2218 vivificet,
973 2184 1026 2210 est
1049 2179 1151 2210 omni-

161 2228 293 2264 potens.

249 2307 369 2342 Similis
403 2308 582 2351 patefactio
616 2311 650 2341 in
681 2311 779 2341 domo
805 2308 951 2341 Cornelii
974 2309 1065 2341 facta
1087 2314 1150 2341 est.

162 2351 233 2384 Nec
267 2360 515 2394 praetereamus
551 2355 648 2386 otiosi
682 2354 744 2385 has
778 2353 1033 2395 patefactiones,
1064 2353 1151 2384 sicut

163 2397 307 2428 maxima
340 2407 418 2438 pars
453 2399 586 2439 generis
622 2397 754 2429 humani
786 2408 844 2429 eas
868 2398 1037 2439 praeterit,
1060 2397 1151 2438 quod

163 2438 364 2472 horrendum
388 2447 420 2472 et
443 2441 684 2482 deplorandum
708 2447 770 2473 est.
800 2441 867 2473 Sed
892 2443 1037 2472 sciamus
1060 2439 1150 2471 hanc

163 2482 271 2523 ipsam
294 2485 336 2514 ob
360 2495 495 2516 causam
518 2484 626 2516 factas
650 2495 737 2523 esse,
761 2486 836 2526 quia
856 2485 950 2516 Deus
973 2495 1011 2515 se
1034 2482 1151 2515 Eccle-

165 2526 236 2557 siae
266 2536 347 2557 suae
376 2529 566 2567 ostendere,
586 2534 618 2560 ct
636 2529 734 2560 nobis
759 2536 852 2560 certa
875 2528 1065 2560 testimonia
1086 2532 1152 2558 tra-

165 2569 246 2600 dere
268 2568 384 2602 voluit.
439 2571 565 2604 Horum
597 2573 800 2614 cogitatione
823 2573 923 2614 igitur
944 2582 1008 2603 nos
1033 2569 1153 2602 confir-

164 2623 303 2645 memus.

1422 223 1620 256 TERTIUM
1642 223 1961 257 TESTIMONIUM.

1283 320 1428 352 Tertium
1453 319 1697 357 testimonium,
1722 325 1773 350 est
1795 320 1868 361 ipsa
1890 320 2043 360 baptismi
2066 319 2183 360 forma,

1197 374 1295 406 quam
1313 362 1416 394 Filius
1426 362 1491 394 Dei
1512 363 1584 404 ipse
1606 363 1750 400 tradidit,
1772 363 1890 394 iubens
1908 364 2068 405 baptisari
2080 363 2185 395 homi-

1196 418 1257 439 nes
1281 408 1313 437 in
1338 417 1477 444 nomen,
1512 406 1544 436 id
1568 411 1635 444 est,
1666 406 1700 436 in
1723 406 1923 447 agnitionem
1946 412 1979 438 et
2001 408 2184 439 invocatio-

1197 461 1271 482 nem
1295 450 1359 481 Dei
1382 449 1507 484 Patris,
1531 448 1623 486 Filii,
1652 454 1685 479 et
1707 449 1851 489 Spiritus
1874 450 1993 480 sancti.
2038 450 2075 482 ld
2098 451 2185 482 enim

1197 493 1363 536 significat
1385 492 1469 524 haec
1491 492 1683 524 admiranda
1695 492 1880 533 professio:
1899 491 1973 534 Ego
1991 493 2126 535 baptizo
2138 499 2183 533 te,

1196 538 1229 569 id
1253 542 1322 575 est,
1353 535 1455 568 abluo
1480 542 1530 574 te,
1571 541 1607 567 ut
1629 535 1788 567 testificer
1810 536 1869 567 tibi
1891 536 2011 567 remitti
2033 542 2185 578 peccata,

1198 587 1230 612 et
1254 586 1287 611 te
1310 580 1413 621 recipi
1437 580 1479 610 ab
1503 578 1569 610 hoc
1594 589 1675 610 vero
1700 579 1775 610 Deo
1803 584 1898 621 patre
1921 578 2056 610 Domini
2079 581 2186 612 nostri

1197 624 1272 655 Iesu
1296 622 1438 661 Christi,
1473 623 1528 664 qui
1551 628 1584 653 te
1607 622 1723 662 rec³pit
1746 628 1884 663 propter
1907 621 2039 660 Filium,
2062 622 2186 654 exhibi-

1198 673 1265 699 tum
1290 668 1406 708 generi
1428 666 1593 704 humano,
1617 671 1651 697 ut
1671 666 1713 696 sit
1736 665 1919 704 Mediator,
1944 671 1976 697 et
1999 665 2135 698 effundit
2152 666 2186 698 in

1197 717 1229 742 te
1253 709 1410 751 Spiritum
1430 715 1601 747 sanctum,
1635 709 1689 750 qui
1713 708 1849 740 inchoat
1867 709 1899 740 in
1922 710 2048 740 nostris
2071 710 2186 741 menti-

1197 755 1261 785 bus
1295 763 1419 784 novam
1449 758 1482 783 et
1515 758 1686 783 aeternam
1709 752 1863 783 iustitiam
1889 758 1922 783 et
1945 753 2056 784 vitam.
2102 752 2186 785 Cum

1197 797 1295 838 igitur
1328 795 1436 827 forma
1467 795 1619 836 baptismi
1649 795 1819 826 discernat
1844 795 1998 836 Spiritum
2022 801 2187 836 sanctum,

1197 839 1329 871 aPatre
1353 844 1385 870 et
1407 838 1502 877 Filio,
1526 848 1668 870 necesse
1692 845 1743 869 est
1765 849 1946 879 personam
1969 849 2056 870 esse.
2101 839 2187 871 Nam

1198 883 1226 914 si
1245 889 1337 914 esset
1360 883 1459 913 Pater
1481 888 1538 913 aut
1560 880 1674 920 Filius,
1698 882 1830 924 agitans
1854 889 1946 914 motu
1970 888 2096 922 creato,
2118 893 2187 915 non

1198 932 1289 957 esset
1312 925 1407 957 tertio
1430 925 1508 956 loco
1528 925 1689 956 recitatus
1714 925 1874 966 SpirituS,
1900 931 2057 968 tanquam
2080 936 2100 957 a
2123 925 2186 958 Pa-

1197 975 1247 1001 tre
1282 976 1337 1001 aut
1360 968 1444 1000 Fato
1478 969 1738 1007 discernendus,
1773 970 1801 999 si
1824 967 1978 1000 videlicet
2003 975 2093 1001 esset
2115 970 2188 1011 ipse

1198 1012 1299 1044 Pater
1322 1013 1453 1055 agitans
1477 1018 1534 1043 aut
1556 1012 1691 1053 agitatio
1716 1017 1829 1043 creata
1850 1013 1883 1043 in
1906 1011 2048 1044 homine.

1287 1097 1418 1129 Deinde
1452 1108 1525 1128 cum
1549 1097 1633 1128 haec
1656 1098 1728 1139 ipsa
1750 1097 1858 1129 forma
1879 1098 2035 1139 baptismi
2066 1099 2189 1131 doceat

1199 1142 1325 1183 pariter
1358 1142 1517 1172 invocare
1541 1140 1575 1180 Si
1590 1141 1699 1171 iritum
1722 1147 1892 1179 sanctum,
1928 1152 2002 1172 cum
2031 1141 2132 1173 Patre
2155 1148 2188 1174 et

1199 1185 1300 1223 filio,
1335 1185 1459 1226 pariter
1493 1184 1522 1215 ei
1545 1184 1657 1214 tribuit
1681 1185 1963 1225 omnipotentiam.
2008 1184 2102 1217 Haec
2125 1186 2189 1217 tria

1199 1229 1391 1260 testimonia
1425 1228 1453 1258 si
1486 1228 1539 1268 pie
1575 1227 1841 1265 considerentur,
1877 1227 1970 1258 firma
1994 1233 2027 1258 et
2049 1226 2191 1260 illustria

1200 1282 1278 1303 esse
1301 1270 1537 1313 intelligemus.
1570 1270 1656 1301 Nam
1681 1277 1773 1302 certe
1796 1270 2053 1312 patefactiones,
2077 1272 2109 1302 in
2134 1272 2191 1303 ba-

1200 1317 1320 1356 ptismo
1346 1314 1483 1351 Christi7
1512 1318 1545 1345 et
1568 1314 1600 1344 in
1620 1313 1840 1352 Pentecoste,
1875 1325 1942 1345 non
1966 1321 2044 1346 sunt
2067 1313 2191 1346 frustra

1200 1358 1321 1390 factae.
1366 1358 1464 1389 Nunc
1497 1357 1657 1388 addemus
1693 1363 1724 1388 et
1759 1358 1848 1388 dicta
1870 1364 1961 1389 certa
1985 1357 2126 1396 Christi,
2158 1358 2191 1389 in

1201 1404 1321 1444 quibus
1349 1401 1484 1443 proprie
1516 1401 1557 1431 de
1580 1400 1645 1431 hac
1667 1410 1814 1441 persona
1837 1401 2070 1439 concionatur,
2105 1411 2192 1443 quae

1200 1446 1389 1477 nominatur
1413 1444 1556 1486 Spiritus
1580 1450 1730 1474 sanctus.

1410 1546 1632 1584 QUARTUM
1662 1546 1690 1577 T
1692 1544 1887 1577 ESTIMON
1891 1545 1982 1577 IUM.

1290 1642 1404 1674 ioh-an.
1431 1642 1482 1672 14.
1527 1641 1670 1683 Rogabo
1693 1641 1838 1679 Patrem,
1862 1646 1895 1672 et
1918 1639 2017 1672 alium
2041 1640 2192 1683 paracle-

1203 1693 1272 1718 tum
1296 1687 1387 1718 dabit
1409 1686 1517 1717 vobis.
1564 1684 1647 1716 Cum
1670 1685 1730 1722 ait,
1755 1683 1887 1722 Alium,
1911 1685 2069 1716 disceruit
2091 1695 2111 1716 a
2130 1685 2192 1717 Pa-

1205 1737 1254 1761 tre
1278 1736 1310 1761 et
1333 1728 1428 1767 Filio,
1446 1728 1535 1760 hunc
1557 1726 1774 1769 paracletum.
1807 1727 1884 1758 Non
1906 1728 2005 1769 igitur
2026 1728 2194 1770 significat

1205 1774 1347 1815 Spiritus
1381 1773 1489 1814 ipsum
1514 1771 1647 1802 Patrem
1671 1771 1870 1812 agitantem,
1903 1781 1970 1802 non
1994 1773 2079 1803 enim
2102 1778 2194 1804 esset

1204 1816 1314 1855 Alius,
1338 1826 1402 1847 nec
1425 1815 1591 1857 significat
1613 1815 1827 1857 agitationem
1841 1820 1997 1853 creatam,
2020 1825 2088 1846 non
2107 1816 2193 1846 enim

1204 1861 1389 1891 mitteretur
1412 1870 1431 1890 a
1455 1857 1550 1896 Filio,
1575 1859 1603 1889 si
1627 1864 1717 1889 esset
1741 1857 1842 1889 Pater
1865 1858 2013 1899 agitans,
2043 1864 2099 1889 aut
2121 1864 2193 1889 tan—

1204 1910 1272 1935 tum
1306 1903 1444 1945 agitatio
1480 1908 1594 1933 creata
1627 1912 1646 1932 a
1676 1900 1787 1932 Patre.
1832 1901 1877 1932 At
1900 1900 2055 1933 Christus
2087 1902 2193 1943 inquit

1204 1946 1273 1978 loh.
1299 1947 1349 1977 15.
1381 1945 1464 1977 Cum
1487 1946 1615 1977 venerit
1633 1943 1836 1985 paracletus,
1859 1954 1957 1985 quem
1980 1954 2044 1986 ego
2067 1945 2194 1976 mittam

1203 1991 1300 2022 vobis
1325 2001 1344 2021 a
1368 1989 1479 2027 Patre,
1516 1988 1652 2029 spiritus
1677 1988 1843 2025 veritatis,
1875 1988 1930 2029 qui
1953 1998 1972 2018 a
1996 1987 2096 2019 Patre
2120 1998 2193 2028 pro-

1204 2035 1303 2066 cedit.
1348 2032 1380 2064 A
1409 2042 1459 2070 se,
1493 2033 1597 2072 inquit
1619 2031 1700 2062 mitti
1723 2030 1881 2071 Spiritum
1906 2037 2068 2062 sanctum.
2114 2031 2193 2062 Non

1204 2084 1255 2109 est
1284 2077 1384 2119 igitur
1419 2081 1475 2106 aut
1498 2074 1597 2107 Pater
1630 2075 1780 2116 agitans,
1816 2080 1872 2105 aut
1906 2080 2031 2105 tantum
2055 2075 2192 2118 agitatio

1203 2126 1315 2153 creata
1338 2131 1358 2151 a
1380 2118 1491 2150 Patre.

1291 2180 1376 2212 Sunt
1410 2185 1443 2211 et
1476 2178 1561 2210 haec
1595 2187 1762 2219 personae
1784 2179 1930 2219 propria.
1976 2176 2073 2210 Alius
2097 2188 2193 2220 para·

1204 2224 1329 2262 cletus,
1365 2224 1420 2265 qui
1444 2223 1579 2254 docebit
1602 2232 1683 2259 vos,
1717 2227 1748 2252 et
1773 2231 1858 2264 quae
1880 2221 2003 2259 audiet,
2026 2220 2192 2263 loquetur.

1204 2269 1239 2301 Si
1269 2268 1404 2309 spiritus
1436 2265 1639 2308 significaret
1673 2264 1738 2296 hoc
1761 2263 1839 2296 loco
1863 2265 2077 2307 agitationem
2102 2275 2193 2296 crea-

1204 2318 1281 2349 tam,
1305 2316 1397 2343 esset
1421 2310 1591 2347 doctrina,
1621 2318 1688 2339 non
1713 2309 1833 2340 doctor
1855 2307 1959 2347 alius,
1994 2319 2015 2340 a
2036 2307 2138 2340 Patre
2159 2313 2194 2341 et

1204 2354 1287 2387 Filio
1311 2355 1449 2387 audiens
1469 2359 1503 2385 et
1520 2353 1703 2394 accipiens.
2110 2361 2115 2365 ·

1429 2473 1631 2511 QUINTUM
1648 2473 1676 2505 T
1677 2471 1967 2505 EST1MON1UM.

1292 2570 1329 2602 ln
1358 2571 1471 2613 priore
1493 2568 1646 2612 Epistola
1671 2570 1714 2600 ad
1737 2567 1886 2600 Corinth.
1917 2577 1991 2608 cap.
2024 2565 2075 2597 12.
2099 2564 2193 2598 clare

1206 2615 1365 2647 discernit
1385 2612 1510 2646 Paulus
1532 2614 1690 2656 Spiritum
1712 2618 1867 2644 sanetum
1893 2621 1915 2643 a
1937 2610 2035 2642 donis
2058 2610 2193 2649 creatis,
