2383 2990
156 137 221 170 235
795 132 909 165 PHIL.
931 131 1037 164 MEL.
1060 130 1250 165 SCRIPTA
1268 130 1548 164 DOGMATICA.
2122 133 2188 166 236

161 233 259 264 animi
285 229 383 263 simul
406 231 446 262 de
468 229 662 262 Mediatoris
685 229 925 261 intercessione
949 234 982 260 et
1004 228 1047 260 de
1068 237 1147 270 pro·
1198 227 1262 258 sibi
1286 225 1443 268 copulant
1466 225 1655 258 Ecclesiam
1678 235 1782 258 suam.
1827 225 1890 258 Est
1917 232 2027 258 autem
2049 236 2144 258 amor
2166 237 2187 259 a

157 276 372 309 missionibus
398 272 697 305 commonefierent.
1198 269 1384 308 voluntate,
1407 275 1442 300 ut
1466 274 1609 301 constat.
1643 268 1687 300 Et
1709 279 1831 301 sensus
1856 268 1962 301 osculi
1981 268 2092 312 aliquo
2117 280 2187 302 1110-

1198 315 1241 345 do
1261 313 1346 344 haec
1364 313 1549 344 adumbrat.
1595 312 1632 343 In
1662 311 1781 344 osculo
1804 312 1947 344 hominis
1971 323 2051 344 vero
2066 310 2186 344 ‘et'ar-

1198 357 1297 395 denti,
1321 355 1463 397 Spiritus
1487 366 1529 387 ex
1549 356 1651 387 corde
1675 354 1864 394 exhalatur,
1897 357 1994 398 quasi
2016 354 2185 388 transfun-

1197 400 1280 431 dens
1303 409 1460 431 amorem.
1507 399 1555 430 lta
1568 398 1662 430 Deus
1685 409 1832 430 amorem
1854 399 1887 431 in
1911 409 1975 431 nos
1997 409 2093 431 suum
2116 399 2183 441 spi-

1196 443 1261 474 ritu
1284 453 1346 474 suo
1369 441 1622 480 transfundens,
1646 452 1709 473 nos
1732 442 1775 474 ad
1797 451 1836 474 se
1858 443 1953 484 rapit.

242 335 398 366 Testatur
423 341 453 365 et
472 334 557 365 haec
580 334 652 375 ipsa
666 331 815 374 Symboli
827 332 944 364 Niceni
963 329 1144 374 professio,

157 378 346 411 Ecclesiam
371 384 448 409 tunc
473 378 576 408 verba
600 375 722 407 Christi
746 376 787 406 de
807 375 929 417 Spiritu
951 381 1070 407 sancto
1095 375 1145 406 sic

158 421 367 459 intellixisse,
390 427 424 452 ut
442 420 621 451 adfirmarit
635 419 792 460 Spiritum
804 425 954 450 sanctum
966 429 1145 460 personam

158 476 245 497 esse.
290 464 331 495 Et
366 465 415 494 sic
446 463 603 494 docuisse
638 463 799 504 probatos
829 463 985 493 doctores
1010 460 1145 493 manife-

158 514 244 541 stum
268 514 330 546 est,
356 513 389 538 ut
415 508 457 538 ait
482 505 697 548 Epiphanius.
746 505 947 548 Unigenitus
970 504 1072 536 Filius
1096 503 1144 537 ef-

156 552 221 583 ficit
243 551 352 582 onmia
377 560 450 581 cum
463 550 574 588 Patre,
598 560 664 580 non
689 547 798 580 50111111
821 555 928 580 autem
941 547 1056 588 Filius,
1081 548 1143 580 sed
1407 576 1421 586 J

156 601 189 627 et
222 595 364 635 Spiritus
400 599 536 624 sanctus
573 592 673 624 efficit
718 593 827 624 onmia
861 603 935 624 cum
969 591 1069 625 Patre
1110 596 1143 625 et

156 637 250 676 Filio,
275 644 306 668 et
329 636 489 676 ὁμοοιῑσιος
512 641 565 668 est
586 636 677 668 Patri
700 641 733 667 et
755 635 851 667 Filio.
1244 631 1305 663 DE
1328 630 1509 662 DUPLICI
1531 629 1794 663 DISCRIMINE
1814 629 2132 662 PERSONARUM.

242 697 283 729 Et
295 696 443 728 Basilius
467 696 578 728 multis
603 697 736 737 scriptis
761 694 945 727 defendens
968 696 1056 727 hanc
1068 705 1143 728 sen-

155 742 290 773 tentiam
316 751 401 782 quae
423 741 456 771 in
469 740 631 782 spui-‚olo
654 740 806 778 traditur,
829 740 933 781 inquit
954 740 986 770 in
1001 739 1143 781 quadam

156 784 322 825 Epistola:
370 784 511 825 Oportet
546 794 610 816 nos
644 784 806 825 baptizari
830 783 917 814 sicut
940 783 1142 823 accepimus,

156 827 302 859 Credere
327 834 435 858 autem
459 828 542 858 sit-ut
567 828 790 869 baptizamur,
821 825 1011 869 glorificare
1033 833 1143 857 autem

157 871 241 903 sicut
266 871 442 909 credimus,
467 870 611 909 Patrem,
635 876 667 901 et.
690 869 818 908 Filium,
842 875 873 900 et·
887 869 1043 910 Spiritum
1067 879 1143 900 san-

158 922 257 953 ctum,
282 913 400 956 fugere
424 921 533 945 autem
555 920 590 945 ut
614 912 723 955 palam
747 911 973 954 blasphemOS,
1003 923 1063 944 eos
1087 913 1142 954 qui

157 959 312 999 Spiritum
336 964 487 989 sanctum
505 958 595 988 aiunt
620 963 806 988 creaturam
830 966 917 988 esse.

1283 725 1369 757 Sunt
1401 731 1512 757 autem
1549 724 1693 768 duplicia
1727 725 1919 756 discrimina
1952 734 2181 766 personarum.

1195 768 1272 801 Alia
1295 774 1373 801 sunt
1395 769 1566 808 interiora,
1589 775 1624 800 ut
1638 769 1787 811 gignere,
1810 769 1917 806 nasci,
1943 773 1976 799 et
1986 769 2181 810 procedere.

1195 811 1272 844 Alia
1306 818 1385 844 sunt
1419 823 1438 843 a
1471 812 1646 844 beneficiis
1681 822 1761 854 erga
1791 810 2122 851 Ecclesiamsumta,
2147 816 2184 844 ut

1194 855 1297 887 Filius
1320 866 1381 897 pro
1400 855 1498 887 nobis
1522 856 1633 888 factus
1658 861 1710 887 est
1728 855 1872 893 victima,
1887 854 2030 896 Spiritus
2043 860 2182 887 sanctus

1194 899 1331 930 mittitur
1354 899 1388 930 in
1412 899 1533 937 corda,
1568 905 1604 930 ut
1626 899 1659 930 in
1682 899 1780 930 nobis
1804 898 1966 930 accendat
1988 908 2111 929 novam
2133 897 2183 930 lu-

1195 952 1266 973 cem
1301 947 1334 973 et
1366 943 1533 974 iustitiam.
1584 942 1657 973 Etsi
1691 947 1799 973 autem
1833 948 1974 983 utraque
1992 941 2184 974 discrimina

323 1019 329 1025 ,
1193 985 1305 1027 aliquo
1328 987 1428 1018 modo
1452 986 1612 1028 cognosci
1637 995 1779 1017 necesse
1793 991 1855 1023 est,
1876 991 1986 1016 tamen
1998 984 2082 1016 haec
2096 994 2184 1026 quae

209 1063 215 1070 ,
242 1018 396 1060 Dfflffllffl‘*
417 1024 530 1070 ‘enan‘
553 1016 677 1049 multae
693 1016 820 1068 ‚l‘laffffle
838 1023 987 1067 Vffiffl'ffll}
1011 1017 1052 1068 df}
1074 1016 1140 1048 1¹⁰⁰
1194 1030 1236 1060 ab
1261 1027 1383 1060 officiis
1406 1035 1592 1067 sumuntur,
1610 1029 1717 1071 magis
1732 1029 1915 1069 conspicua
1928 1033 2016 1066 sunt,
2041 1038 2183 1070 quorum

157 1061 294 1093 articulo
331 1071 521 1099 conciones,
554 1071 638 1103 quae
667 1060 723 1091 lnc
756 1066 884 1102 integre
917 1066 1051 1091 recitari
1074 1070 1141 1091 non
1165 1082 1173 1471 ἱ
1194 1072 1351 1113 cogitatio
1375 1072 1448 1113 pias
1471 1078 1600 1103 memes
1625 1070 1818 1103 consolatur
1838 1077 1871 1103 et
1883 1071 2068 1103 confirmat·
2094 1070 2183 1107 Qua,

155 1113 310 1147 possunt.
356 1104 537 1146 Legendae
571 1111 681 1135 tamen
715 1109 793 1134 sunt
826 1102 975 1145 aliquae,
1008 1109 1043 1135 ut
1078 1114 1142 1134 nos
1194 1126 1231 1146 re
1264 1115 1403 1155 prodest
1437 1126 1477 1146 ea
1510 1117 1543 1147 in
1566 1116 1777 1146 invocatione
1799 1116 1904 1155 aspici
1951 1120 1985 1147 et
2007 1124 2110 1156 saepe
2131 1124 2182 1146 re„

157 1151 248 1190 ipsos
284 1148 516 1179 confirmemus
550 1147 668 1178 horum
692 1157 792 1184 voce,
824 1147 877 1188 qui
900 1148 942 1178 ab
967 1145 1142 1187 Apostolis
1195 1159 1298 1190 citari·
1907 1137 1917 1153 ²

159 1193 342 1223 doctrinam
379 1197 591 1232 act-eperunt,
627 1196 659 1222 et
682 1190 789 1222 ornati
811 1196 889 1222 sunt
911 1201 931 1221 a
953 1189 1028 1222 Deo
1052 1191 1142 1222 testi-

156 1236 274 1267 moniis
297 1233 541 1266 miraculorum·
1283 1218 1333 1250 Sit
1366 1220 1465 1261 igitur
1488 1216 1596 1250 forma
1625 1219 1804 1259 seiungens
1827 1223 1977 1249 nostram
2000 1217 2183 1249 invocatio-

1194 1273 1271 1294 nem
1293 1263 1335 1293 ab
1360 1262 1505 1301 ethnica,
1527 1261 1681 1300 Turcica,
1704 1262 1849 1300 Iudaica,
1873 1266 1908 1293 ut
1931 1270 2034 1302 saepe
2057 1259 2182 1292 dictum

1196 1312 1259 1344 est,
1283 1306 1410 1337 directa
1432 1306 1475 1337 ad
1498 1305 1586 1337 hunc
1606 1316 1720 1337 verum
1744 1303 1865 1342 Deum,
1889 1304 1945 1346 qui
1967 1313 2006 1334 se
2028 1303 2186 1345 patefecit

1195 1350 1228 1381 in
1251 1348 1406 1380 Ecclesia
1428 1350 1527 1380 certis
1551 1349 1760 1386 testimoniis,
1785 1348 1875 1380 edita
1896 1347 2129 1389 promissione,
2152 1352 2186 1378 et

1196 1393 1300 1424 misso
1323 1391 1406 1423 Filio
1429 1402 1492 1423 suo
1527 1391 1672 1424 Domino
1695 1397 1811 1423 nostro
1835 1390 1911 1422 lesu
1923 1390 2059 1421 Christo
2079 1390 2186 1422 cruci-

1197 1436 1266 1467 fixo
1289 1446 1351 1476 pro
1373 1436 1484 1474 nobis,
1521 1441 1553 1466 et
1576 1436 1788 1467 resuscitato.
1845 1434 1943 1465 Hunc
1965 1434 2130 1464 intueatur
2152 1438 2187 1465 et

1196 1478 1388 1520 alloquatur
1411 1488 1523 1517 menS,
1554 1484 1586 1510 et
1609 1484 1733 1509 statuat
1755 1487 1836 1509 vere
1858 1487 1922 1508 nos
1944 1476 2049 1517 recipi
2073 1481 2106 1508 et
2128 1485 2183 1507 ex-

1197 1523 1315 1560 audiri,
1343 1523 1542 1554 invocantes
1575 1522 1663 1553 hunc
1687 1531 1804 1552 verum
1827 1520 1947 1558 Deum,
1983 1529 2059 1551 cum
2082 1519 2188 1551 credi-

1198 1576 1272 1597 mus
1296 1576 1360 1597 nos
1383 1565 1486 1606 recipi
1508 1571 1645 1607 propter
1667 1563 1785 1595 Filium
1809 1563 2044 1601 Mediatorem,
2075 1568 2108 1594 et
2130 1572 2187 1604 pe-

1198 1614 1247 1640 tat
1271 1609 1376 1640 corda
1398 1614 1516 1640 nostra
1540 1607 1702 1646 consilia,
1733 1612 1766 1639 et
1793 1608 1944 1639 actiones
1966 1606 2038 1648 regi
2062 1605 2188 1648 Spiritu

1198 1658 1316 1683 sancto
1351 1652 1556 1693 procedente
1580 1652 1621 1683 ab
1645 1657 1782 1683 aeterno
1806 1651 1919 1689 Patre,
1953 1655 1986 1682 et
2007 1648 2093 1681 Filio
2116 1648 2188 1681 Do-

1198 1697 1286 1727 mino
1311 1700 1429 1727 nostro
1451 1695 1528 1727 Iesu
1552 1694 1699 1727 Christo.

243 1364 426 1406 Postquam
446 1364 545 1405 igittu·
569 1363 691 1395 dictum
715 1368 777 1402 est,
802 1368 872 1394 tres
890 1373 966 1395 esse
978 1373 1144 1405 personas

161 1408 352 1446 divinitatis,
386 1407 576 1438 discrimina
600 1407 727 1438 erudite
751 1407 1016 1440 considerentur.
1082 1407 1145 1438 Pa-

160 1458 210 1483 ter
233 1462 300 1483 non
325 1452 486 1482 nascitur.
529 1449 645 1489 Filius,
669 1451 732 1481 etsi
757 1456 956 1481 coaeternus
981 1456 1031 1482 est
1043 1451 1145 1489 Patri,

159 1502 271 1526 tamen
295 1496 426 1537 genitus
451 1500 514 1532 est,
538 1499 569 1524 et
592 1500 644 1526 est
662 1495 771 1535 imago
783 1494 909 1524 aeterni
922 1493 1043 1525 Patris.
1074 1494 1146 1536 Spi-

159 1539 244 1570 ritus
279 1545 415 1570 sanctus
449 1538 600 1579 procedit
633 1548 654 1569 a
676 1537 777 1569 Patre
800 1543 832 1568 et
854 1536 948 1568 Filio.
994 1537 1066 1569 Hae
1088 1548 1146 1580 ap-

160 1581 359 1624 pellationes
382 1587 497 1612 extant
520 1582 553 1612 in
576 1581 786 1612 sermonibus
810 1579 945 1611 Christi.

244 1642 312 1674 Sed
334 1641 389 1673 hic
412 1647 550 1683 quaerat
573 1641 703 1683 aliquiS,
728 1640 805 1683 quid
828 1641 958 1672 intersit
980 1641 1066 1673 inter
1088 1652 1146 1673 na-

159 1686 208 1718 sci
231 1691 263 1717 et
286 1686 488 1727 procedere?
533 1684 605 1716 Etsi
636 1685 801 1716 exhauriri
824 1683 909 1716 haec
933 1695 1057 1716 arcana
1079 1695 1147 1716 non

158 1736 316 1770 possunt,
351 1735 460 1760 tamen
484 1728 675 1770 significare
694 1728 870 1759 discrimen
896 1726 982 1760 filius
1002 1728 1065 1760 Dei
1089 1739 1147 1760 vo-

159 1772 229 1811 luit,
253 1778 284 1804 et
306 1783 516 1814 nequaquam
540 1773 610 1803 eius
634 1782 745 1803 sermo
768 1772 944 1803 mutandus
969 1778 1031 1803 est.
1055 1771 1147 1803 Usus

158 1822 210 1848 est
232 1821 342 1847 autem
366 1814 540 1847 vocabulis
564 1815 736 1853 humanis,
771 1816 867 1856 quasi
891 1816 1060 1847 deducens
1083 1825 1147 1847 nos

157 1860 201 1891 ad
225 1859 451 1901 aspectionem
474 1865 616 1890 naturae
638 1859 792 1896 homiuiS,
815 1864 849 1890 ut
873 1859 948 1890 inde
968 1858 1147 1891 similitudo

159 1908 192 1935 et
213 1904 331 1935 umbra
354 1909 551 1934 sumeretur.

1285 1756 1322 1787 In
1345 1755 1403 1788 tali
1425 1756 1616 1797 precatione
1638 1764 1703 1787 nos
1732 1754 1797 1797 ipsi
1827 1755 1868 1786 de
1890 1753 1998 1786 tribus
2021 1753 2189 1795 personis,

1200 1806 1233 1831 et
1267 1810 1380 1832 earum
1414 1799 1586 1831 beneficiis
1611 1797 1961 1836 commonefaciamus,
1985 1802 2019 1829 et
2041 1797 2188 1828 sciamus

1198 1843 1307 1875 Deum
1330 1848 1423 1874 recte
1446 1843 1497 1874 sic
1519 1842 1680 1880 invocari,
1705 1851 1780 1872 cum
1803 1846 1835 1873 et
1847 1842 2010 1872 intuemur
2022 1847 2188 1880 personas

1198 1886 1265 1918 hoc
1289 1887 1424 1921 ordine,
1448 1891 1482 1917 et
1509 1884 1595 1917 haec
1623 1884 1787 1916 beneficia
1809 1884 1964 1926 petimus.
2008 1882 2051 1914 Et
2073 1882 2118 1924 pii
2140 1887 2188 1914 ta·

1198 1929 1264 1962 lem
1285 1928 1534 1962 invocationem
1557 1929 1768 1970 experientur
1789 1937 1859 1959 non
1881 1935 1958 1958 esse
1980 1925 2116 1958 irritam.

246 1980 331 2012 Sunt
361 1985 471 2012 autem
499 1980 532 2011 in
555 1980 665 2011 anima
687 1978 830 2011 hominis
861 1981 945 2012 duae
968 1979 1148 2022 praecipue

159 2024 339 2065 potentiae,
365 2022 559 2065 Intelligens
584 2029 616 2054 et
638 2021 778 2056 volens.
809 2022 1004 2065 Intelligens
1026 2022 1149 2054 format

159 2067 333 2109 imagineS,
356 2074 390 2098 ut
416 2067 547 2109 quoties
571 2067 612 2098 de
635 2068 743 2099 amico
768 2068 910 2109 cogitas,
941 2068 1052 2098 statim
1075 2067 1147 2098 eius

160 2110 338 2152 imaginem
370 2111 404 2141 in
437 2117 546 2142 mente
576 2111 671 2152 quasi
693 2111 814 2154 pingis.
860 2108 1014 2142 Volentis
1037 2115 1148 2142 autem
1376 2144 1384 2153 ι
1735 2142 1742 2151 ,
1945 2142 1953 2150 ‚
1994 2142 2001 2150 ,

159 2155 327 2194 potentiae
349 2159 426 2185 sunt
445 2164 549 2192 amor,
575 2154 696 2192 odium,
721 2160 752 2185 et
775 2152 830 2185 alii
841 2152 1005 2192 adfectus,
1026 2159 1148 2185 etcum
1287 2145 1519 2187 0¹¹¹¹¹¹P0te¹³52
1540 2148 1688 2182 aeterne,
1711 2153 1804 2181 vive,
1828 2147 1862 2174 θῖ
1883 2151 2058 2174 VssflSSlme
2080 2140 2187 2180 Deus,

160 2196 226 2228 hac
250 2196 439 2238 copulatum
463 2203 513 2228 est
536 2198 568 2228 in
592 2196 724 2229 homine
748 2207 818 2236 cor,
844 2197 933 2240 quod
957 2197 1063 2240 gignit
1081 2197 1146 2239 spi·
1172 2191 1174 2212 ¹
1199 2194 1335 2221 fleterne
1351 2194 1446 2230 Pater
1463 2187 1599 2219 Domini
1622 2187 1729 2218 11⁰Stri
1752 2186 1827 2218 lesu
1841 2185 1979 2224 Christi,
2003 2185 2060 2237 qui
2075 2190 2110 2236 §0
2130 2194 2189 2227 Pa·

160 2241 254 2279 ritus,
279 2241 334 2282 qui
357 2247 434 2272 sunt
453 2240 646 2272 incitatores
665 2242 844 2280 actionum,
862 2246 1019 2279 motuum,
1043 2246 1076 2272 et
1098 2238 1146 2271 af-
1199 2231 1343 2264 tesecisti
1365 2232 1526 2263 immensa
1549 2231 1708 2268 bOUlfflte,
1732 2234 1765 2261 et
1788 2228 1938 2262 clamasti
1961 2229 2003 2260 de
2025 2226 2108 2260 Fll¹0
2129 2233 2189 2260 1¹¹0

160 2281 314 2315 seculum,
1199 2276 1344 2307 Domino
1366 2280 1484 2307 nostro
1507 2274 1583 2306 Iesu
1607 2273 1764 2306 Christo:
1810 2272 1908 2304 Hunc
1930 2272 2054 2311 audite,
2077 2269 2190 2304 condi-

1200 2325 1253 2350 tor
1283 2317 1369 2350 coeli
1402 2323 1435 2350 et
1464 2323 1592 2356 terrae,
1628 2322 1661 2349 et
1684 2317 1852 2348 hominum
1875 2321 1908 2347 et
1929 2313 2122 2354 Ecclesiae,
2156 2318 2189 2346 et

248 2362 295 2393 Sit
317 2362 417 2404 igitiu·
442 2360 508 2393 hoc
530 2361 708 2393 discrimen
731 2362 818 2393 inter
840 2361 945 2394 Nasci
968 2367 1002 2394 et
1023 2360 1147 2393 Proce-
1172 2378 1175 2420 ι
1201 2367 1422 2394 conservator
1455 2366 1488 2393 et
1511 2359 1712 2402 opitulator,
1744 2370 1812 2392 una
1835 2370 1909 2392 cum
1931 2357 2014 2390 Filio
2036 2363 2093 2390 tuo
2117 2356 2188 2389 Do-

164 2403 253 2435 dere.
282 2404 395 2443 Nasci,
420 2411 471 2436 est
493 2414 512 2436 e
534 2406 682 2447 potentia
703 2404 920 2448 intelligente,
943 2405 1021 2448 quia
1042 2404 1147 2436 Filius
1199 2407 1287 2437 mino
1310 2411 1427 2437 nostro
1449 2404 1525 2436 Iesu
1549 2403 1697 2443 Christo,
1720 2409 1753 2436 et
1775 2402 1902 2445 Spiritu
1926 2407 2057 2440 sancto,
2081 2399 2187 2432 effuso

165 2447 364 2488 cogitatione
386 2447 553 2487 nascitur,
581 2454 614 2480 et
636 2455 688 2480 est
710 2449 821 2491 imago
843 2450 958 2490 patris.
1003 2448 1049 2480 At
1070 2458 1147 2490 pro·
1172 2421 1175 2487 i
1199 2449 1232 2481 in
1255 2447 1442 2491 Apostolos
1475 2446 1659 2490 paracleto,
1693 2447 1840 2488 sapienS‚
1865 2447 1965 2484 bone,
1984 2445 2188 2483 misericors,

165 2490 302 2530 cedere,
326 2497 377 2522 est
401 2502 421 2523 a
443 2490 616 2524 voluntate
624 2515 634 2531 ,
670 2493 745 2535 quia
770 2492 913 2534 Spiritus
935 2498 1073 2524 sanctus
1096 2497 1148 2523 est
1174 2489 1176 2530 ἱ
1198 2493 1298 2532 iuste,
1321 2493 1431 2531 iudex,
1454 2490 1562 2530 sortis,
1586 2497 1691 2529 caste,
1713 2489 1892 2529 liberrime,
1915 2499 2029 2526 verax,
2044 2487 2187 2530 diligens

163 2533 307 2575 agitator
329 2544 390 2566 seu
407 2546 500 2566 amor
522 2535 764 2574 substantialis,
782 2541 940 2578 tanquam
952 2537 1038 2578 ignis
1057 2546 1148 2567 amo·
1201 2542 1234 2568 et
1257 2536 1439 2568 exaudiens
1462 2544 1537 2573 1105,
1560 2535 1616 2576 qui
1639 2533 1763 2566 dixisti:
1786 2533 1873 2565 Vivo
1897 2542 1973 2575 ego,
1996 2529 2076 2563 nolo
2098 2540 2188 2562 mor-

163 2577 209 2608 ris
233 2587 299 2619 quo
321 2584 416 2620 pater
438 2577 540 2611 filium
563 2578 810 2621 complectitur,
843 2585 876 2611 et
899 2577 986 2611 filius
1009 2578 1148 2621 patrem,
1175 2598 1177 2607 ‹
1199 2585 1266 2612 tem
1287 2579 1487 2621 peccatoris,
1511 2578 1573 2610 sed
1594 2582 1631 2610 ut
1653 2581 1867 2609 convertatur
1890 2581 1923 2608 et
1945 2575 2046 2608 vivat.
2068 2573 2118 2606 Te
2138 2573 2187 2605 in-

163 2618 228 2652 imo
250 2631 316 2662 quo
338 2627 457 2663 postea
478 2628 573 2664 pater
595 2628 629 2654 et
651 2621 738 2654 filius
761 2622 953 2656 dulcissimo
973 2621 1149 2665 complexu
1175 2608 1178 2640 ¹
1201 2633 1287 2655 voco
1311 2628 1344 2655 et
1366 2632 1427 2655 oro
1449 2619 1603 2664 supplex,
1625 2621 1786 2654 miserere
1807 2620 1882 2660 mei,
1906 2624 1940 2652 et
1955 2618 2084 2652 remitte
2106 2616 2186 2650 mihi

1382 2059 1500 2091 Potest
1521 2062 1632 2090 autem
1654 2055 1764 2089 forma
1788 2054 1866 2091 talis
1891 2065 1979 2088 esse.
