2383 2990
338 817 972 895 ENARRATIO
1029 814 1500 890 SYMBOLI
1559 813 1634 889 N
1637 812 1888 889 ICEN
1890 811 1952 900 I,

193 1004 602 1049 GOMPLECTENS
652 1003 866 1045 ORDINE
912 1000 1260 1043 DOCTRINAM
1307 999 1615 1041 ECCLESIAE
1654 999 1748 1040 DEI
1808 999 2103 1040 FIDELITER

975 1087 1324 1130 RECITATAM.

219 1255 296 1286 Ideo
322 1252 481 1296 Symbola
507 1253 639 1284 condita
663 1258 738 1283 sunt
763 1252 795 1282 in
818 1250 973 1282 Ecclesia
986 1249 1063 1288 Dei,
1086 1258 1120 1281 ut

134 1299 304 1329 doctrinae
328 1308 456 1329 sumnia
480 1296 625 1327 breviter
650 1295 911 1336 comprehensa,
936 1304 1067 1335 semper
1090 1294 1122 1324 in
1147 1310 1149 1334 ¹,

132 1347 317 1382 conspectu
340 1341 400 1378 sit,
436 1346 466 1371 et
491 1340 580 1371 docti
605 1346 635 1370 et
660 1339 781 1369 indocti
807 1349 871 1369 non
896 1336 1042 1369 mutilam
1067 1337 1122 1367 ‹lo-

134 1386 284 1423 ctrinaiii,
321 1384 382 1415 sed
418 1384 513 1425 quasi
549 1392 672 1424 corpus
697 1383 848 1424 integrae
872 1381 1045 1412 doctrinae
1071 1390 1122 1410 se-

134 1439 208 1460 cum
231 1429 263 1459 in
283 1433 392 1459 mente
417 1424 667 1463 circumferant,
703 1432 734 1456 et
757 1425 822 1456 liac
846 1424 1061 1456 consessione
1085 1434 1123 1454 se
1149 1438 1151 1453 ι

133 1472 282 1503 erudiant
306 1477 336 1502 et
361 1470 568 1508 confirment,
592 1476 622 1501 et
648 1480 719 1500 eain
744 1469 776 1500 in
801 1469 887 1499 oniiii
913 1468 1123 1499 invocatione

132 1516 330 1547 intueantur.
356 1514 423 1545 Sed
446 1520 555 1545 taineii
574 1523 705 1554 semper
729 1513 773 1543 ad
791 1511 875 1543 haec
900 1512 1012 1543 brevia
1028 1511 1122 1553 Sym-

132 1558 212 1590 bola
235 1559 383 1590 adiunxit
406 1557 561 1589 Ecclesia
586 1556 772 1599 longiorem
800 1555 1068 1597 explicationem,
1092 1560 1123 1585 et
1150 1557 1151 1597 J

134 1601 270 1644 collegit
293 1602 481 1633 testimonia
504 1611 523 1631 a
545 1599 621 1631 Deo
642 1600 773 1638 tradita,
797 1606 831 1630 iit
855 1600 1012 1637 sciamus,
1035 1598 1123 1629 unde
1149 1617 1152 1644 Ι

133 1652 238 1677 sumta
263 1646 305 1676 sit
330 1646 480 1677 doctrina
504 1645 535 1675 iii
556 1642 727 1686 Symbolis
758 1644 947 1685 proposita,
983 1650 1012 1673 et
1040 1641 1122 1672 fides
1150 1655 1152 1684 j

132 1690 267 1727 nitatur,
291 1700 358 1720 non
380 1689 533 1720 humanis
558 1688 744 1725 sententiis,
769 1687 829 1718 sed
843 1688 1024 1728 perspicuo
1049 1695 1122 1716 ver*-
1150 1686 1152 1704 ἵ

135 1735 177 1764 bo
200 1731 276 1764 Dei.

134 1864 266 1896 quoque
301 1854 429 1891 deceat,
466 1851 705 1894 explicabimus
730 1851 846 1882 ordine
870 1850 1022 1893 singulos
1047 1851 1123 1881 arti-

134 1896 241 1935 culos,
274 1897 350 1928 Deo
374 1898 519 1934 iuvante,
555 1903 586 1927 et
611 1895 801 1926 testimonia
824 1901 930 1925 sumta
955 1905 994 1925 ex
1018 1895 1122 1925 verbo

132 1940 208 1979 Dei,
233 1951 298 1972 non
323 1939 408 1972 male
433 1941 574 1977 detorta,
599 1940 657 1970 sed
683 1945 774 1969 recte
797 1939 1063 1976 accommodata,
1086 1935 1122 1968 il·

134 2038 270 2059 sensum
295 2026 490 2059 Catholicae
513 2025 688 2057 Ecclesiae
710 2025 774 2056 Dei
804 2024 945 2056 fideliter
968 2025 1121 2056 recitabi-
1148 2039 1151 2078 l

134 2081 219 2109 iiius,
244 2077 276 2102 et
301 2081 488 2112 sequemur.
536 2070 617 2102 Cum
643 2070 726 2101 enim
750 2068 844 2100 Deus
869 2070 913 2099 ita
938 2068 1122 2100 condiderit
1148 2084 1151 2095 ι

134 2113 333 2152 Ecclesiam,
362 2120 398 2145 ut
421 2113 519 2145 simul
544 2119 575 2145 et
595 2112 790 2154 patefecerit
814 2122 909 2150 sese,
941 2118 972 2143 et
996 2117 1121 2142 certain

134 2167 252 2188 vocem
277 2157 412 2188 ediderit
437 2157 478 2188 de
501 2168 563 2188 sua
586 2157 733 2188 essentia
757 2162 789 2187 et
812 2155 1000 2193 voluntate,
1030 2156 1121 2186 iuxta

136 2211 234 2242 quam
257 2210 374 2231 vocem
397 2201 548 2242 agnosci,
571 2200 732 2238 invocari,
756 2206 788 2231 et
813 2199 877 2230 coli
901 2210 939 2230 se
951 2199 1120 2240 praecipit,
1145 2197 1150 2248 ξ

137 2250 168 2275 et
192 2243 256 2274 hac
280 2254 365 2275 voce
385 2244 552 2276 discernat
578 2254 616 2275 se
639 2245 680 2275 ab
705 2244 857 2275 omnibus
882 2243 1120 2274 commenticiis

136 2287 338 2324 numinibus,
360 2297 569 2328 nequaquam
591 2286 668 2318 licet
692 2287 882 2318 hominibus
912 2285 989 2317 ullis
1014 2296 1120 2317 novas
1146 2256 1150 2347 Ι

138 2330 310 2372 opiniones
335 2330 376 2361 de
398 2330 471 2361 Deo
495 2331 652 2373 gignere,
681 2336 717 2361 ut
740 2329 871 2362 Ethnici
896 2336 928 2361 et
953 2329 1121 2361 Haeretici
1148 2350 1151 2365 ,

135 2373 338 2405 horribiliter
378 2372 529 2405 luserunt
569 2374 734 2416 fingendis
775 2374 1006 2415 opinionibuS‚
1053 2372 1122 2404 Sed
1148 2367 1151 2380 ’

136 2427 246 2455 unam,
271 2427 388 2458 puram
407 2423 439 2448 et
461 2418 684 2459 incorruptam
696 2427 814 2449 vocem
836 2428 854 2448 a
874 2416 949 2449 Deo
968 2416 1123 2447 traditam

137 2461 171 2492 in
190 2459 345 2492 Ecclesia
369 2471 485 2492 omnes
510 2471 632 2492 sonare
656 2461 826 2492 debemus.

225 2537 309 2570 Cum
327 2545 437 2570 autem
460 2537 627 2570 Diabolus
651 2540 773 2570 ardens
797 2539 873 2570 odio
892 2537 968 2576 Dei,
991 2543 1028 2568 ut
1050 2547 1124 2568 eum

138 2580 337 2613 contumelia
350 2580 486 2620 afficiat,
505 2591 637 2623 semper
659 2581 835 2624 impulerit,
855 2588 887 2613 et
909 2580 1057 2623 impellat
1080 2579 1126 2612 le-

139 2626 194 2657 via
216 2626 349 2668 ingenia
372 2626 415 2657 ad
438 2626 647 2668 spargendas
677 2624 782 2657 salsas
811 2626 1004 2668 opinioneS,
1037 2630 1070 2656 et
1092 2625 1125 2656 in

1175 1249 1239 1280 hac
1257 1248 1370 1280 ultima
1397 1255 1531 1279 senecta
1557 1248 1666 1279 mundi
1692 1249 1832 1279 maiores
1857 1247 2073 1278 confusiones
2099 1247 2167 1288 opi·

1175 1293 1309 1324 iiionum
1333 1291 1405 1323 sore
1430 1292 1640 1323 metuendum
1659 1293 1712 1329 sit,
1740 1297 1881 1333 iitroque
1900 1291 1998 1322 modo
2017 1301 2167 1332 pugnan-

1177 1338 1252 1367 dum
1277 1342 1338 1373 est,
1364 1335 1517 1367 videlicet
1543 1336 1733 1376 precatione
1758 1343 1787 1366 et
1820 1335 1982 1365 doctrina.
2040 1333 2084 1365 Ut
2108 1335 2166 1376 igi-

1177 1388 1229 1410 tur
1251 1379 1338 1410 filius
1363 1379 1426 1410 Dei
1449 1379 1481 1409 in
1506 1379 1596 1410 aditu
1620 1379 1671 1409 sui
1690 1379 1820 1419 agonis,
1844 1384 2000 1419 tanquam
2013 1378 2167 1408 Summus

1178 1423 1348 1454 Sacerdos
1374 1422 1556 1453 Ecclesiae.
1581 1428 1749 1463 precatur,
1780 1427 1815 1452 ut
1840 1421 2011 1452 doctrinae
2037 1421 2167 1462 puritas

1177 1472 1343 1505 servetur,
1366 1467 1534 1508 inquiens:
1564 1464 1663 1496 Patet*
1682 1464 1855 1496 sanctifica
1880 1475 1939 1496 eos
1962 1465 1995 1495 in
2019 1466 2168 1503 veritate,

1150 1520 1151 1523 ’
1178 1510 1295 1541 Sermo
1320 1516 1396 1540 tuus
1422 1516 1469 1540 cst
1496 1510 1632 1547 veritas,
1659 1509 1706 1539 lta
1731 1519 1791 1539 nos
1815 1508 1859 1539 ad
1873 1507 1971 1539 liuius
1983 1509 2089 1540 nostri
2115 1518 2167 1538 sa·

1178 1554 1325 1585 cerdotis
1361 1553 1587 1594 precationem
1618 1553 1838 1593 adiungamus
1867 1559 2002 1582 nostros
2026 1552 2168 1594 gemitus

1177 1608 1218 1629 ac
1243 1603 1330 1635 vota,
1355 1603 1385 1627 et
1411 1597 1556 1638 quotidie
1580 1602 1743 1637 petamus,
1768 1606 1808 1625 nc
1839 1595 1896 1626 lux
1923 1605 2021 1626 verae
2047 1594 2167 1627 doctri-

1178 1652 1240 1672 nae
1266 1641 1488 1683 extinguatur.

1264 1735 1310 1766 Te
1334 1743 1469 1767 aeterne
1494 1736 1592 1766 Pater
1621 1735 1751 1765 Domini
1781 1735 1886 1765 nostri
1920 1734 1997 1765 lesu
2031 1733 2167 1771 Christi,

221 1810 315 1842 Hanc
350 1808 524 1842 Ecclesiae
555 1808 759 1851 diligentiam
796 1819 870 1839 cuin
905 1808 1023 1838 imitari
1060 1817 1123 1838 nos
1150 1802 1153 1842 ἰ
1177 1780 1232 1840 (μή
1257 1780 1432 1837 ΟΟῙ,ᾶί(1;ῗῐί
1456 1789 1563 1841 ἓθῖωξ
1583 1777 1782 1840 ,hlnnanu-m’.
1815 1784 1850 1829 uf
1874 1778 1951 1829 hide
1982 1778 2039 1809 tibi
2062 1784 2168 1828 aet-er-

1150 1861 1153 1865 *
1176 1834 1252 1854 1111111
1276 1822 1465 1854 Ecclesiam
1486 1822 1645 1865 eolligae-,
1683 1833 1737 1854 cui
1768 1828 1962 1863 sapientiam
1987 1827 2018 1852 et
2041 1822 2168 1852 bonita-

1149 1877 1153 1918 t
1176 1875 1241 1898 teni
1265 1875 1354 1898 tuam
1380 1867 1618 1903 communices,
1643 1876 1714 1904 oro,
1740 1871 1771 1897 ut
1785 1871 1923 1906 propter
1936 1864 2053 1895 Filium
2077 1870 2169 1895 tuum

1149 1923 1152 1954 i
1175 1921 1277 1952 regas
1291 1918 1418 1941 mentes
1434 1911 1623 1941 docentium
1648 1915 1679 1940 et
1693 1910 1903 1946 discentium,
1927 1914 1961 1938 ut
1974 1919 2052 1946 una,
2078 1917 2169 1946 vera,

133 1983 251 2016 lustria
275 1991 305 2015 et
332 1984 426 2014 firma
450 1984 623 2015 addemus.
649 1989 678 2013 et
693 1988 838 2013 veterem
853 1993 891 2012 ac
905 1992 1019 2013 verum
1045 1991 1122 2011 con·
1149 2001 1152 2012 ,
1175 1961 1206 1985 et
1230 1962 1389 1996 perpetua
1415 1954 1580 1985 sententia
1609 1951 1784 1995 Evangelii
1811 1959 1840 1983 el
1866 1962 1968 1983 verae
1992 1950 2169 1982 ECCIeSiae

1149 2026 1152 2037 i

1176 1997 1370 2029 Catholicae
1383 1997 1446 2028 Dei
1470 2003 1623 2029 sei-vetui·
1647 1990 1800 2027 omnibus
1824 1996 2040 2037 tempoiibus,
2065 2001 2098 2026 et
2121 1995 2169 2026 sis

1175 2040 1295 2073 efficax
1325 2052 1409 2073 voce
1434 2039 1608 2082 Evangeli
1634 2041 1696 2078 tui,
1732 2046 1765 2071 ut
1791 2038 1883 2070 multi
1907 2039 1949 2070 ad
1972 2045 2004 2070 te
2029 2048 2169 2070 conver-

1173 2091 1297 2123 tantur,
1332 2091 1365 2116 et
1399 2091 1432 2116 te
1467 2095 1546 2115 vera
1570 2084 1782 2115 invocatione
1810 2082 2005 2121 celebrent,
2034 2087 2066 2113 et
2090 2082 2170 2113 fiant

1172 2128 1336 2161 haeredes
1361 2134 1518 2160 aeternae
1542 2126 1669 2159 salutis·

1263 2232 1461 2274 Priusquam
1484 2239 1594 2263 autem
1618 2231 1864 2262 enarrationem
1888 2230 2026 2271 incipio,
2062 2239 2168 2260 meam

1170 2274 1423 2308 'consessionem
1446 2277 1604 2314 recitabo.
1651 2274 1802 2306 Adfirmo
1828 2284 1942 2305 coram
1961 2272 2036 2304 Deo
2061 2279 2093 2304 et
2105 2271 2170 2303 Ec·

1176 2320 1291 2358 clesia,
1316 2330 1368 2350 ine
1393 2319 1544 2361 Symboli
1563 2317 1749 2360 Apostolici
1771 2323 1802 2349 et
1825 2316 1924 2348 huius
1949 2314 2170 2358 SyniboliNi-

1177 2365 1250 2395 ceni
1273 2361 1445 2394 Articulos
1471 2373 1587 2394 omnes
1611 2361 1754 2393 fideliter
1774 2359 1941 2402 amplecti,
1965 2366 1997 2390 et
2011 2361 2053 2391 ab
2068 2359 2170 2391 omni·

1176 2408 1240 2439 bus
1275 2407 1486 2448 opinionibus
1521 2406 1747 2448 pugnantibus
1792 2414 1866 2435 011111
1899 2403 1964 2434 hoc
1999 2412 2171 2434 consensu

1175 2449 1353 2482 Ecclesiae
1389 2456 1457 2481 toto
1491 2456 1632 2491 pectore
1665 2449 1868 2485 abhorrere,
1901 2453 1934 2478 et
1958 2447 1991 2478 in
2015 2446 2080 2478 hac
2105 2445 2172 2476 fide

1176 2494 1285 2526 Deum
1308 2494 1478 2525 invocare.
1535 2493 1591 2524 Sic
1623 2503 1698 2524 cuni
1723 2498 1755 2522 et
1773 2501 1837 2532 ego
1862 2497 1893 2522 et
1917 2488 1971 2521 alii
1994 2490 2026 2521 in
2051 2487 2171 2520 Eccle-

1178 2539 1230 2569 sia
1252 2543 1371 2568 nostra
1393 2537 1548 2575 sentiant,
1572 2534 1782 2567 manifestum
1806 2540 1874 2572 est,
1897 2534 1995 2565 nobis
2020 2532 2170 2564 falsissi-

1177 2592 1231 2612 me
1249 2582 1368 2619 obiici,
1399 2580 1489 2623 quod
1511 2581 1554 2611 ab
1578 2577 1733 2611 Ecclesia
1764 2576 1939 2609 Catholica
1961 2576 2105 2609 seiuncti
2128 2576 2171 2607 si-

1178 2635 1265 2656 mus.
1459 2625 1466 2635 “

1961 2680 2016 2706 13·
