2383 2990
117 126 181 158 507
749 124 863 156 PfflL.
885 123 990 156 MEL.
1013 123 1201 156 SCRIPTA
1219 122 1497 155 DOGMATioA.
1518 130 1521 133 ⁴
2071 122 2135 155 508

119 219 317 258 Ecclesiam,
353 220 440 261 quod
476 218 629 251 videlicet
655 224 792 260 propter
814 218 901 250 hanc
924 228 1102 259 personam

119 263 327 304 recipiamur,
363 269 392 294 et
423 264 511 304 quod
537 273 598 303 per
621 273 691 293 eam
716 262 901 293 immediate
926 261 1102 303 colligatur

118 306 283 344 Ecclesia,
319 312 349 337 81
386 307 474 347 quod
497 306 582 337 haec
605 316 750 346 persona
775 306 958 336 immediate
983 306 1024 336 sit
1048 315 1102 336 cu-

119 357 190 381 stos
215 356 245 381 et
270 354 367 390 caput
381 348 565 387 Ecclesiae,
591 349 678 390 quod
692 359 824 390 semper
847 348 876 379 ei
899 349 1006 386 adest,
1031 358 1101 379 eam

119 398 230 424 servat
253 398 285 423 et
309 398 428 434 gestat.

204 477 356 509 Micheae
378 477 409 507 5.
447 476 671 520 Egi-essiones
691 477 761 508 eius
785 483 862 508 ante
885 478 956 508 dies
980 478 1101 508 mundi.

119 521 191 553 Hoc
226 521 446 552 testimonium
477 521 540 551 etsi
576 521 677 551 breve
713 526 774 558 851,
815 527 922 551 tamen
958 519 1103 551 affirmat

118 565 277 596 Messiam
301 563 405 594 fuisse
425 570 501 594 ante
526 565 727 595 creationem
751 564 872 594 mundi.
918 563 977 594 Est
1001 564 1102 606 igitur

119 614 271 639 aeternus
296 613 327 637 et
361 606 467 638 Deus.
515 606 626 642 Quare
661 613 693 637 et
726 612 848 637 norunt
882 617 955 637 811111
989 613 1102 647 patres

119 652 160 682 ab
190 651 294 685 initio,
329 656 361 681 et
395 651 517 680 adesse
552 661 624 680 eum
648 648 823 681 Ecclesiae
854 650 1034 688 sciverunt,
1071 655 1103 680 et

120 705 192 725 eum
212 695 463 731 invocaverunt,
488 698 523 724 ut
546 698 684 734 apparet
719 694 752 724 in
786 693 978 733 precatione
1001 693 1101 723 Iacob

119 748 220 780 supra
244 737 392 768 recitata.

206 821 327 854 Psalm.
340 822 391 852 45
437 821 478 852 Et
503 822 718 862 concupiscet
740 832 798 853 rex
824 822 977 852 decorem
999 826 1101 858 tuum,

120 868 194 909 quia
218 867 290 907 ipse
315 871 366 896 est
389 864 483 896 Deus
507 871 595 902 tuus,
621 871 652 895 et
676 866 832 896 adorabis
857 875 940 895 eum.
985 863 1046 894 Hic
1071 868 1103 894 et

119 910 271 942 adoratio
296 914 327 940 et
350 909 536 949 proprietas
555 909 711 949 competit
726 914 862 939 naturae
877 906 1101 948 omnipotenti.

118 953 160 985 Et
197 953 304 984 dulcis
336 950 523 983 consolatio
557 957 626 988 est,
662 962 734 981 cum
770 949 941 981 Ecclesiae
972 950 1101 990 species

120 1002 255 1038 propter
278 995 511 1031 infirmitatem,
541 1004 689 1031 crucem,
715 1000 747 1024 et
770 992 929 1024 scandala
953 994 1103 1023 videatur

121 1039 278 1071 deformis
309 1048 400 1069 esse:
436 1044 544 1067 tamen
574 1036 694 1067 Psalm.
719 1037 839 1078 inquit,
874 1036 969 1067 Hunc
989 1045 1101 1076 regem

120 1082 277 1114 delectari
300 1079 545 1122 pulchritudine
567 1079 749 1110 Ecclesiae.
795 1080 866 1110 Rex
887 1080 1101 1119 concupiscet

121 1127 272 1158 decorem
299 1131 397 1155 tuum.
432 1123 489 1153 Est
512 1124 595 1153 enim
619 1122 758 1164 pulchra
783 1134 893 1154 coram
914 1123 1001 1163 ipso,
1025 1122 1101 1162 quia

119 1180 184 1201 non
209 1176 257 1199 est
282 1165 508 1202 Idololatriea,
532 1167 590 1197 sed
616 1167 733 1197 retinet
747 1165 977 1207 Evangelium,
1001 1175 1103 1206 agno-

121 1213 181 1243 scit
218 1218 249 1242 et
272 1212 403 1241 invocat
431 1219 545 1240 verum
584 1209 691 1240 Deum
727 1210 797 1240 sine
829 1208 1038 1244 Idololatria,
1071 1213 1103 1238 et

121 1256 195 1286 huic
208 1265 288 1286 vero
302 1254 376 1284 Deo
395 1253 597 1292 desponsata
616 1260 666 1283 est
687 1252 761 1290 fide,
786 1259 816 1283 et
836 1259 886 1283 est
906 1250 1104 1283 domicilium

122 1306 152 1330 et
169 1296 325 1339 templum
337 1296 411 1327 Dei.
447 1295 530 1326 Cum
554 1297 653 1337 igitur
676 1296 708 1326 in
733 1307 772 1326 ea
796 1297 838 1326 sit
860 1295 928 1333 lux,
952 1293 1105 1326 videlicet

122 1352 221 1373 verus
240 1340 333 1372 Deus
350 1346 379 1370 et
397 1339 521 1381 agnitio
546 1340 613 1370 veri
628 1338 703 1377 Dei,
728 1346 777 1370 est
802 1338 955 1380 pulchra,
980 1338 1105 1369 etiamsi

122 1387 152 1416 in
175 1385 239 1416 hac
262 1382 393 1414 mortali
417 1388 534 1413 natura
556 1383 664 1413 adhuc
689 1388 765 1413 sunt
795 1381 953 1423 reliquiae
976 1381 1105 1423 peccati

123 1435 155 1460 et
176 1425 368 1467 multiplicia
392 1424 531 1456 vulnera
562 1432 593 1456 et
618 1424 776 1456 scandala
800 1425 990 1456 Ecclesiam
1017 1423 1105 1456 laee-

122 1477 206 1503 rant.
253 1470 347 1501 Hanc
379 1467 641 1500 consolationem
666 1468 866 1499 deformitati
890 1474 1025 1498 nostrae
1049 1478 1105 1507 op-

122 1524 301 1556 ponamus,
333 1518 365 1543 et
392 1511 554 1542 laetemur
580 1522 642 1542 1105
672 1522 748 1542 esse
776 1512 807 1542 in
839 1522 917 1542 vera
940 1510 1105 1548 Ecclesia,

123 1568 208 1599 quae
232 1567 345 1588 coram
367 1554 441 1586 Dco
465 1553 605 1596 pulchra
629 1560 697 1593 est,
729 1565 795 1585 non
819 1561 871 1585 est.
895 1553 1105 1585 ldololatrica

123 1608 157 1632 ut
203 1601 335 1641 agmina
376 1597 701 1636 Mahometistarum,
749 1597 971 1638 l'apistarum,
1016 1597 1106 1628 Ana-

125 1645 354 1685 haptistarum,
380 1647 409 1671 et
433 1640 610 1672 multorum
634 1640 864 1671 fanaticorum.

211 1728 334 1759 Psalm.
349 1727 400 1758 72.
433 1728 510 1759 dicit
531 1726 690 1758 Messian]
715 1727 949 1767 sempiternum
973 1736 1051 1757 esse
1076 1732 1106 1756 et

125 1783 256 1814 semper
279 1771 494 1802 adorandum.
540 1770 613 1801 Fuit
640 1780 758 1800 nomen
784 1771 853 1800 eius
877 1779 1008 1810 semper
1030 1775 1107 1800 ante

126 1816 242 1853 solem,
269 1821 299 1845 et
325 1814 561 1845 benedicentur
583 1815 614 1844 in
640 1824 679 1844 eo
704 1823 819 1844 omnes
844 1819 973 1852 gentes.
1019 1814 1106 1850 item,

127 1903 324 1934 Adorabunt
350 1911 422 1931 eum
448 1911 562 1931 omnes
586 1899 709 1940 Rege-⁷.
756 1899 815 1930 Hic
841 1898 996 1930 Psaimus
1020 1898 1108 1929 affir-

127 1944 363 1977 matblessiam
386 1950 554 1974 aeteruum
587 1953 662 1973 esse
692 1943 767 1973 item
793 1943 995 1974 adorandum
1021 1952 1107 1972 esse.

128 1989 200 2020 Hae.
223 1994 296 2019 sunt
320 1987 538 2028 proprietates
562 1986 645 2023 Dei,
676 1992 708 2017 et
730 1984 923 2027 intelligitur
947 1986 1109 2022 adoratio,

128 2042 194 2063 11011
219 2032 260 2061 de
284 2037 419 2062 externo
445 2036 541 2071 gestu
566 2030 717 2070 corporis
742 2034 876 2062 tantum,
902 2030 956 2070 qui
977 2028 1110 2059 exhibe·
1133 2058 1135 2069 Ι

129 2083 180 2106 1111
199 2074 366 2115 praesenti
389 2075 459 2115 regi
483 2083 574 2104 more
596 2071 743 2113 politic0,
768 2073 828 2103 scd
852 2073 892 2102 de
917 2072 1135 2102 adoratione·

130 2124 268 2149 naturae
293 2127 389 2158 quam
414 2128 480 2147 non
507 2117 672 2147 cernimus
697 2114 803 2147 oculis
825 2113 1067 2155 corporalibus,
1091 2125 1109 2145 a

130 2172 194 2203 qua
207 2161 351 2202 petimus
366 2162 463 2198 bona,
487 2170 571 2201 quae
593 2169 659 2190 non
682 2164 824 2200 possunt
847 2159 915 2189 dari
940 2169 960 2189 a
983 2164 1110 2189 creatu-

128 2205 185 2242 ris,
209 2214 306 2245 quam
330 2202 526 2234 confitemur
550 2203 629 2233 dare
653 2203 763 2239 vitam,
788 2202 942 2232 iustitiam
966 2207 998 2232 et
1022 2200 1110 2231 salu-

129 2254 203 2278 tem.
249 2246 290 2277 Et
313 2246 345 2277 in
369 2245 433 2277 hoc
456 2247 529 2287 ipso
548 2245 683 2276 Psalmo
707 2245 757 2275 sic
779 2243 970 2276 declaratur
993 2244 1110 2275 adora-

129 2291 184 2328 tio,
205 2290 282 2331 quia
306 2289 447 2321 affirmat
470 2291 557 2320 1111118
580 2288 706 2330 Regem
730 2289 875 2319 tribuere
899 2288 1001 2325 bona,
1025 2297 1110 2329 quae

131 2340 302 2365 creaturae
325 2333 404 2363 (1318
427 2343 494 2363 11011
517 2338 669 2373 possunt.
704 2331 827 2372 Eripiet
845 2341 1034 2372 pauperem,
1059 2331 1110 2361 cui

129 2387 195 2407 non
220 2382 270 2407 est
294 2376 441 2413 adiutor,
467 2376 544 2406 dicit
568 2374 666 2406 talem
690 2385 765 2405 esse
789 2372 1035 2415 opitulatorem,
1056 2373 1110 2414 qui

132 2420 282 2450 desertos
306 2419 348 2450 ab
373 2419 524 2449 omnibus
549 2418 710 2450 creaturis
734 2425 859 2456 servat,
883 2423 917 2448 ut
937 2422 1112 2449 servantur

131 2461 238 2493 Adam
262 2468 294 2493 et
316 2461 388 2494 Eva
411 2462 534 2493 deserti
552 2463 593 2493 ab
614 2462 765 2493 omnibus
789 2461 960 2492 creaturis.

1584 216 1705 248 XXVI.

1228 289 1451 344 Responsio
1484 289 1538 329 ad
1570 289 1771 342 quaedam
1804 296 2054 344 argument-a.

1241 381 1422 423 Postquam
1447 386 1556 411 autem
1586 381 1684 412 certis
1716 386 1748 412 et
1776 379 1960 412 illustribus
1991 382 2135 413 testimo-

1155 425 1216 455 niis
1241 435 1322 456 vera
1350 424 1501 455 doctrina
1537 424 1577 454 de
1601 423 1734 454 Christo
1770 424 1963 455 confirmata
1987 431 2054 463 est,
2089 431 2135 456 te-

1128 477 1131 488 ¹
1154 468 1284 499 nendae
1315 473 1392 498 sunt
1423 468 1519 497 etiam
1548 467 1746 507 perspicuae
1769 468 2006 508 responsiones
2030 468 2071 498 ad
2096 479 2136 500 83

1155 521 1240 552 quae
1264 517 1381 541 contra
1393 511 1567 541 veritatem
1587 516 1812 551 opponuntur:
1835 511 1888 541 Ac
1907 511 2044 541 maxime
2062 521 2136 552 spe-

1157 556 1248 585 ciosa
1272 553 1414 584 obiectio
1438 558 1504 584 est:

1215 635 1371 674 Natura
1410 633 1547 673 divina
1584 648 1666 673 non
1705 634 1885 690 patitur,-
1920 649 2002 674 11011
2046 649 2135 674 1110-

1275 694 1386 743 ritur,

1219 753 1402 794 Christus
1435 760 1496 793 est
1528 760 1721 805 mortuus,

1215 814 1323 868 Ergo
1356 829 1438 854 non
1471 820 1532 854 est
1563 814 1686 854 Deus.

1242 905 1429 946 Responsio
1453 905 1495 935 ad
1519 906 1677 936 minorem
1701 915 1781 936 vera
1805 911 1835 936 et
1861 907 2052 937 necessaria
2075 914 2135 939 est.

1156 947 1308 979 Christus
1332 955 1482 978 ruci-tuus
1507 956 1555 978 est
1580 949 1762 979 secundum
1785 956 1935 980 naturam
1948 949 2136 989 humanam,

1155 992 1240 1022 sicut
1264 991 1382 1021 Petrus
1412 991 1531 1031 inquit,
1566 990 1733 1022 Christum
1757 1003 1890 1032 passum
1916 1003 1993 1023 esse
2024 1004 2134 1032 carne,

1156 1042 1185 1065 et
1210 1037 1365 1065 li'cnaeus
1388 1034 1440 1074 pie
1464 1041 1494 1064 et
1520 1034 1646 1064 erudite
1670 1035 1746 1065 dicit
1768 1046 1844 1076 pag.
1872 1035 1942 1067 185.
1967 1036 2137 1068 Christum

1156 1078 1348 1108 crucifixum
1373 1084 1401 1107 et
1423 1083 1583 1108 mortuum
1608 1087 1685 1108 esse
1708 1079 1937 1119 requiescente
1961 1080 2077 1117 verbo,
2101 1086 2138 1110 ut

1156 1120 1303 1161 cruciligi
1329 1126 1358 1150 et
1390 1120 1473 1150 mori
1496 1126 1622 1161 posset,
1646 1121 1679 1151 id
1703 1127 1772 1159 est,
1797 1127 1915 1152 natura
1939 1122 2046 1153 divina
2070 1133 2138 1153 11011

1156 1170 1206 1195 est
1231 1164 1359 1205 quidem
1384 1162 1529 1194 lacerata
1554 1170 1610 1194 aut
1633 1170 1773 1202 mortua,
1797 1165 1856 1195 sed
1880 1166 2013 1205 quievit,
2037 1167 2138 1196 cessit

1156 1209 1224 1238 irae
1248 1207 1373 1237 aeterni
1398 1206 1504 1236 Patris
1530 1207 1692 1238 adversus
1721 1214 1893 1248 peccatum
1925 1209 2057 1249 generis
2080 1207 2138 1239 hu-

1156 1252 1261 1288 mani,
1293 1261 1358 1281 non
1384 1255 1433 1280 est
1462 1260 1524 1280 usa
1549 1260 1610 1280 sua
1634 1251 1798 1289 potentia,
1817 1261 1883 1281 non
1908 1252 2036 1282 exeruit
2058 1261 2138 1282 suas

1156 1295 1261 1331 xii-cs,
1294 1299 1323 1324 et
1356 1292 1458 1324 voluit
1494 1292 1580 1324 hanc
1610 1294 1831 1325 obedientiam
1859 1299 1889 1324 et
1913 1293 2139 1333 humilitatem,

1157 1348 1221 1378 qua
1246 1337 1374 1377 quidem
1399 1336 1556 1366 maiorem
1580 1335 1794 1367 humilitatem
1819 1338 1959 1367 ostendit
1985 1348 2064 1378 erga
2086 1348 2139 1368 ae-

1158 1387 1285 1411 ternnm
1318 1378 1466 1415 Patrem,
1501 1389 1599 1419 quani
1630 1377 1697 1410 ulla
1731 1378 1794 1410 alia
1826 1386 1988 1410 creatura.
2035 1380 2137 1411 lluius

1158 1421 1331 1454 solutionis
1362 1422 1416 1452 liic
1441 1420 1516 1452 fons
1541 1427 1608 1459 est,
1642 1433 1715 1453 cum
1740 1423 1770 1452 in
1796 1422 1929 1454 Christo
1955 1423 2020 1453 sint
2052 1423 2139 1454 duae

1158 1473 1313 1503 naturae,
1348 1465 1507 1506 quaedam
1538 1465 1671 1505 propria
1695 1466 1750 1496 uni
1784 1472 1921 1496 naturae
1951 1477 2017 1497 non
2040 1467 2140 1506 impe-

1159 1510 1260 1546 diunt,
1287 1519 1350 1550 quo
1366 1509 1472 1538 minus
1487 1514 1519 1538 et
1539 1506 1644 1538 altera
1662 1514 1781 1539 natura
1800 1509 1897 1546 adsit,
1921 1515 1956 1540 ut
1974 1510 2140 1550 proprium

1159 1558 1209 1583 est
1225 1553 1387 1583 humanae
1406 1558 1555 1589 naturae,
1575 1549 1685 1589 edere,
1705 1552 1858 1589 dormire,
1879 1553 2014 1590 esurire,
2037 1552 2140 1583 sitire.

1158 1595 1248 1626 Haec
1272 1606 1337 1625 non
1362 1595 1552 1634 impediunt,
1578 1595 1764 1635 quominus
1784 1595 1868 1626 adsit
1886 1595 2139 1634 dirinanatura,

1159 1639 1235 1680 quia
1259 1645 1395 1668 naturae
1425 1638 1565 1668 retinent
1595 1647 1674 1668 suas
1705 1639 1941 1678 proprietates:
1971 1639 2026 1669 stc
2054 1637 2141 1669 lace-

1159 1682 1225 1712 rari
1244 1682 1401 1718 membra,
1425 1681 1504 1721 pati,
1529 1681 1623 1718 mori,
1647 1682 1780 1721 propria
1801 1687 1879 1711 sunt
1902 1680 2064 1712 hnmanae
2084 1691 2140 1711 na-

1159 1731 1264 1762 turae,
1288 1735 1349 1754 nec
1373 1724 1562 1764 impediunt,
1588 1725 1773 1765 quominus
1788 1725 1873 1754 adsit
1889 1725 1999 1755 divina
2011 1730 2140 1761 natura,

1160 1768 1242 1798 sicut
1267 1777 1428 1807 expresse
1453 1767 1574 1797 dictum
1599 1773 1663 1798 cst:
1699 1766 1772 1807 Ego
1802 1767 1910 1797 habeo
1943 1772 2141 1808 potestatem

844 1847 857 1855 ξ
1132 1818 1134 1852 ᾗ
1160 1821 1285 1852 ponere
1308 1811 1448 1840 animani
1472 1817 1502 1840 et
1527 1820 1643 1840 rursus
1668 1820 1739 1840 ean]
1763 1820 1910 1841 sumere:
1934 1810 2017 1841 Nan]
2042 1810 2140 1841 etsie

126 1860 301 1891 'l'imebunt
331 1868 423 1895 811111,
459 1858 565 1888 donec
596 1862 690 1887 erunt
715 1856 774 1887 Sol
805 1862 835 1887 et
866 1856 969 1887 Luna.
1014 1855 1106 1892 Item,
1132 1855 1134 1863 ¹

1161 1854 1318 1884 assumsit
1342 1854 1514 1884 humanam
1540 1860 1702 1891 naturam,
1726 1860 1758 1884 81,
1781 1854 1830 1884 518
1854 1855 1956 1884 induit
1976 1853 2141 1884 infirmita-

1161 1903 1241 1935 tem,
1281 1904 1314 1927 ut
1350 1908 1414 1927 non
1440 1903 1584 1927 maneret
1613 1898 1643 1927 in
1674 1902 1791 1927 morte.
1839 1897 1933 1927 Hanc
1963 1906 2141 1937 personam

1161 1939 1263 1971 voluit
1286 1947 1441 1970 aeternus
1466 1940 1566 1970 Pater
1585 1950 1661 1970 esse
1685 1940 1867 1977 victimam,
1893 1946 1923 1971 et
1948 1940 2141 1981 quiescente

1162 1984 1265 2014 verbo
1300 1984 1399 2018 mori,
1434 1984 1616 2013 secundum
1641 1994 1712 2013 eam
1741 1988 1909 2021 naturam,
1946 1993 2032 2024 quae
2059 1982 2142 2012 mori

1162 2035 1300 2067 poterat.
1333 2027 1398 2057 Sed
1413 2025 1516 2057 voluit
1539 2036 1611 2057 cuin
1634 2036 1697 2056 non
1715 2035 1848 2056 manere
1866 2026 1898 2056 iu
1918 2032 2032 2056 morte.
2062 2025 2141 2056 ideo

1161 2070 1265 2111 inquit
1288 2069 1492 2100 Athanasius
1517 2080 1594 2111 pag.
1614 2069 1665 2099 ⁸28.
1691 2068 1821 2109 Corpus
1845 2071 2021 2106 assumsit,
2052 2068 2142 2109 quod

1162 2114 1242 2144 mori
1267 2119 1398 2154 posset,
1428 2113 1504 2154 quia
1529 2118 1633 2143 morte
1656 2111 1823 2152 placanda
1845 2118 1916 2143 crat
1939 2113 1987 2143 ira
2017 2111 2142 2142 aeterni

1163 2156 1280 2187 Patris.
1328 2156 1463 2186 Manere
1497 2162 1606 2186 autem
1641 2156 1671 2185 111
1706 2160 1814 2185 morte
1847 2154 1907 2185 fuit
1937 2152 2142 2196 impossibile

1163 2206 1299 2240 propter
1320 2200 1442 2235 unitam
1477 2204 1627 2229 naturam
1652 2199 1812 2235 divinam,
1847 2208 1931 2239 quae
1961 2198 2043 2229 mori
2077 2207 2142 2228 non

1163 2248 1302 2284 poterat.
1369 2239 1560 2273 Teneantur
1601 2248 1710 2272 autem
1750 2241 1816 2273 hoc
1857 2240 1933 2272 loco
1972 2241 2058 2271 modi
2093 2239 2142 2270 lo-

1163 2286 1282 2327 quendi
1318 2286 1349 2316 in
1379 2283 1548 2322 Ecclesia,
1584 2286 1671 2315 bono
1700 2284 1821 2315 iudicio
1852 2284 2005 2324 distincti.
2051 2283 2143 2314 Haec

1162 2329 1346 2370 propositio
1370 2339 1435 2359 11011
1461 2336 1511 2358 cst
1536 2335 1671 2368 recepta
1700 2329 1730 2358 in
1756 2326 1925 2365 Ecclesia,
1947 2327 2073 2358 Natura
2096 2327 2143 2357 di-

1163 2373 1239 2403 vina
1262 2372 1417 2409 moritur,
1452 2371 1536 2406 Quia
1565 2373 1596 2402 in
1621 2372 1792 2402 abstracto
1822 2377 1939 2401 natura
1962 2370 2143 2401 secundum

1164 2426 1201 2446 se
1225 2416 1471 2451 consideratur,
1499 2425 1563 2446 non
1588 2413 1877 2456 comprehenditur
1899 2423 2055 2455 persona.
2101 2411 2144 2443 Et

1165 2464 1313 2490 vetustas
1348 2464 1413 2489 tam
1448 2468 1566 2488 severe
1596 2457 1775 2489 custodivit
1809 2456 1896 2488 hunc
1929 2456 2061 2487 modum
2095 2454 2143 2486 lo-

1165 2502 1303 2543 quendi,
1337 2507 1371 2532 ut
1399 2501 1569 2532 decretum
1600 2506 1689 2532 extet
1717 2501 1803 2531 inter
1827 2506 1977 2532 caeteras
2002 2499 2142 2540 optimas

1164 2545 1357 2582 sententias,
1381 2544 1412 2574 in
1435 2542 1519 2574 libro
1532 2544 1563 2575 9.
1597 2543 1796 2585 Tripartitae
1820 2543 1988 2574 historiae:
2013 2542 2049 2573 Si
2069 2541 2143 2582 quis

1165 2588 1258 2626 dicit,
1293 2587 1380 2629 quod
1404 2587 1435 2618 in
1459 2587 1616 2628 passione
1641 2587 1750 2618 crucis
1774 2585 1921 2617 dolorem
1952 2584 2143 2616 sustinuerit
