2383 2990
174 130 240 162 499
812 120 923 157 PHIL.
947 125 1050 157 MEL.
1069 125 1257 158 SCRIPTA
1276 125 1556 157 DOGMATICA.
2127 128 2193 160 500

175 226 301 255 viarum
320 233 454 254 suarum
472 228 534 253 etrc.
558 221 637 253 Inde
649 221 764 252 Ariani
781 221 1028 252 contendebant
1040 219 1156 252 Filium
1517 237 1521 238 ν
1665 220 1740 251 XV.

174 277 253 298 esse
275 267 401 305 πλάσμα
424 268 454 296 ἐκ
475 265 516 304 μή
540 264 649 303 ὄντων,
683 264 715 295 id
739 270 806 301 est,
841 274 911 294 rem
941 271 1084 295 creatam
1116 273 1156 294 ex

175 309 286 342 nihilo.
332 309 399 340 Sed
421 309 453 339 in
474 308 626 339 Hebraeo
650 312 741 338 textu
763 306 860 338 aliter
881 305 1020 348 legitur:
1043 306 1156 338 Domi·
1296 305 1440 347 Spiritus
1464 312 1602 339 sanctus
1627 312 1678 337 est
1711 306 1808 337 tertia
1830 317 1976 347 persona
1999 308 2191 347 divinitatis,

175 365 237 385 nus
260 353 409 395 possedit
433 361 484 382 me
503 352 592 382 initio
615 351 742 382 viarum
767 360 912 388 suarum,
935 350 966 381 id
991 356 1054 388 est,
1078 360 1156 391 ope·
1208 350 1397 391 procedens
1431 359 1451 380 a
1485 348 1585 380 Patre
1619 355 1650 380 et
1684 349 1779 387 Filio,
1814 356 1845 380 et
1880 357 1932 381 est
1962 350 2192 383 substantialis

175 408 258 434 rum,
283 394 507 426 consiliorum.
553 393 625 424 Etsi
648 400 757 424 autem
772 393 880 424 ludaei
905 392 1020 424 nolunt
1042 392 1095 424 hic
1110 394 1156 423 in-
1209 403 1314 430 amor,
1338 397 1370 422 et
1392 390 1515 423 laetitia
1538 399 1718 423 coaeterna
1744 393 1829 423 inter
1852 392 1984 424 Patrem
2007 400 2040 425 et
2062 393 2192 434 Filium,

175 439 324 480 telligere
356 438 560 478 sapientiam,
595 446 679 477 quae
713 437 755 466 sit
777 446 922 477 persona
945 447 1006 467 seu
1028 436 1155 477 ὑφιστα-
1210 442 1243 466 et
1266 436 1361 466 nobis
1386 436 1435 466 sic
1459 434 1670 466 manifestata
1693 441 1755 473 est,
1780 436 1870 476 quod
1892 437 2038 468 mittatur
2060 438 2093 468 in
2118 448 2190 469 cor·

175 487 261 522 pii-77:
302 488 409 512 tamen
434 481 508 511 dico
533 487 623 511 recte
646 477 783 520 intelligi
806 478 860 510 illa
886 480 971 510 dicta
997 480 1037 510 de
1062 478 1155 516 Filio,
1210 479 1251 509 da
1276 479 1490 516 credentium,
1513 485 1549 509 ut
1568 478 1653 509 tales
1676 485 1797 516 motus,
1820 489 1967 510 amorem
1991 485 2023 510 et
2033 478 2192 512 laetitiam

175 526 260 556 sicut
283 531 399 566 postea
422 523 542 564 inquit:
565 522 622 554 Fui
643 533 717 554 cum
740 532 779 553 eo
803 521 934 560 artifex,
958 527 990 553 ct
1012 521 1156 553 delecta·
1210 522 1481 563 acquiescentem
1512 521 1544 552 in
1568 521 1642 552 Deo
1668 522 1699 551 in
1724 523 1770 552 eis
1793 522 1974 559 accendat,
2009 522 2116 564 qualis
2140 529 2194 555 est

175 569 282 599 tiones
307 567 530 608 quotidianae,
553 564 671 596 ludens
696 576 809 597 coram
832 576 872 596 eo
897 566 1154 606 omnitempore,
1210 565 1292 604 ipse,
1317 565 1405 595 sicut
1427 564 1458 594 2.
1483 564 1524 595 ad
1547 564 1688 595 Timoth.
1715 564 1742 595 1.
1768 575 1929 605 expresse
1941 567 2099 607 scriptum
2123 560 2192 598 est:

174 610 292 642 ludens
327 611 358 640 in
383 611 464 640 orbe
494 616 613 646 terrae,
648 615 681 639 et,
705 607 942 640 delectationes
965 618 1059 639 meae
1083 618 1156 638 cum
1210 607 1284 638 Non
1308 607 1396 638 dedit
1420 607 1515 638 nobis
1541 607 1697 648 Spiritum
1730 608 1922 646 timiditatis,
1955 609 2015 639 sed
2048 610 2192 648 roboris,

174 653 250 685 filiis
273 653 455 684 hominum:
479 652 575 683 Nunc
595 662 675 693 ergo
699 650 756 682 filii
780 652 889 682 audite
912 661 980 687 me,
1015 657 1046 681 et
1069 650 1156 681 beati
1209 649 1394 681 (illectionis
1417 649 1493 688 Dei,
1517 656 1549 681 et
1572 651 1830 682 castificationis.

176 698 230 739 qui
264 697 336 727 vias
370 705 461 726 meas
486 696 682 726 custodiunt.
729 695 821 726 Sicut
845 695 1008 725 Iohannes
1032 694 1153 735 inquit:

176 741 295 771 Omnia
329 749 388 780 per
422 740 528 780 ipsum
558 737 649 769 facta
682 744 768 769 sunt.
815 737 862 769 Ita
885 744 917 769 et
940 737 993 767 hic
1016 737 1154 767 dicitur:

177 784 235 815 Fui
260 793 333 814 cum
358 792 397 812 eo
421 781 550 813 artifex.
596 781 638 812 Et
661 782 747 812 sicut
765 781 882 822 inquit:
907 779 1007 811 Filius
1026 781 1080 821 qui
1104 784 1155 809 est

176 828 209 858 in
243 827 317 857 sinu
341 825 449 856 Patris
478 825 549 866 ipse
573 825 739 855 enarravit
762 825 869 855 nobis
916 823 1014 860 Item,
1049 822 1155 853 Nemo

175 870 266 901 novit
291 868 421 900 Patrem
449 869 511 899 nisi
535 867 656 905 filius,
693 874 723 898 et
749 868 800 897 cui
824 865 911 897 volet
936 865 1040 896 Filius
1063 875 1156 895 reve-

156 912 260 953 Vlare:
280 911 327 943 Ita
349 911 403 942 hic
427 912 562 948 dicitur,
595 909 844 941 Delectationes
867 919 960 940 meae
984 919 1057 940 eum
1081 907 1156 938 filiis

177 956 355 987 hominum.
400 954 489 985 Dicit
513 964 550 984 se
580 954 621 984 ad
644 954 809 984 hominem
831 953 922 990 mitti,
946 959 981 984 ut
1005 951 1157 992 Evange-

177 998 254 1030 lium
277 996 467 1039 patefaciat.
501 997 562 1028 Hic
586 996 687 1027 Filius
719 1003 769 1026 est
794 1006 950 1037 persona,
977 1005 1035 1035 per
1059 1004 1157 1035 quam

177 1042 362 1073 immediate
385 1039 551 1081 profertur
573 1040 767 1079 promissio,
803 1046 835 1069 et
865 1049 949 1079 quae
975 1038 1157 1068 immediate

177 1086 219 1116 ad
254 1083 437 1125 Prophetas
471 1082 632 1124 loquitur,
667 1088 698 1113 et
732 1092 816 1123 quae
850 1083 943 1112 adest
974 1081 1158 1112 immediate

177 1129 280 1159 verbo
305 1125 423 1164 vocali,
447 1133 477 1157 et
501 1137 560 1166 per
582 1124 664 1156 illud
688 1132 738 1155 est
764 1123 894 1156 efficax.
939 1123 1065 1165 Estque
1089 1122 1158 1153 dul-

178 1171 309 1202 cissime
336 1171 468 1207 dictum,
491 1169 581 1210 quod
603 1169 723 1210 inquit:
747 1167 792 1198 Se
806 1166 961 1198 delectari
981 1172 1158 1198 consuetu-

177 1215 252 1245 dine
286 1212 471 1250 hominum,
506 1213 641 1242 mittitur
665 1209 793 1249 volens,
824 1217 855 1241 et
880 1211 1020 1242 laetatur
1043 1216 1159 1240 nostra

177 1256 298 1294 salute,
321 1257 407 1287 sicut
429 1255 512 1286 Luc.
539 1255 589 1285 10.
612 1255 734 1295 inquit:
757 1254 915 1285 Laetatus
939 1259 989 1284 est
1014 1254 1044 1284 in
1059 1253 1159 1294 Spiri-

177 1308 212 1332 tu
235 1310 266 1331 et
289 1300 357 1342 agit
380 1300 505 1340 gratias
528 1304 663 1329 aeterno
689 1296 789 1335 Patri,
813 1298 900 1338 quod
914 1296 1005 1328 multi
1019 1306 1158 1327 conver-

176 1349 298 1375 tuntur.
343 1342 383 1373 Et
408 1343 449 1373 de
472 1340 624 1372 Ecclesia
649 1341 767 1372 {licitur
791 1339 925 1371 Psalmo
952 1339 1001 1370 16.
1044 1339 1158 1370 Omnis

176 1386 334 1418 voluntas
358 1396 431 1416 mea
453 1386 485 1415 in
510 1386 574 1422 eis,
611 1385 643 1415 id
667 1390 735 1422 est,
759 1393 821 1425 ego
846 1382 945 1425 diligo
971 1393 1047 1420 eos,
1072 1382 1160 1413 dele-

178 1436 252 1462 ctor
275 1430 336 1467 eis,
360 1435 389 1459 et
412 1439 471 1469 pro
496 1429 543 1458 eis
566 1426 695 1458 laboro.
741 1426 865 1457 Contra
889 1437 969 1457 vero
993 1427 1033 1457 de
1057 1426 1160 1456 hosti-
1328 1457 1358 1465 Η
1506 1458 1513 1465 Ι
1660 1456 1669 1464 Ι
2014 1456 2021 1463 ·

177 1474 240 1504 bus
253 1473 370 1513 inquit:
394 1472 469 1502 Non
481 1469 592 1501 libabo
605 1469 781 1501 libationes
800 1480 913 1500 eorum
933 1471 973 1500 de
986 1469 1159 1510 sanguine,
1299 1456 1402 1488 F¹l¹¹¹S
1425 1462 1613 1488 ¹¹⁰¹¹¹¹¹¹fl¹¹¹r
1633 1458 1731 1495 2⁰7⁰&
1754 1466 1820 1486 ”0¹¹
1840 1454 1949 1487 S⁰lu¹¹¹
1968 1466 2045 1497 ‘1⁰¹3
2069 1456 2195 1498 cogita*

177 1526 240 1547 nec
262 1525 430 1545 assumam
454 1514 586 1545 nomina
612 1524 725 1544 eorum
748 1513 780 1543 in
804 1511 899 1543 labiis
924 1513 1018 1550 meis,
1041 1513 1074 1542 id
1098 1518 1160 1548 est,
1185 1548 1188 1553 .
1213 1501 1302 1531 tione
1337 1501 1493 1551 ¹¹3503‘11f2
1527 1501 1588 1531 sed
1623 1500 1720 1550 eJIfflU
1744 1500 1893 1549 qnia,e⁵t
1915 1509 2061 1549 Pf-{l'sona
2082 1498 2195 1540 PYOfe·

177 1570 244 1590 non
263 1558 419 1598 recipiam
443 1556 605 1588 sacrificia
629 1555 772 1586 hostium
795 1554 980 1597 Evangelii,
1004 1566 1065 1586 nee
1089 1565 1161 1595 pre·
1212 1553 1291 1574 rens
1315 1542 1531 1585 Evangelfflffl
1556 1553 1597 1573 ex
1621 1552 1695 1573 S¹¹¹¹¹
1717 1548 1843 1572 aetffl'm
1866 1542 1987 1579 Paffflsae
2011 1548 2043 1573 et
2060 1552 2194 1574 ⁰0¹¹Sffl'·

179 1603 281 1633 cabor
314 1611 374 1642 pro
411 1601 457 1631 eis
481 1601 536 1641 qui
559 1598 726 1630 stabiliunt
752 1597 842 1629 Idola
867 1606 897 1629 et
923 1597 1159 1639 blasphemias,
1212 1596 1296 1637 VHPS
1326 1588 1540 1617 ¹¹¹l¹¹l⁵¹esfum
1574 1584 1757 1636 EV{1¹¹gel¹l=
1793 1590 1824 1615 et
1855 1590 1906 1616 eSt
1941 1584 2059 1636 efficaffi(
2086 1586 2119 1616 5¹¹
2141 1585 2194 1617 his

178 1651 209 1676 et
234 1650 370 1686 propter
395 1643 640 1675 consessionem
654 1640 825 1683 Evangelii
849 1641 1047 1672 interficiunt
1070 1648 1161 1673 recte
1213 1640 1268 1671 (ΡΠ
1303 1630 1441 1660 credunt
1474 1627 1675 1679 EY³¹¹gel¹⁰²
1710 1635 1741 1659 ef
1766 1638 1852 1659 ‘’003
1879 1628 2053 1670 Evangeln
2077 1629 2194 1660 dicens

179 1689 361 1719 sentiemes
386 1693 416 1717 et
442 1688 647 1717 innocemes,
693 1684 794 1716 leeg
819 1696 885 1715 ,ΜΠ
909 1691 985 1716 sunt
1009 1682 1161 1715 Ecclesia
1214 1671 1481 1703 consolationem
1504 1683 1537 1703 m
1561 1672 1724 1703 mentibus
1748 1681 1861 1702 eorum
1881 1677 1913 1702 et
1925 1671 2100 1702 vivificans
2123 1682 2195 1711 eos,

177 1730 254 1769 Dei,
278 1731 404 1762 etiamsi
424 1729 606 1771 gloriantur
631 1739 668 1759 se
691 1739 768 1760 esse
791 1727 976 1760 Ecclesiam
1000 1728 1074 1759 Dei.
1120 1727 1161 1757 Et
1213 1717 1299 1747 3ἷοΠῖ
1320 1717 1442 1757 ῙΠΨΙῙΠ
1465 1715 1538 1757 Ego
1562 1716 1661 1761 {itam
1684 1721 1852 1745 aeternam
1875 1715 1917 1745 ‘1⁰
1938 1716 2003 1751 ⁰5⁵>
2027 1720 2059 1745 et
2082 1721 2194 1746 ‘’Sten·

177 1774 245 1805 hoc
277 1784 343 1805 uno
380 1772 500 1815 clypeo
526 1773 706 1803 defendunt
730 1782 863 1802 erl-Opes
886 1782 967 1802 SUOS
991 1771 1160 1812 papfsfaQ
1214 1760 1296 1790 dens
1320 1758 1450 1790 Patrem
1475 1765 1507 1789 et
1531 1758 1703 1789 estundens
1717 1758 1868 1798 Spiritum
1891 1764 2042 1789 sanctum
2065 1759 2098 1788 in
2121 1768 2195 1790 cor-

177 1824 213 1849 ut
248 1817 425 1848 ostendant
460 1815 674 1857 plurimorum
708 1816 887 1846 recentium
923 1815 1047 1855 scripta
1077 1812 1160 1851 Poli,
1217 1803 1258 1833 da
1282 1813 1405 1835 efflam-
1452 1802 1521 1832 EfSi
1545 1801 1687 1852 enim-fit
1707 1800 1884 1851 {ll’ifi‘v'ffilo
1908 1811 1967 1842 Per
1992 1807 2060 1832 tres
2079 1811 2194 1841 Pffl'SO·

180 1860 317 1898 Canssffi’
353 1858 514 1901 staphyli²
549 1865 579 1890 et
615 1857 768 1889 similium
804 1864 865 1889 etc·
912 1857 961 1888 Sit
996 1858 1094 1899 igitur
1129 1857 1160 1887 i„
1215 1856 1290 1884 nas,
1325 1852 1434 1876 tamen
1469 1844 1534 1875 hoc
1569 1846 1683 1875 ordine
1707 1846 1753 1875 ht.
1821 1845 1989 1876 Aeternus
2013 1844 2112 1875 Pater
2134 1855 2193 1886 per

180 1910 362 1944 conspectu
385 1903 449 1933 hoc
474 1903 613 1933 dictum:
657 1902 731 1932 Non
755 1900 866 1932 libabo
890 1900 1065 1932 libationes
1096 1906 1158 1930 etc.
1213 1888 1330 1940 Filisslffl
1354 1888 1481 1930 COffiglt
1494 1887 1692 1925 ECCleSlssfflt
1716 1887 1770 1928 qni
1793 1888 1976 1918 {nuneffiate
1988 1898 2072 1919 ‘'0oe
2085 1887 2194 1918 EVffll·

179 1946 362 1977 Teneamus
388 1945 649 1982 consolationes,
673 1945 761 1986 quod
781 1943 882 1975 Filius
902 1944 966 1975 Dei
990 1944 1104 1984 inquit,
1123 1953 1160 1973 se
1214 1931 1290 1973 gelu
1312 1937 1423 1962 movet
1446 1932 1548 1962 “Orda
1572 1937 1603 1962 et
1628 1936 1791 1961 ¹¹¹0¹¹⁵¹s⁰t
1815 1929 1957 1968 patrem,
1988 1936 2017 1960 ⁰¹
2043 1931 2097 1961 dat
2121 1930 2194 1971 SPi·

180 1990 301 2021 adesse
323 1988 497 2021 Ecclesiae
520 1999 614 2027 suae,
638 1988 753 2019 Omnis
777 1986 931 2018 voluntas
955 1997 1025 2017 mea
1050 1987 1082 2017 in
1102 1986 1159 2016 eis.
1212 1976 1308 2006 ritum
1332 1981 1492 2005 sanctum·
1523 1974 1600 2005 Ideo
1625 1974 1701 2005 ‘13⁰5'
1725 1972 1945 2004 AlhfflfflSIUSi
1971 1974 2194 2008 Quandoclffl·

1213 2029 1277 2060 que
1312 2018 1429 2048 dicitur
1463 2018 1495 2048 in
1523 2017 1656 2048 homine
1691 2016 1834 2057 Spiritus
1858 2022 1994 2047 sauctus
2018 2026 2107 2055 esse,
2143 2022 2193 2047 est

1212 2063 1257 2093 ibi
1279 2072 1339 2102 per
1360 2060 1521 2091 Verbum.

1656 812 1744 844 XVI.

1296 905 1463 938 Differunt
1485 908 1578 938 nasci
1601 912 1633 938 et
1655 907 1849 947 procedere.
1894 908 1995 938 Nasci
2018 914 2070 940 est
2092 918 2113 939 a
2133 920 2193 950 po-

1210 950 1312 980 tentia
1335 956 1574 991 cognoscente,
1597 951 1672 991 quia
1685 951 1830 991 genitum
1854 957 1905 981 est
1923 951 2037 993 Imago
2056 952 2193 994 gignen-

1210 994 1263 1023 tis.
1331 992 1374 1023 Ut
1408 999 1515 1024 autem
1538 994 1571 1023 in
1593 994 1780 1024 hominibus
1804 995 1949 1033 potentia
1980 1005 2192 1035 cognoscens

1211 1035 1333 1066 format
1356 1036 1518 1078 imagines
1543 1042 1571 1067 et
1597 1035 1761 1077 loquitur:
1786 1036 1842 1067 Sic
1864 1036 1968 1068 filius
1993 1043 2045 1068 est
2067 1038 2194 1069 aeterni

1212 1078 1319 1109 Patris
1344 1079 1454 1120 imago
1479 1080 1679 1120 cogitatione
1697 1080 1808 1119 genita
1832 1086 1884 1110 est
1906 1080 1990 1119 λόγος
2012 1081 2193 1112 ostendens

1211 1132 1284 1152 eum
1307 1122 1338 1152 in
1363 1122 1567 1153 revelatione
1589 1120 1773 1163 Evangelii.
1831 1122 2017 1154 procedere
2036 1134 2117 1155 vero
2141 1130 2193 1155 est

1211 1175 1231 1195 a
1260 1163 1446 1197 voluntate:
1482 1166 1558 1206 quia
1593 1165 1735 1206 Spiritus
1765 1172 1904 1196 sanctus
1927 1172 1979 1197 est
2001 1172 2110 1198 motor
2133 1176 2194 1198 seu

1211 1208 1362 1250 agitator.

1647 1353 1751 1384 XVII.

625 2150 724 2182 ΧῙῙΠ·
1301 2155 1587 2187 Considerandum
1611 2160 1660 2184 est
1685 2153 1782 2194 igitur
1805 2151 1922 2184 Filium
1945 2153 2008 2184 dici
2030 2152 2125 2194 λόγον,
2158 2158 2192 2185 et

1214 2206 1368 2241 respectu
1402 2198 1511 2229 Patris
1547 2204 1577 2229 et
1600 2202 1755 2238 respectu
1779 2197 1896 2234 nostri,
1921 2197 1998 2238 quia
2021 2202 2072 2227 est
2095 2195 2193 2236 λόγος,

268 2245 371 2278 Filius
394 2252 551 2277 aeternus
575 2252 625 2277 est
650 2246 796 2276 secunda
807 2254 952 2285 persona
972 2243 1160 2281 divinitatis,
1213 2254 1272 2285 per
1301 2253 1398 2284 quem
1434 2241 1531 2272 Pater
1565 2251 1602 2271 se
1637 2239 1733 2271 nobis
1756 2238 1920 2279 patefecit.
1986 2239 2064 2271 Ideo
2088 2240 2120 2270 in
2143 2239 2194 2270 Io·

182 2301 267 2332 quae
291 2299 342 2321 est
365 2288 595 2321 substantialis
619 2295 649 2320 et
672 2289 803 2330 integra
826 2289 935 2329 imago
958 2287 1082 2318 aeterni
1104 2287 1161 2317 Pa·
1214 2286 1324 2317 hanne
1357 2285 1488 2316 dicitur:
1524 2283 1626 2315 Filius
1661 2283 1716 2325 qui
1751 2289 1802 2314 est
1835 2284 1869 2314 in
1903 2283 1978 2313 sinu
1996 2282 2105 2314 Patris
2129 2289 2192 2313 etc.

182 2335 254 2371 tris,
286 2344 381 2374 quam
417 2332 518 2363 Pater
551 2343 627 2363 sese
661 2332 791 2362 intuens
821 2336 853 2362 et
876 2331 1094 2361 considerans
1120 2331 1160 2361 ab
1213 2330 1312 2367 Item,
1347 2329 1451 2359 Nemo
1475 2328 1566 2359 novit
1589 2327 1719 2358 Patrem
1744 2331 1805 2357 etc.
1872 2325 1914 2356 Et
1936 2326 2099 2357 Dominus
2122 2326 2194 2366 ipse

182 2383 317 2407 aeterno
343 2376 459 2417 gignit,
494 2386 579 2416 quae
602 2376 697 2406 nobis
727 2375 776 2405 sic
801 2375 931 2415 quidem
954 2371 1161 2404 manifestata
1213 2372 1393 2413 respondet
1410 2371 1692 2412 interrogantibus
1711 2370 1784 2411 quis
1807 2369 1863 2400 sit:
1886 2368 1937 2407 τῆν
1961 2368 2054 2410 ἅρχήν
2076 2367 2122 2399 {in
2144 2370 2195 2399 καὶ

184 2425 246 2457 est,
270 2420 357 2459 quod
381 2420 422 2449 sit
446 2428 601 2460 persona,
624 2429 684 2459 per
707 2429 803 2459 quani
818 2418 917 2448 Pater
939 2423 1093 2447 aeternus
1117 2416 1161 2446 di·
1212 2417 1293 2447 λαλῶ
1315 2415 1394 2454 ὑμῖν.
1460 2414 1533 2456 Ego
1558 2424 1629 2444 sum
1654 2415 1813 2451 verbum,
1849 2413 1937 2454 quod
1959 2411 2078 2454 loquor
2097 2411 2194 2443 vobis

184 2463 225 2493 cit
250 2463 428 2499 decretum,
448 2468 480 2493 et
503 2468 605 2492 totum
628 2462 776 2493 ordinem
806 2460 983 2492 creationis
1014 2465 1045 2490 et
1070 2470 1161 2500 repa·
1213 2460 1255 2490 ab
1279 2459 1388 2496 initio,
1423 2457 1502 2489 Sum
1525 2454 1582 2487 illa
1605 2467 1749 2498 persona
1773 2456 1863 2488 initio
1887 2456 1989 2486 missa
2012 2455 2054 2486 ad
2076 2453 2193 2486 Eccle-

183 2505 319 2535 rationis
342 2505 520 2543 hominum,
543 2511 575 2536 et
597 2505 743 2542 mittitur,
766 2510 800 2535 ut
819 2501 996 2544 patefaciat
1009 2502 1161 2543 Evange·
1212 2503 1305 2540 siam,
1325 2511 1410 2542 quae
1433 2499 1553 2541 protuli
1576 2499 1794 2542 Evangelium
1825 2509 1866 2530 ex
1887 2499 1962 2529 sinu
1985 2498 2109 2529 aeterni
2131 2498 2193 2528 Pa-

183 2546 273 2585 lium,
297 2553 328 2578 et
351 2555 499 2579 assumat
523 2554 675 2578 naturam
698 2547 890 2584 humanam,
920 2551 951 2577 ct
974 2546 1016 2577 sit
1037 2545 1161 2576 Media·
1211 2546 1283 2583 tris,
1308 2551 1340 2575 et
1362 2543 1474 2575 locuta
1496 2554 1570 2574 sum
1594 2554 1668 2575 cum
1687 2543 1852 2574 Patribus.
1897 2541 1990 2573 Haec
2012 2539 2192 2572 declaratio

183 2596 247 2628 tor,
271 2590 460 2631 Redemtor‚
483 2591 682 2623 iustificator
706 2596 738 2622 et
761 2589 927 2622 Salvator.
1210 2588 1352 2620 nominis
1369 2586 1465 2627 λόγος,
1489 2587 1579 2629 quod
1602 2585 1791 2628 alloquatur
1814 2584 2018 2622 Ecclesiam,
2039 2583 2194 2626 congruit

977 2641 992 2655 0

2301 2964 2324 2990 [Α
