2383 2990
52 1520 54 1525 -
45 1375 63 1476 43⁴2(

44 942 51 947 v
39 543 60 923 :mg0192--⁴12‘
40 521 49 531 ὲ

42 1006 63 1369 -Lvmszlss
59 980 60 985 Α
49 966 55 971 ·

180 729 312 762 ⁴fundit
348 732 379 762 in
405 732 448 769 id,
482 733 571 774 quod
597 733 711 774 gignit.

209 119 274 152 345

208 216 303 248 randi
323 213 452 247 consilii
476 214 644 247 boneficia
667 217 938 255 considerentur,
976 226 1081 258 quare
1105 214 1209 246 Filius

207 260 270 292 Dei
295 260 419 291 missus
440 260 495 298 sit,
520 267 554 291 ut
580 259 676 292 fieret
700 261 845 298 victima,
870 267 901 291 et
915 261 1119 302 cogitatione
1140 260 1208 290 irae
1234 264 1236 302 i

205 303 271 335 Dei
290 304 455 335 adversus
476 310 593 335 nostra
612 311 764 345 peccata,
790 315 1071 345 expavescamus,
1091 310 1121 334 et
1138 314 1209 334 rur·
1234 305 1236 350 j

205 357 265 378 sus
301 348 471 389 erigamur
502 347 738 379 consolatione
763 354 991 390 agnoscentes
1012 348 1207 378 immensam

205 391 482 430 misericordiam,
508 402 574 432 qua
597 402 660 423 nos
685 391 780 423 Deus
807 398 944 433 propter
969 389 1085 422 Filium
1111 397 1207 422 certo

203 434 334 475 recipit,
370 441 405 465 ut
439 435 471 465 in
511 435 665 466 doctrina
685 436 726 467 de
750 436 871 466 iustitia
896 434 972 465 fidei
997 435 1137 476 copiose
1161 434 1207 465 di-

205 478 300 509 citur.

293 555 479 595 Quaerunt,
503 567 545 588 an
570 556 714 598 Spiritus
738 563 878 588 sanctus
903 557 967 587 dici
989 554 1208 598 [105511011ιῆ-

202 600 246 631 sti
269 606 378 641 pater,
403 611 477 632 cum
503 601 591 632 dicat
616 607 727 632 textus
752 601 784 632 in
809 599 1000 631 Matthae0:
1027 600 1124 636 Quot!
1152 610 1207 630 na-

202 649 272 675 tum
296 650 347 675 est
371 644 402 675 in
428 654 477 681 ea,
508 651 558 675 est
583 651 614 676 et
640 644 764 685 Spiritu
794 650 924 675 sancto.
993 644 1207 684 Respondeo.
1234 639 1236 664 ¹

203 687 306 719 Pater
329 694 457 719 tantum
482 688 612 726 dicitur,
650 689 706 730 qui
732 699 826 720 suam
851 689 1074 719 substantiam
1100 695 1208 718 trans·
1234 706 1236 713 ·

781 732 859 763 ldeo
885 732 1028 773 Spiritus
1054 738 1206 769 sanctus,

204 775 268 807 etsi
292 774 413 807 format
433 776 465 806 in
490 774 567 807 alvo
593 776 745 817 virginis,
771 786 897 817 corpus
922 777 1092 807 nascentis
1118 775 1208 806 Mes-

204 819 288 857 siac,
313 825 423 850 tamen
448 830 659 862 nequaquam
684 821 874 851 nominatur
899 820 1019 858 Pater,
1039 820 1115 861 quia
1141 830 1206 850 non

204 861 385 894 transfudit
409 874 505 894 suam
530 864 763 895 substantiam·
793 864 862 896 Sed
887 864 929 895 sit
949 864 1068 895 modus
1094 862 1208 894 talium

206 907 454 949 quaestionum.

293 1020 464 1052 Addendzr
483 1027 537 1052 est
577 1022 774 1053 necessaria
811 1020 944 1063 regula,
975 1020 1094 1052 Filium
1129 1020 1206 1059 Dei,

202 1064 379 1106 imaginem
404 1066 532 1096 aeterni
557 1064 679 1103 Patris,
715 1067 922 1097 assumsisse
947 1065 1125 1097 humanam
1150 1076 1207 1096 na-

203 1113 313 1140 turam
338 1110 515 1151 integram,
534 1109 781 1150 incorruptam,
812 1109 990 1141 habentem
1016 1120 1134 1140 omnes
1159 1111 1206 1141 vi-

202 1162 260 1184 res
285 1157 317 1183 et
342 1153 566 1194 appetitiones
602 1160 742 1185 naturae
777 1155 933 1195 proprias
962 1160 994 1184 et
1020 1154 1206 1191 ordinatas,

203 1195 300 1234 Item,
323 1206 390 1227 non
416 1197 582 1234 vitiosam,
608 1198 668 1228 sed
692 1204 803 1229 tamen
830 1197 1039 1238 passibilem,
1065 1204 1097 1228 et
1121 1208 1206 1228 mor-

203 1237 317 1278 talem,
352 1240 426 1271 sine
461 1248 619 1282 peccato,
650 1240 786 1284 Easque
810 1242 1020 1273 infirmitates
1045 1242 1206 1272 assumsit

202 1282 337 1321 volem,
372 1291 511 1326 propter
545 1295 620 1323 nos,
655 1292 690 1316 ut
725 1285 820 1317 fieret
854 1286 1000 1317 victima.
1072 1286 1128 1317 Sic
1164 1285 1206 1316 ad

203 1325 360 1359 Ebraeos
383 1328 413 1358 4.
439 1328 576 1359 dicitur:
609 1329 685 1360 Non
717 1329 880 1361 habemus
895 1323 1068 1360 ’Summum
1094 1340 1208 1361 sacer-

204 1370 330 1408 dotem,
366 1371 420 1412 qui
453 1382 519 1403 non
555 1373 663 1413 possit
699 1373 844 1414 compati
876 1372 1122 1404 infirmitatibus
1149 1384 1207 1403 no-

201 1414 294 1455 stris,
329 1416 390 1445 sed
415 1420 575 1446 tentatum
600 1426 660 1458 per
684 1417 795 1448 omnia
814 1418 1000 1448 secundum
1024 1415 1208 1448 similitudi·

200 1468 291 1496 nem,
314 1458 388 1489 sine
412 1465 566 1500 peccato.

288 1536 362 1569 Etsi
397 1538 499 1576 igitur
533 1536 690 1570 Christus
727 1539 863 1570 videbat
897 1545 1046 1582 patrem,
1076 1546 1106 1571 et
1135 1541 1235 1571 erat!

201 1581 334 1620 beatus,
353 1580 447 1614 ‘sicut
470 1582 576 1624 inquit
600 1581 669 1614 toh.
694 1582 725 1614 3.
774 1582 878 1614 Filius
906 1584 1048 1615 hominis
1074 1584 1129 1626 qui
1154 1591 1206 1615 est
1232 1581 1235 1601 ¹

200 1624 235 1656 in
260 1624 370 1658 coelo.
418 1625 499 1658 Item
523 1625 592 1659 lob.
619 1627 669 1658 14.
716 1625 790 1669 Ego
811 1628 843 1659 in
858 1627 957 1659 Patre
982 1639 1067 1666 sum,
1092 1635 1123 1659 et
1146 1627 1206 1659 Pa-

201 1674 252 1700 ter
275 1670 308 1701 in
333 1680 385 1701 me
409 1677 470 1702 est,
539 1670 631 1709 ltem,
656 1671 755 1702 Pater
779 1671 834 1714 qui
860 1672 891 1702 in
912 1682 964 1702 me
987 1678 1111 1710 manet,
1134 1673 1207 1714 ipse

200 1710 284 1745 facit
307 1724 422 1756 opera,
446 1720 557 1746 tamen
582 1721 702 1746 natura
726 1714 871 1747 humana
902 1714 1016 1747 habuit
1046 1727 1127 1747 suas
1147 1728 1205 1758 ap-

226 1757 391 1789 etitiones.
439 1757 480 1789 Et
499 1757 564 1790 hae
588 1769 693 1800 saepe
723 1760 916 1791 recitantur.
974 1759 1100 1798 Esurir,
1125 1761 1204 1799 sitit,

200 1767 358 1840 Paetatur,
393 1800 496 1840 dolet,
531 1800 694 1842 lacrimat,
727 1803 940 1835 conflictatur
963 1804 1090 1846 ingenti
1116 1815 1204 1836 moe-

201 1845 304 1883 stitia,
329 1847 417 1877 sicut
441 1846 514 1888 ipse
539 1847 661 1889 inquit:
697 1846 816 1879 Tristis
840 1854 892 1879 est
916 1848 1026 1880 anima
1051 1859 1126 1880 mea
1150 1859 1203 1880 us-

201 1898 268 1931 que
291 1889 334 1921 ad
359 1896 513 1922 mortem.
646 1897 649 1904 ’

290 1968 330 2000 Hi
366 1968 507 2001 affectus
541 1968 574 2000 in
600 1968 736 2003 Christo
772 1981 839 2002 non
875 1969 1009 2003 fuerunt
1045 1970 1203 2010 sitnulati,

201 2011 262 2044 sed
286 2013 356 2044 veri
381 2020 412 2045 et
437 2013 593 2056 ingentes
613 2021 736 2046 motus.
795 2015 867 2047 Nec
898 2016 1084 2059 cogitemus
1108 2015 1202 2047 Chri-

198 2062 289 2088 stum
309 2055 415 2089 suisse
438 2055 584 2099 lapidem
608 2064 665 2090 aut
678 2058 843 2098 Stoicum,
868 2060 929 2091 sed
956 2071 1035 2092 vere
1058 2058 1201 2091 laetatus

199 2106 265 2139 est,
291 2111 371 2133 vere
396 2101 609 2133 excruciatur
632 2104 811 2134 moestitia.
883 2104 923 2135 tit
957 2114 1100 2146 magnae
1124 2111 1202 2136 sunt

198 2143 290 2176 illius
316 2146 604 2177 consternationis
627 2157 763 2179 causae.
832 2147 909 2180 Non
939 2154 1066 2180 tantum
1090 2147 1202 2180 sormi-

841 119 899 150 lv.
945 118 1209 151 ENAltRATto
1234 117 1435 150 SYMBOLI
1459 118 1624 152 MCENt.

2196 123 2261 155 346

1265 215 1320 246 dat
1356 214 1595 247 lacerationem
1631 217 1785 258 corporis
1820 218 1891 256 sui,
1929 218 1989 250 sed
2020 221 2120 251 sentit
2154 221 2261 252 maius

1264 268 1362 297 onus,
1397 258 1526 291 scilicet
1560 261 1642 291 iram
1678 260 1741 292 Dei
1772 261 1938 292 adversus
1962 269 2101 304 peccata
2126 265 2262 304 generis

1263 301 1410 336 humani.
1446 314 1544 345 quam
1579 305 1641 335 scit
1666 306 1698 335 in
1723 315 1800 336 sese
1825 305 1959 344 effundi,
1996 307 2133 348 perinde
2169 318 2210 338 ac
2233 309 2262 339 si

1262 346 1334 386 ipse
1370 356 1448 377 sese
1483 347 1565 377 meis
1586 354 1617 378 et
1643 349 1721 386 tuis,
1758 355 1789 379 et
1814 348 1953 380 aliorum
1977 350 2166 382 sceleribus
2191 350 2263 393 pol-

1262 388 1392 420 luisset.
1419 389 1496 420 ldeo
1522 391 1608 421 enim
1633 391 1754 424 (licitur
1777 403 1837 434 pro
1862 394 1960 424 nobis
1985 401 2161 435 peccatum
2186 405 2264 426 esse

1261 432 1381 464 sactus.
1451 432 1565 464 Doluit
1601 434 1679 465 itcm
1715 446 1869 478 magnam
1893 445 2022 478 partem
2047 439 2181 480 generis
2205 438 2264 470 hu-

1262 478 1349 507 mani
1368 477 1551 518 perituram
1576 488 1652 509 esse
1676 486 1792 520 spreto
1817 479 1882 511 1100
1907 481 2073 513 beneficio
2097 481 2173 514 Dei.

1350 554 1422 586 Etsi
1447 562 1556 586 autem
1580 557 1775 598 magnitudo
1800 558 1919 590 horum
1940 558 2092 592 dolorum
2112 571 2178 592 non
2203 572 2263 603 po-

1262 604 1329 629 test
1352 610 1371 630 a
1397 600 1494 630 nobis
1515 598 1675 642 intelligi,
1710 607 1819 632 tamen
1851 601 2043 635 Ecclesiam
2072 603 2197 647 aliquid
2222 605 2264 637 (le

1261 641 1313 673 his
1348 644 1450 674 tantis
1485 644 1588 674 rebus
1623 645 1774 686 cogitare
1804 656 1945 678 necesse
1969 654 2040 685 est,
2076 659 2164 690 quae
2188 649 2265 681 ideo

1262 693 1400 718 onerata
1436 694 1486 718 est
1519 697 1639 728 cruce,
1674 695 1710 719 ut
1734 697 1899 731 agnoscat
1928 702 2086 734 magnum
2106 693 2264 734 quiddam

1262 741 1339 761 esse
1363 731 1446 762 iram
1472 730 1535 762 Dei
1559 732 1727 764 adversus
1750 740 1902 775 peccata.

1351 861 1450 897 Quod
1474 872 1556 893 vero
1581 863 1765 905 disputant,
1790 864 1844 896 An
1868 863 1949 907 fuga
1972 867 2090 897 mortis
2115 867 2147 898 in
2169 866 2263 899 Chri—

1262 911 1314 936 sto
1340 904 1437 937 suerit
1461 907 1598 944 vitiosa,
1635 918 1710 938 cum
1738 918 1817 949 pars
1841 908 1979 941 inferior
2002 921 2069 941 non
2094 911 2264 953 obtempe-

1262 950 1384 981 raverit
1404 951 1582 992 superiori,
1607 952 1712 993 primo
1734 954 1939 993 respondeo,
1963 953 2206 986 Lac-crationes
2232 956 2264 987 in

1262 1004 1364 1025 carne
1388 993 1585 1025 naturaliter
1609 994 1745 1027 efficere
1769 995 1927 1035 dolores,
1963 999 2063 1029 etiam
2087 999 2160 1030 sine
2183 1009 2262 1040 pec-

1262 1044 1351 1075 cato,
1373 1040 1450 1070 item
1474 1037 1604 1080 aliquas
1628 1041 1812 1071 moestitias
1837 1041 1868 1072 in
1893 1041 1995 1073 corde
2027 1049 2060 1073 et
2090 1041 2264 1075 voluntate

1261 1081 1433 1113 naturales
1457 1093 1546 1121 esse,
1573 1094 1660 1125 quae
1684 1084 1716 1114 in
1741 1083 1878 1115 Christo
1903 1086 1976 1117 sine
2009 1087 2090 1118 vitio
2118 1085 2262 1119 suerunt.

1259 1124 1388 1164 Doluit,
1413 1127 1472 1157 sed
1494 1137 1560 1158 non
1586 1133 1621 1159 ut
1645 1138 1718 1163 nos,
1744 1128 1943 1161 inordinate.

1348 1203 1481 1236 Deinde
1504 1216 1607 1247 supra
1631 1205 1722 1238 11111111
1747 1206 1933 1239 naturalem
1963 1207 2114 1241 dolorem
2145 1208 2206 1241 fuit
2230 1211 2262 1242 in

1261 1247 1396 1279 Christo
1421 1260 1544 1280 sensus
1570 1250 1639 1281 irae
1659 1249 1735 1289 Dei,
1760 1251 1927 1284 adversus
1952 1259 2129 1293 peccatum
2162 1264 2262 1296 gene-

1261 1293 1307 1323 ris
1332 1291 1477 1331 humani,
1500 1299 1535 1324 ut
1561 1292 1664 1325 Filius
1690 1296 1781 1327 novit
1797 1295 1930 1327 Patrem
1955 1297 2097 1340 integre,
2124 1298 2168 1329 ita
2192 1298 2262 1330 irae

1261 1337 1522 1379 magnitudinem
1547 1336 1642 1369 solus
1667 1344 1746 1370 tunc
1770 1340 1850 1371 vidit
1874 1346 1907 1372 et
1931 1341 2048 1377 sensit.
2096 1340 2169 1372 Hac
2192 1352 2262 1373 mo—

1260 1379 1293 1411 le
1317 1391 1420 1422 supra
1446 1381 1535 1412 vires
1560 1388 1640 1413 tunc
1665 1390 1805 1414 onerata
1836 1390 1956 1415 natura
1986 1384 2019 1416 in
2045 1383 2181 1417 Clu-isto
2206 1396 2263 1429 ge-

1260 1425 1329 1455 mit.
1378 1424 1416 1455 Et
1441 1431 1551 1456 tamen
1576 1425 1661 1457 haec
1686 1428 1916 1459 consternatio
1942 1428 2113 1460 dissimilis
2139 1436 2190 1462 est
2203 1441 2261 1461 no—

1260 1469 1341 1499 stris
1367 1469 1561 1509 pavoribus.
1620 1468 1778 1502 Christus·
1810 1469 1875 1502 sert
1898 1470 1975 1503 illos
2000 1483 2141 1516 magnos
2167 1472 2261 1506 dolo-

1232 1533 1234 1540 .
1261 1522 1316 1543 res
1351 1513 1424 1543 sine
1454 1512 1684 1555 indignatione
1718 1515 1885 1547 adversus
1920 1515 2074 1556 Patrem,
2109 1524 2141 1549 et
2175 1517 2283 1550 hanc‘

1261 1556 1485 1588 obedientiam
1510 1556 1630 1588 volens
1655 1565 1816 1600 praestat.

1349 1643 1429 1676 ideo
1464 1644 1549 1676 haec
1584 1647 1814 1678 consternatio
1850 1654 1902 1679 est
1937 1649 2011 1680 sine
2037 1656 2193 1691 peccato,
2229 1657 2261 1681 et

1260 1698 1327 1719 non
1358 1693 1411 1719 est
1444 1689 1578 1721 vitiosa.
1647 1690 1693 1721 At.
1728 1691 1758 1722 in
1790 1692 1932 1723 caeteris
1958 1692 2161 1731 hominibus,
2186 1705 2262 1726 cum

1260 1730 1340 1774 fuga
1376 1733 1489 1764 existit
1513 1731 1666 1765 fremitus
1690 1735 1855 1767 adversus
1880 1735 2087 1769 voluntatem
2118 1737 2201 1776 Dei,
2230 1744 2262 1769 et

1259 1776 1291 1807 in
1328 1776 1380 1808 his
1415 1777 1470 1818 qui
1503 1787 1569 1808 non
1603 1776 1794 1811 eluctantur
1818 1779 2054 1823 confugientes
2079 1782 2121 1813 ad
2142 1780 2261 1814 Filium

1259 1819 1335 1860 Dei,
1359 1821 1525 1853 accedunt
1549 1821 1741 1855 horrendae
1767 1822 2004 1865 blasphemiae.

1347 1908 1420 1940 Nec
1445 1909 1564 1941 addant
1588 1908 1777 1954 longiorem
1802 1912 2079 1954 disputationem,
2111 1913 2171 1944 sed
2196 1911 2259 1945 has

1257 1963 1314 1984 res
1345 1953 1507 1985 maximas
1542 1955 1586 1995 pii
1608 1955 1648 1986 ‘in
1673 1956 1745 1987 suis
1770 1956 1964 1994 doloribus,
2001 1963 2033 1988 et
2057 1957 2088 1988 in
2113 1956 2259 1989 lectione

1259 1995 1468 2029 Psalnwrum
1493 2005 1523 2029 et
1551 1998 1829 2040 Propheticarum
1850 2001 2076 2033 narrationum
2105 2001 2259 2033 conside-

1257 2048 1343 2083 rent,
1383 2042 1437 2073 ubi
1471 2043 1512 2073 ad
1544 2054 1606 2074 nos
1632 2043 1805 2075 docendos
1830 2051 1862 2076 et
1887 2044 2119 2077 consolandos
2144 2052 2260 2078 extent

1257 2085 1371 2118 talium
1397 2084 1550 2118 dolorum
1576 2087 1834 2130 descriptiones.

1610 2150 1706 2185 Τέλος
1728 2156 1750 2181 :t
1756 2151 1799 2193 “5³
1822 2149 1908 2189 δόξα.
