2383 2990
28 1768 34 1829 i

29 1838 36 1880 t

26 2184 35 2224 ο,
26 2046 34 2163 -ο--η

204 151 269 184 661
969 149 1042 183 vn.
1065 149 1129 182 DE
1153 149 1467 183 POENITENTIA.
2188 151 2255 184 662

204 258 277 287 saS,
312 253 349 279 ut
382 258 564 280 aerumnae
599 253 767 280 testentur
796 257 857 279 eos
880 248 970 280 serio
994 248 1044 279 sic
1067 247 1204 285 sentire,
1256 247 1361 279 Filius
1397 246 1478 286 Dei,
1513 257 1580 290 qua
1615 258 1701 279 voce
1735 247 1952 279 admonemur
1975 247 2017 279 de
2040 257 2077 278 re
2100 248 2255 287 maxima,

203 297 239 323 ut
264 292 398 330 docent,
423 293 501 334 quia
525 291 699 323 veritatem
714 290 905 324 anteferunt
918 293 1019 330 vitae,
1042 298 1075 323 et
1099 291 1202 323 omni·
1257 291 1427 329 videlicet,
1451 301 1516 322 non
1541 292 1614 323 sine
1638 292 1835 323 admiranda
1859 291 2098 332 disputatione,
2123 292 2165 323 de
2189 290 2257 323 col-

203 336 269 367 bus
292 337 478 368 commodis
502 346 693 379 corporum.
1256 333 1382 366 latione
1406 336 1549 367 iustitiae
1573 342 1606 367 et
1629 336 1881 368 misericordiae
1905 334 1985 374 Dei,
2016 336 2159 366 remissa
2178 346 2258 368 esse

1259 380 1373 421 generi
1408 379 1554 410 humano
1588 386 1740 421 peccata,
1775 380 1945 422 quomodo
1980 378 2137 411 videlicet
2161 379 2258 412 Deus

293 422 398 454 Sexta
434 433 551 460 causa,
585 429 621 455 ut
655 422 866 460 adflictiones
890 423 957 453 sint
977 422 1203 454 testimonium
1258 422 1357 454 simul
1395 429 1428 454 et
1463 423 1584 461 iustus,
1618 430 1650 455 et
1685 424 1880 455 misericors
1905 429 2008 455 esset.
2076 422 2258 455 Eiiciamus

202 466 476 499 immortalitatis.
524 466 608 499 Cum
632 468 719 499 enim
744 466 837 498 Deus
858 465 1044 498 illustribus
1063 467 1203 497 miracu·
1258 468 1344 498 enim
1368 477 1409 498 ex
1434 468 1600 498 mentibus
1625 468 1752 498 nostris
1788 466 1911 498 stultas
1946 467 2123 509 opiniones
2142 466 2258 498 huma-

202 509 246 542 lis
271 511 457 543 ostenderit
481 511 544 542 sibi
570 509 707 553 placere
732 508 830 548 Abel,
852 508 993 541 Paulum
1019 516 1050 541 et
1063 508 1203 547 similes,
1257 521 1333 548 nas,
1365 520 1451 552 quae
1486 511 1651 542 somniant
1689 510 1798 542 Deum
1821 518 1858 543 ut
1880 509 2008 543 lentum
2031 509 2258 553 patremfami-

203 559 236 586 et
271 560 384 586 tamen
408 555 486 586 sinit
520 564 581 586 eos
615 554 770 593 interfici,
805 564 950 586 necesse
986 560 1038 585 est
1073 560 1204 585 restare
1258 553 1333 588 lias,
1358 564 1419 586 seu
1444 560 1479 585 ut
1503 555 1654 586 Stoicum
1680 565 1747 586 non
1771 555 1873 586 irasci
1896 561 2051 596 peccam,
2075 555 2141 586 imo
2166 555 2258 587 iusti-

203 597 295 630 aliud
319 598 490 630 iudicium.
1258 598 1303 629 tia
1326 596 1390 628 Dei
1412 608 1494 629 vere
1519 604 1552 629 et
1575 597 1778 630 horribiliter
1801 598 1956 630 irascitur
1975 599 2130 631 omnibus
2154 599 2259 631 omni·

1258 652 1314 673 um
1337 642 1502 684 peccatiS,
1525 649 1561 675 ut
1585 643 1723 674 dicitur:
1747 642 1842 675 Deus
1866 649 1919 674 est
1941 643 2029 686 ignis
2043 653 2258 675 consumens.

293 684 456 728 Septima,
479 691 516 717 ut
538 684 657 717 fiamus
677 683 805 717 similes
830 685 984 727 imaginis
1008 683 1081 717 Filii
1104 683 1180 716 Dei.

1350 728 1423 761 fuit
1449 730 1552 771 igitur
1576 730 1758 771 disputatio
1783 730 1825 761 de
1850 728 2033 762 collatione
2056 730 2203 762 iustitiae
2227 736 2259 762 et

293 771 437 811 Octava,
471 772 569 804 etiam
604 773 661 804 ubi
696 782 763 804 non
798 779 877 804 sunt
911 779 1050 804 externa
1080 771 1205 804 delicta
1231 752 1236 808 l
1259 773 1523 812 misericordiae,
1558 784 1659 816 quam
1693 772 1785 805 nulla
1821 780 1974 806 creatura
1998 772 2170 816 explicare
2199 785 2258 816 po-

202 816 350 847 atrocia:
374 822 485 848 tamen
509 815 606 848 Deus
629 815 700 848 mlt
726 817 757 848 in
783 815 894 848 multis
918 817 1078 848 interiora
1102 815 1203 855 mala,
1260 819 1391 856 tuisset,
1426 817 1487 849 sed
1523 817 1677 849 miranda
1707 817 1951 849 deliberatione
1974 818 2101 857 divina,
2134 829 2189 850 res
2215 819 2260 850 ita

203 860 407 901 superbiam,
431 860 683 891 admirationem
708 861 773 898 sui,
795 860 964 892 carnalem
988 861 1204 892 securitatem
1260 862 1440 893 diiudicata
1463 867 1525 900 est,
1549 868 1584 893 ut
1608 862 1657 893 ira
1680 862 1713 893 in
1739 861 1857 893 Filium
1881 862 2103 900 derivaretur,
2126 868 2159 894 et
2184 872 2260 894 cae·

203 903 396 941 emendare,
421 910 457 934 ut
481 904 618 935 dicitur:
642 904 773 936 Bonum
798 905 874 936 mihi
911 905 1001 947 quod
1026 902 1205 936 humiliasti
1260 906 1342 937 teris
1378 905 1569 937 hominihus
1594 912 1732 947 propter
1755 904 1872 936 Filium
1896 912 2103 946 parceretur.
2174 905 2260 938 Nam

202 957 268 986 me,
290 953 327 978 ut
349 947 515 979 discerem
538 947 797 980 iustificationes
822 955 905 980 tuas.
1260 960 1403 981 necesse
1427 948 1486 980 luit
1511 949 1586 981 Deo
1611 960 1670 991 per
1690 950 1927 988 obedientiam,
1949 948 2004 981 vel
2027 960 2087 992 per
2117 960 2260 992 poenam

1259 992 1527 1036 aequivalentem
1551 993 1720 1026 satisfieri.

1347 1080 1452 1113 Huius
1476 1081 1648 1112 mirandae
1669 1080 1922 1113 deliberationis
1945 1090 2070 1113 causas
2091 1081 2260 1114 discemus

1258 1125 1291 1156 in
1326 1125 1394 1157 vita
1429 1132 1578 1164 aeterna,
1609 1136 1697 1156 nunc
1733 1125 1932 1157 beneficium
1967 1126 2075 1166 ipsum
2100 1124 2171 1157 vult
2195 1136 2260 1157 nos

1259 1179 1449 1211 agnoscere
1474 1168 1581 1207 Deus,
1606 1175 1637 1200 et
1662 1167 1733 1200 vult
1753 1180 1815 1201 nos
1829 1176 2006 1210 utrumque
2026 1170 2189 1211 cogitare,
2212 1170 2260 1201 in-

1259 1220 1391 1255 gentem
1417 1223 1494 1244 esse
1517 1213 1800 1251 misericordiam,
1835 1213 1924 1255 quod
1948 1223 2056 1255 genus
2082 1214 2260 1246 humanum

1260 1265 1432 1299 receptum
1469 1263 1532 1295 est,
1569 1256 1667 1289 situul
1693 1268 1807 1288 veram
1831 1266 1864 1288 et
1894 1260 2063 1299 ingentem
2088 1258 2169 1289 iram
2201 1258 2258 1289 ad-

1259 1312 1380 1332 versus
1412 1308 1600 1342 peccatum,
1636 1301 1726 1343 quod
1760 1311 1915 1343 poenam,
1950 1307 1983 1333 et
2013 1302 2260 1344 compensatio·

1258 1356 1333 1377 nem
1357 1352 1482 1377 tautam
1507 1346 1709 1377 intervenire
1734 1346 1892 1387 oportuit.

204 1077 430 1110 obedientiam
455 1080 630 1120 praestare
655 1079 884 1121 principaliter
897 1086 1035 1121 propter
1059 1078 1204 1121 gloriam

201 1119 279 1160 Dei,
302 1131 370 1153 nun
394 1129 521 1154 tantum
546 1130 686 1164 propter
710 1133 790 1155 suas
811 1122 984 1161 utilitates,
1005 1129 1039 1154 ut
1063 1125 1094 1155 in
1111 1122 1204 1154 l’sal-

201 1175 257 1196 mo
283 1165 420 1197 dicitur:
456 1165 550 1198 Haec
574 1167 686 1198 omnia
717 1174 882 1199 venerunt
906 1178 1008 1209 super
1033 1178 1116 1206 nos,
1141 1177 1204 1198 nec

202 1207 297 1240 obliti
320 1219 438 1241 sumus
463 1216 506 1242 te.

292 1294 452 1336 Decima,
482 1303 518 1329 ut
555 1298 718 1340 adpareat
742 1297 931 1329 Ecclesiam
955 1309 1022 1330 non
1049 1297 1203 1330 humanis

202 1338 355 1371 consiliis
369 1347 401 1371 et
416 1342 605 1382 praesidiis,
626 1343 687 1373 sed
711 1343 754 1372 ab
779 1343 854 1384 ipso
880 1342 964 1373 Filio
991 1342 1070 1381 Dei,
1096 1344 1204 1383 eapite

202 1388 236 1414 et
260 1383 347 1415 duce
370 1382 559 1423 Ecclesiae,
592 1386 704 1416 divina
727 1387 876 1427 potentia
902 1385 1032 1428 colligi,
1069 1386 1203 1417 det‘endi

200 1430 234 1457 et
268 1428 418 1466 servari,
461 1434 493 1459 et
528 1429 560 1460 in
597 1435 713 1460 nostra
753 1430 943 1461 infirmitate
975 1431 1203 1472 conspiciatur

199 1471 392 1510 praesentia
427 1471 499 1504 Filii
528 1472 593 1504 Dei
623 1474 869 1515 propugnantis
896 1485 959 1505 nos
981 1482 1098 1505 contra
1123 1473 1203 1506 Dia-

200 1512 327 1545 bolum.
362 1515 391 1546 2.
429 1515 582 1548 Corinth.
605 1518 636 1548 4.
707 1516 983 1550 Circumferimus
1009 1517 1203 1550 thesaurum

199 1555 291 1589 hunc
315 1558 346 1589 in
370 1560 464 1592 vasis
488 1561 661 1600 testaceis,
684 1567 720 1592 ut
743 1560 944 1594 excellentia
968 1563 1138 1604 potentiae
1160 1563 1204 1593 sit

199 1599 277 1640 Dei,
300 1608 333 1633 et
357 1613 425 1634 non
449 1613 491 1635 ex
514 1605 626 1636 nobis.

1346 1432 1421 1465 Huc
1455 1433 1600 1475 pertinet
1629 1439 1727 1465 vetus
1752 1438 1986 1476 argumentum
2016 1432 2154 1476 dignum
2178 1443 2259 1465 con-

1257 1477 1472 1508 sideratione-

290 1033 389 1065 Nona
424 1044 542 1073 causa,
577 1041 612 1066 ut
646 1042 807 1078 appareat
842 1041 982 1067 sanctos
1012 1035 1204 1066 universam

1347 1563 1603 1596 Misericordiae
1627 1570 1678 1596 est
1702 1574 1857 1606 parcere,
1881 1564 1943 1596 sed
1967 1565 2092 1597 iustitia
2122 1570 2176 1596 est
2198 1565 2257 1597 im-

1256 1607 1462 1639 mutabiliter
1492 1618 1630 1640 servare
1654 1607 1781 1651 legem,
1816 1609 1989 1651 requirere
2020 1609 2258 1647 obedientiam,

1256 1651 1311 1684 vel
1334 1663 1478 1694 poenam
1501 1651 1688 1694 aequalem.

289 1687 372 1722 Cum
409 1690 510 1733 igitur
542 1690 668 1723 multae
702 1692 858 1724 diversae
881 1703 1006 1724 causae
1031 1694 1109 1731 sint,
1141 1704 1202 1724 cur

197 1730 356 1765 Ecclesia
379 1735 533 1766 subiecta
557 1736 601 1766 sit
625 1736 730 1775 eruci,
766 1747 831 1767 non
866 1737 1113 1779 imaginandum
1150 1744 1202 1769 est
1227 1721 1232 1756 l
1344 1738 1439 1771 Deus
1463 1749 1530 1770 non
1555 1738 1666 1771 solum
1690 1745 1743 1771 est
1767 1740 1971 1775 misericors,
2002 1741 2063 1772 sed
2088 1741 2185 1773 etiam
2208 1740 2256 1773 iu-

199 1786 318 1807 omnes
343 1776 550 1809 calamitates
566 1785 733 1811 certorum
748 1779 944 1811 delictorum
969 1792 1097 1822 poenas
1111 1792 1200 1820 esse,
1255 1789 1340 1815 stus.
1388 1783 1464 1815 Non
1490 1784 1591 1825 igitur
1614 1784 1749 1816 remittit
1771 1785 1846 1816 sine
1870 1785 2159 1827 compensatione,
2194 1796 2257 1819 seu

199 1826 232 1851 et
256 1820 341 1851 satis
361 1823 537 1853 ccuunode
561 1823 806 1855 distribuuntur
836 1823 1038 1855 afflictiones
1064 1825 1094 1856 in
1121 1836 1200 1867 qua·
1255 1826 1496 1859 satisfactione.

197 1868 275 1895 tuor
310 1875 448 1907 gencra,
483 1865 582 1898 Aliae
617 1873 695 1898 sunt
730 1872 884 1907 τιμωρίαι,
915 1869 1035 1906 idest,
1072 1880 1201 1911 poenae

199 1914 367 1939 certorum
394 1907 569 1949 sactorum,
595 1917 630 1942 ut
655 1910 788 1943 exilium
813 1911 972 1951 navidis,
997 1911 1051 1944 vel
1076 1912 1200 1955 suppli·
1343 1914 1560 1956 Respondeo.
1608 1914 1770 1947 Concedo
1795 1922 1901 1947 totum
1921 1923 2166 1958 argumentum,
2186 1927 2255 1948 non

198 1951 285 1983 cium
320 1951 492 1993 politicum
529 1953 788 1994 homicidarum,
831 1966 918 1997 quae
954 1957 1085 1988 etiamsi
1122 1963 1199 1989 sunt
1255 1957 1343 1990 sacta
1368 1967 1420 1991 est
1445 1960 1599 1990 remissio
1624 1960 1696 1991 sine
1721 1960 1967 1998 satisfactione,
1994 1959 2255 2002 scilicetperso-

196 2005 345 2037 poenae,
382 2007 448 2028 non
473 2003 583 2030 tamen
609 2006 780 2030 merentur
810 2001 1041 2032 remissionem
1068 1999 1198 2042 culpae,
1254 2002 1324 2034 luta
1359 2014 1418 2044 per
1443 2002 1559 2035 Filium
1585 2002 1669 2041 Dei,
1704 2002 1778 2035 sola
1803 2005 1993 2036 obedientia
2017 2003 2088 2035 Filii
2113 2004 2178 2037 Dei
2204 2011 2254 2037 est

197 2045 255 2070 aut
278 2050 410 2081 poenae
434 2048 606 2081 aeternae,
637 2043 697 2073 sed
729 2049 805 2075 sunt
830 2044 927 2086 signa
959 2045 1028 2075 irae
1054 2044 1116 2076 Dei
1141 2046 1199 2076 ad-
1253 2046 1455 2085 satisfactio,
1490 2054 1520 2078 et
1551 2046 1696 2089 aequale
1725 2049 1866 2089 pretium
1902 2059 1963 2090 pro
1988 2049 2116 2079 nostris
2137 2059 2255 2090 pecca·

197 2092 320 2133 versus
344 2091 537 2125 peccatum,
572 2085 627 2118 vel
657 2088 847 2119 testimonia
878 2088 1022 2120 iustitiae
1047 2087 1112 2120 Dei
1135 2090 1198 2121 ira·
1254 2092 1309 2129 tis,
1334 2098 1365 2122 et
1390 2091 1592 2123 sacrificium
1618 2090 1757 2133 placans
1781 2093 1861 2123 iram
1876 2091 1953 2131 Dei,
1977 2093 2065 2124 sieut
2089 2097 2122 2124 et
2135 2093 2255 2124 Esaias

196 2133 325 2158 scenas
349 2135 503 2168 peccato.
1254 2135 1376 2176 inquit:
1412 2135 1517 2166 Ponet
1551 2136 1694 2166 animam
1729 2146 1823 2167 suam
1849 2136 1991 2168 hostiam
2015 2147 2077 2179 pro
2101 2143 2255 2179 peccato·

334 2214 341 2222 ·
1254 2178 1350 2210 Hanc
1374 2179 1540 2210 victimam
1567 2178 1635 2210 vult
1660 2178 1754 2211 Deus
1777 2182 1904 2222 aspici,
1939 2188 1969 2211 et
1995 2182 2077 2212 iram
2102 2188 2134 2212 et
2158 2182 2255 2213 mise-

285 2212 384 2246 Altae
403 2221 481 2247 sunt
502 2215 689 2256 δοκιμασίαι,
712 2218 744 2249 id
770 2225 834 2257 est,
859 2219 1018 2251 exercitia
1042 2218 1133 2251 utilia
1156 2221 1198 2252 ad
1254 2223 1432 2254 ricordiam
1458 2223 1687 2262 considerari,
1722 2235 1786 2255 nec
1811 2225 2010 2256 tribuendus
2030 2231 2081 2257 est
2105 2224 2160 2256 hic
2184 2232 2255 2257 tan-

195 2255 381 2289 frenaudos
405 2260 493 2300 pios,
519 2267 550 2292 et
578 2263 841 2294 confirmandam
878 2263 1001 2302 tidem,
1032 2270 1067 2295 ut
1103 2274 1198 2296 aeru·
1253 2273 1309 2298 tus
1333 2266 1456 2304 honos,
1492 2266 1647 2298 xidelicet
1673 2278 1751 2299 esse
1776 2268 1881 2309 λύτρον
1905 2280 1966 2300 seu
1986 2268 2254 2301 satisfactionem

195 2312 295 2333 mnae
320 2302 451 2344 loseph.
1250 2321 1313 2352 pro
1337 2310 1499 2352 peccatis,
1521 2309 1580 2342 ulli
1603 2310 1773 2343 hominum
1796 2313 1953 2344 iustitiae.

285 2387 384 2420 Aliae
407 2396 483 2422 sunt
505 2392 670 2435 μαρτύρια,
706 2393 737 2425 id
763 2399 826 2433 est,
856 2394 1047 2425 testimonia
1072 2395 1196 2427 doctri·
1338 2397 1492 2429 Necesse
1516 2404 1567 2429 est
1586 2398 1688 2440 igitur
1711 2400 1819 2430 taxari
1843 2410 1977 2431 errores
2009 2400 2051 2431 de
2079 2401 2252 2432 canonicis

194 2443 270 2484 rrae2
287 2439 325 2484 ‘et
350 2435 619 2476 immortalitatis,
649 2443 685 2468 ut
710 2437 810 2477 Abel,
833 2437 1005 2476 Ieremiae,
1031 2437 1138 2478 Pauli,
1163 2446 1196 2472 et
1249 2440 1551 2480 satissttctionibus,
1576 2452 1718 2483 sparsos
1742 2443 1774 2474 in
1788 2442 1976 2475 Ecclesiam
2000 2443 2151 2476 horribili
2176 2455 2252 2476 cae-

195 2475 352 2508 sumltum
377 2489 491 2511 neces.
1250 2486 1361 2516 citate.
1408 2484 1587 2517 Manil'este
1611 2486 1733 2517 falsum
1758 2494 1821 2525 est,
1845 2489 1965 2519 remitti
1978 2499 2121 2529 poenam
2145 2495 2251 2520 aeter-

334 2564 340 2572 .
1250 2540 1325 2560 nam
1350 2537 1487 2571 propter
1508 2531 1690 2561 canonicas
1704 2529 1968 2570 satisfactiones,
1988 2532 2165 2564 manifeste
2188 2531 2251 2564 sal-

285 2563 383 2616 Altae
407 2572 482 2597 sunt
507 2567 611 2609 λύτρα,
645 2568 678 2599 id
703 2574 766 2607 est,
801 2570 942 2611 pretium
966 2580 1026 2611 pro
1051 2569 1193 2603 aliorum
1248 2583 1322 2604 sum
1348 2580 1379 2605 et
1404 2574 1469 2604 hoc
1493 2580 1557 2612 est,
1583 2581 1750 2615 potestate
1765 2574 1907 2607 clavium
1928 2575 1999 2607 tolli
2025 2587 2155 2618 poenas
2169 2583 2250 2609 tem-

194 2615 359 2647 peccatis.
426 2609 508 2642 'l‘ale
543 2619 652 2643 autem
689 2618 742 2643 est
777 2612 850 2645 sola
877 2624 967 2645 mors
999 2615 1096 2645 unius
1121 2614 1192 2647 Filii
1248 2616 1395 2659 porales,
1432 2628 1498 2648 non
1534 2618 1709 2660 impositas
1743 2620 1883 2651 arbitrio
1918 2621 2157 2659 ministrorum,
2188 2621 2249 2652 sed

193 2650 271 2685 Dei.
319 2653 373 2685 Sic
396 2653 515 2686 Matth.
535 2655 588 2687 2¹0.
614 2657 762 2688 nominat
785 2668 881 2689 suam
904 2658 1098 2700 passionem
1121 2659 1195 2700 ipse
1248 2672 1443 2693 comumnes
1477 2660 1554 2694 illas
1591 2669 1756 2706 vagantes
1785 2674 1846 2705 per
1869 2670 1975 2696 totum
1999 2675 2107 2707 genus
2132 2666 2248 2697 huma-

2037 2727 2088 2751 42·
