2383 2990
168 118 231 149 651

169 222 211 243 an
237 212 294 243 tibi
319 213 395 243 data
419 213 459 243 sit
485 213 648 243 remissio.
680 211 773 243 Haec
798 212 989 253 imaginatio
1015 221 1155 252 prorsus

170 262 222 286 est
245 254 396 287 Ethnica.

257 342 328 372 Nus
364 346 478 371 contra
514 342 564 371 his
600 341 771 371 erroribus
807 341 1004 381 opponimus
1043 351 1156 371 vocem

170 384 360 426 Evangelii,
397 394 426 414 et
459 384 597 415 dicimus
629 390 784 424 oportere
807 382 951 424 aliquam
976 393 1054 414 esse
1079 395 1158 415 con-

170 429 346 464 tritionem,
367 428 399 457 id
423 434 484 461 est,
510 437 610 458 veros
636 437 793 467 pavores.
817 433 847 457 et
873 425 1006 457 dolores
1030 428 1158 458 intuen-

170 479 221 502 tes
245 472 326 501 iram
361 469 437 507 Dei,
472 470 526 511 qui
563 471 594 500 in
625 469 700 500 aliis
725 471 850 511 magis,
884 470 915 500 in
945 469 1019 501 aliis
1050 470 1156 501 minus

169 524 265 545 acres
289 523 385 551 sunt,
410 514 470 544 sed
495 524 559 543 non
585 514 705 553 pendet
729 525 769 544 ex
794 513 908 544 horum
933 513 1157 554 magnitudine

168 557 339 593 remissio,
371 568 485 587 verum
517 563 645 597 oportet
670 557 833 587 accedere
856 555 969 587 fldem.
1002 567 1066 597 qua
1097 557 1156 587 tibi

169 601 232 642 ipsi
264 601 382 631 credas
412 601 531 630 remitti
556 601 660 641 gratis
689 607 825 640 propter
851 599 1082 636 mediatorem,
1116 599 1156 630 de

169 644 233 675 hac
257 643 321 674 fide
346 644 466 674 dictum
492 649 560 674 est:
596 643 764 674 lustiticati
790 643 871 681 tide,
907 653 1022 683 pacem
1057 642 1157 673 hube-

168 698 241 718 mus
265 687 353 727 apud
378 686 504 724 Deum,
539 692 569 717 et
594 687 620 716 si
645 685 729 717 haec
754 685 854 723 fides,
886 692 917 717 et
942 686 1062 716 fiducia
1087 684 1156 716 filii

168 729 232 761 Dei
256 740 321 760 non
342 730 546 767 accenditur,
569 740 663 760 mens
689 740 753 760 non
779 731 922 760 intuetur
945 728 1061 760 Filium
1082 728 1157 766 Dei,

168 784 235 805 non
261 773 352 804 ducit
376 773 626 813 propitiatorem
656 783 743 803 esse.
790 772 942 803 Necesse
974 778 1025 803 est
1048 778 1157 802 autem

168 818 321 857 teipsum
344 826 532 858 agnoscere
547 815 662 847 filium
676 816 751 852 Dei,
771 822 800 846 et
826 815 914 846 hunc
938 815 966 845 ei
989 815 1157 856 proprium

167 860 331 891 honorem
366 860 534 898 tribuere,
570 866 603 890 ut
638 859 695 890 tibi
719 859 978 900 propitiatorem,
1003 865 1035 889 et
1058 859 1156 888 inter-

170 913 359 941 cessorem,
394 908 426 934 et
462 913 623 934 summum
660 903 869 933 sacerdotem
905 912 981 932 esse
1015 907 1155 932 statuas.

169 947 267 978 Hunc
295 945 457 977 honorem
481 957 547 976 non
573 946 601 976 ei
624 947 769 976 tribuunt
795 944 935 982 diaboli,
968 945 1022 986 qui
1059 945 1155 975 etiam

168 998 289 1021 norunt
315 988 500 1027 articulum,
524 989 750 1021 remissionem
765 997 981 1029 peccatorum
1002 986 1157 1019 videlicet

169 1034 286 1065 donari
311 1031 396 1070 aliis,
421 1043 485 1063 non
511 1033 584 1063 sibi.
631 1031 745 1073 ltaque
776 1032 884 1062 donec
907 1031 1008 1062 homo
1032 1036 1157 1062 tantum

168 1076 255 1108 hanc
280 1074 469 1118 generalem
493 1077 691 1106 sententiam
716 1075 840 1112 credit,
863 1073 937 1105 aliis
950 1075 1070 1105 remitti
1089 1084 1156 1105 non
1180 1099 1187 1271 Ι

1179 1333 1185 1645 1

169 1121 243 1158 sibi,
268 1120 412 1150 nondum
437 1119 549 1150 tribuit
573 1128 687 1149 verum
712 1119 872 1149 honorem
896 1116 979 1148 Filio
1000 1117 1076 1155 Dei,
1094 1127 1157 1149 nec

168 1164 231 1195 sibi
254 1161 399 1204 applicat
420 1162 687 1204 promissionem.

255 1249 371 1290 ltaque
395 1248 507 1279 luceat
530 1249 562 1279 in
585 1246 740 1280 Ecclesia
774 1248 951 1280 discrimen
986 1246 1090 1289 legis,
1125 1254 1157 1278 et

167 1292 354 1334 Evangelii,
376 1300 408 1323 et
426 1292 533 1323 sciant
558 1302 673 1323 omnes
699 1292 867 1333 propriam
892 1301 968 1322 esse
981 1289 1156 1332 Evangelii

166 1336 442 1377 promissionem,
485 1345 570 1376 quae
606 1335 749 1366 ostendit
790 1335 1003 1366 mediatorem
1038 1333 1156 1366 Filium

166 1379 250 1418 Dei,
285 1386 313 1410 et
347 1379 506 1420 promittit
534 1386 672 1420 propter
707 1388 779 1409 eum
802 1379 907 1420 gratis
937 1378 1055 1409 remitti
1079 1387 1156 1420 pec-

167 1430 255 1461 cata,
279 1428 312 1454 et
336 1423 369 1453 in
394 1421 481 1453 hanc
503 1422 756 1462 promissionem
784 1421 1009 1453 universalem
1032 1419 1155 1463 singuli

165 1476 229 1498 nos
258 1467 353 1507 ipsos
381 1466 413 1496 in
440 1465 526 1497 veris
555 1464 727 1497 doloribus
750 1463 979 1503 includamus,
1015 1470 1046 1496 et
1070 1465 1155 1496 scia-

165 1520 241 1541 mus
264 1509 454 1540 mandatum
478 1507 541 1540 Dei
565 1518 660 1547 esse,
686 1514 719 1539 ut
744 1507 860 1540 Filium
884 1507 948 1539 Dei
971 1508 1155 1546 audiamus,

168 1559 201 1585 et
224 1553 254 1584 ei
278 1553 460 1584 tribuamus
496 1552 657 1583 honorem
680 1551 924 1593 propitiatoris,
961 1558 993 1583 et
1016 1553 1155 1593 promis-

166 1597 294 1628 sionem
312 1594 561 1636 amplectamur.

255 1681 337 1714 Cum
361 1682 461 1724 igitur
479 1681 545 1714 hoc
569 1682 668 1713 modo
691 1688 918 1713 sustentamus
942 1692 1005 1713 nos
1030 1682 1154 1723 cogita-

167 1728 257 1758 tione
280 1725 531 1767 promissionis,
564 1731 595 1756 et
618 1724 690 1757 filii
714 1725 799 1756 Dei:
834 1725 1029 1756 accenditur
1058 1724 1154 1762 fides,

167 1776 200 1802 et
224 1779 348 1801 causae
372 1775 610 1800 concurrentes
630 1775 718 1807 sunt,
743 1780 808 1800 vox
828 1767 1002 1810 Evangelii
1027 1774 1059 1799 et
1082 1767 1154 1809 Spi-

167 1814 251 1845 ritus
282 1819 437 1850 sanctus,
472 1820 501 1843 ct
531 1823 625 1843 mens
661 1813 812 1854 cogitans
843 1812 1100 1853 promissionem
1123 1818 1182 1881 et*

166 1855 335 1894 voluntas,
359 1866 399 1887 ac
423 1865 482 1886 cor
505 1865 570 1886 non
596 1866 800 1897 repugnanS,
820 1855 879 1887 sed
899 1861 1060 1896 expetens
1076 1865 1154 1886 con-

167 1899 366 1931 solationem
390 1899 546 1937 divinam,
570 1905 603 1930 et
622 1900 812 1930 assentiens
832 1899 1057 1940 promissioni,
1081 1908 1156 1930 cum

168 1944 298 1985 quidem
333 1950 360 1973 et
387 1953 406 1973 a
430 1942 554 1983 Spiritu
578 1950 696 1973 sancto
720 1943 896 1973 adiuvatur
931 1949 961 1973 et
992 1942 1078 1973 inter
1101 1941 1156 1972 tri-

169 1994 238 2018 stes
263 1987 404 2028 gemitus
428 1986 565 2028 erigitnr
584 1992 769 2027 conspectu
791 1984 862 2016 Filii
876 1984 950 2024 Dei,
969 1995 1064 2027 quem
1090 1990 1156 2015 sta-

169 2031 239 2067 tuit,
263 2040 328 2060 non
353 2028 476 2060 frustra
499 2027 623 2060 factum
648 2039 726 2060 esse
749 2029 926 2067 victimam,
949 2034 981 2059 et
1003 2027 1068 2058 hac
1090 2027 1156 2059 fide

170 2074 281 2105 credis
307 2083 371 2103 non
396 2078 521 2103 tantum
544 2071 629 2111 aliis,
665 2073 725 2103 sed
749 2072 806 2103 tibi
830 2072 911 2113 ipsi,
945 2077 1082 2113 propter
1104 2070 1157 2102 Fi-

168 2115 248 2148 lium
272 2116 335 2148 Dei
360 2117 463 2158 gratis
488 2116 617 2146 remitti.

261 2201 343 2234 Cum
374 2201 458 2234 haec
488 2201 571 2233 fides
596 2212 742 2233 accensa
767 2207 834 2240 est,
858 2202 921 2232 iam
945 2207 978 2233 et
1002 2201 1156 2232 contritio

170 2246 207 2279 fit
231 2247 329 2277 timor
352 2244 481 2284 filialis,
515 2252 546 2276 et
580 2245 778 2277 sacrificium
803 2245 893 2276 iuxta
917 2243 1012 2276 illud:
1047 2244 1158 2275 Sacri—

170 2289 281 2322 ficium
306 2288 380 2320 Deo
406 2295 548 2331 gratuiti,
573 2290 709 2330 spiritus
734 2287 978 2320 contribulatus
1003 2294 1066 2319 etc.
1092 2286 1159 2318 Cor

170 2333 326 2364 irascitur
350 2339 500 2374 peccato,
522 2331 609 2363 dolet
634 2331 741 2363 Deum
767 2332 927 2363 offensum
952 2341 1044 2371 esse,
1071 2330 1157 2362 alios

170 2375 285 2407 laesos
295 2386 382 2413 esse,
394 2375 481 2407 dolet
492 2374 678 2407 Ecclesiam
689 2375 846 2417 pollutam
856 2386 945 2413 esse,
956 2375 1047 2406 doiet
1061 2384 1158 2405 scan-

172 2418 246 2451 dala
258 2420 380 2450 exitata
389 2418 573 2457 essestolet
583 2418 741 2461 Spiritum
755 2426 904 2450 sanctum
919 2419 950 2450 in
960 2417 1072 2449 multis
1080 2428 1158 2449 con-

171 2464 334 2494 tristatum
345 2473 435 2501 csse,
446 2461 534 2494 dolet
545 2462 663 2493 attrahi
675 2474 800 2504 poenas
810 2461 952 2493 familiae
961 2468 993 2493 et
1003 2461 1158 2499 caeteris,

173 2505 263 2538 dolet
284 2506 431 2547 impediri
457 2507 575 2547 poenis
596 2504 734 2537 alimum
755 2506 1010 2543 invocationem,
1035 2510 1067 2536 et
1093 2502 1158 2535 alia

172 2551 362 2582 necessaria
378 2548 499 2581 officia.
521 2549 674 2591 Denique
689 2548 944 2581 innumerabiles
959 2559 1080 2580 causae
1092 2559 1160 2579 ma-

172 2603 314 2636 gnorum
339 2591 491 2625 dolorum
515 2599 729 2625 concurrunt.
758 2593 806 2624 lta
829 2591 949 2624 dolens
970 2602 1008 2623 se
1028 2591 1158 2623 subiicit

805 116 918 149 PfflL.
943 115 1045 148 MEL.
1070 114 1259 148 SCRIPTA
1283 116 1563 149 DOGMA'HCA.

2133 117 2200 148 652

1210 210 1297 249 Deo,
1321 221 1347 242 et
1376 211 1496 242 fatetur
1519 221 1597 242 esse
1621 212 1740 242 iustam
1758 212 1840 242 iram
1863 211 1945 250 Dei,
1976 220 2007 242 et
2038 212 2117 252 petit
2142 222 2197 243 ve-

1211 255 1310 291 nian»,
1336 262 1367 284 et
1391 265 1464 285 cum
1490 254 1554 285 fide
1579 265 1696 286 revera
1709 254 1843 294 incipiat
1857 255 2071 296 acquiescere
2094 256 2126 286 in
2146 255 2199 286 Fi-

1210 296 1256 328 lio
1280 297 1355 335 Dei,
1381 304 1473 329 certo
1499 299 1616 338 accipit
1642 297 1871 328 remissionem
1896 304 2122 339 peccatorum,
2146 298 2197 330 Ac

1212 341 1379 371 discamus
1402 339 1489 371 hanc
1512 351 1589 371 esse
1613 340 1816 372 voluntatem
1840 340 1924 379 Dei,
1948 348 1978 372 ut
2005 343 2198 383 acquiesca-

1212 395 1284 414 mus
1308 384 1340 414 in
1364 384 1605 424 promissione,
1630 392 1657 414 et
1685 390 1870 414 statuamus
1904 394 1968 415 nos
1999 386 2048 415 sic
2082 385 2196 426 recipi,

1211 433 1242 458 et
1267 427 1383 457 donari
1408 428 1637 458 remissionem
1663 434 1889 468 peccatorum.
1924 428 2022 468 idque
2051 429 2117 469 agit
2142 429 2198 459 mi-

1210 471 1330 506 nister.
1367 470 1395 499 in
1428 469 1635 501 absolvendo
1666 470 1805 511 applicat
1838 469 1978 511 singulis
2008 472 2198 511 promissio·

1209 523 1293 543 nem.

1298 597 1403 629 Simul
1433 600 1529 630 etiam
1555 610 1628 630 cnm
1660 601 1690 630 in
1726 598 1782 630 tali
1808 601 2006 631 contritione
2038 600 2136 631 homo
2161 613 2198 632 se

1211 642 1338 673 subiicit
1366 641 1459 680 Deo,
1495 648 1524 671 et
1560 642 1623 673 fide
1659 654 1731 674 eum
1763 644 1915 680 invocat.
1952 649 1983 674 et
2008 644 2119 684 incipit
2142 656 2197 675 ac-

1211 685 1387 726 quiescere
1412 686 1442 716 in
1467 686 1664 717 mediatore:
1690 687 1787 717 datm*
1812 697 1927 717 revera
1953 687 2091 727 Spiritus
2121 697 2198 719 san-

1211 734 1297 767 ctus,
1322 735 1349 759 et
1376 727 1551 760 inchoatur
1569 740 1656 761 nova
1677 730 1876 767 obedientia,
1900 730 1933 760 id
1957 736 2020 767 est,
2039 729 2197 762 voluntas

1211 772 1274 802 iam
1298 770 1397 802 habet
1430 772 1550 803 bonum
1575 773 1798 814 propositum,
1834 774 1948 815 agnita
1971 774 2198 805 misericordia

1210 814 1274 845 Dei
1288 815 1400 855 incipit
1424 825 1497 845 eum
1522 814 1677 857 diligere,
1702 822 1733 847 et
1758 817 1926 855 invocare,
1949 822 1981 847 et
2004 827 2072 848 non
2095 816 2191 859 fug-it,

1212 856 1391 898 utfugiunt
1419 857 1514 896 Cain,
1537 857 1619 890 Saul
1642 866 1672 890 et
1696 857 1831 890 similes.

1298 942 1386 981 Dixi,
1410 944 1576 984 quomodo
1600 944 1655 975 fiat
1680 946 1868 983 conversio,
1892 944 2034 984 scilicet,
2059 956 2197 977 concur-

1210 987 1360 1017 rentibus
1395 985 1445 1018 his
1478 988 1723 1019 mutationibus.
1770 988 1805 1019 ln
1838 989 1970 1019 homine
2000 990 2139 1029 primum
2163 988 2196 1019 fn

1212 1030 1389 1067 contritio,
1423 1041 1498 1061 cum
1533 1031 1736 1072 cogitatione
1769 1032 1837 1062 irae
1871 1031 1936 1063 Dei
1970 1038 2200 1073 expavescunt

1212 1073 1328 1111 corda,
1362 1080 1393 1103 et
1417 1084 1498 1104 vero
1524 1073 1640 1105 dolore
1664 1074 1855 1105 afficiuntur
1889 1081 2025 1115 propter
2048 1081 2197 1115 peccata.

1211 1116 1340 1147 Deinde
1364 1116 1400 1147 fit
1424 1116 1622 1155 consolatio,
1646 1128 1710 1159 qua
1735 1118 1798 1148 fide
1815 1118 1977 1159 accipitur
1995 1119 2147 1149 remissio
2166 1125 2197 1149 et

1213 1160 1315 1191 corda
1337 1160 1495 1201 incipiunt
1519 1161 1736 1202 acquiescere
1760 1162 1792 1192 in
1816 1160 1892 1191 Deo
1916 1168 2054 1202 propter
2077 1161 2198 1192 media-

1211 1210 1335 1240 torem,
1370 1209 1401 1234 et
1436 1214 1553 1235 rursus
1583 1203 1741 1235 inchoant
1770 1204 2002 1242 obedientiam,
2038 1212 2069 1236 et
2104 1214 2198 1246 spem

1211 1247 1299 1278 vitae
1333 1254 1498 1278 aeternae.
1545 1247 1636 1278 Haec
1666 1248 1712 1279 ita
1735 1247 1825 1286 fieri,
1860 1248 2034 1279 manifeste
2056 1253 2200 1279 testatur

1210 1290 1413 1331 experientia
1437 1290 1581 1321 omnium
1601 1291 1728 1332 piorum
1753 1292 1784 1322 in
1798 1289 1963 1329 Ecclesia,
1988 1301 2128 1333 quorum
2152 1297 2197 1322 te-

1210 1333 1399 1364 stimonium
1422 1344 1489 1365 non
1513 1335 1791 1366 contemnendum
1815 1341 1885 1372 est,
1907 1341 1943 1365 ut
1964 1333 2076 1366 David
2100 1343 2198 1376 expa-

1210 1377 1315 1408 vescit
1339 1377 1491 1417 primum,
1516 1377 1683 1419 inquiens:
1709 1377 1853 1409 Peccavi
1875 1376 2033 1409 Domino.
2068 1376 2198 1409 Deinde

1210 1420 1346 1462 erigitur
1371 1419 1615 1459 consolatione,
1640 1422 1783 1452 credens
1795 1420 2017 1452 absolutioni:
2040 1420 2116 1452 Non
2130 1430 2196 1451 mo-

1210 1464 1317 1502 rieris,
1340 1462 1506 1494 Dominus
1530 1463 1667 1495 abstutit
1693 1471 1866 1505 peccatum
1895 1470 1998 1502 tuum,
2022 1470 2054 1495 et
2077 1463 2197 1494 Esaiae

1208 1506 1261 1538 38.
1307 1506 1379 1538 Rex
1408 1506 1572 1538 Ezechias
1603 1508 1763 1538 describit
1786 1517 1953 1551 pavores:
1988 1507 2092 1543 Quasi
2125 1506 2196 1538 Leo

1210 1550 1366 1581 contrivit
1390 1551 1499 1581 onmia
1512 1560 1592 1581 ossa
1609 1561 1682 1582 mea
1706 1558 1767 1582 etc.
1813 1550 1938 1582 Postea
1950 1556 1982 1581 et
1997 1548 2198 1582 consolatio·

1209 1603 1300 1624 ncm:
1337 1593 1511 1624 l’roiecisti
1542 1601 1618 1634 post
1649 1600 1778 1636 tergum
1809 1594 1918 1625 omnia
1947 1600 2089 1635 peccata
2111 1603 2196 1631 mea,

1209 1643 1241 1668 et
1264 1637 1389 1678 scripta
1421 1637 1548 1678 piorum
1577 1644 1613 1669 ut
1636 1637 1813 1679 Augustini
1843 1643 1876 1668 et
1903 1636 2094 1668 Bernhardi
2117 1646 2197 1668 con·

1209 1686 1342 1722 gruunt.
1398 1679 1517 1722 Longa
1558 1687 1610 1712 est
1649 1681 1767 1712 concio
1802 1679 1991 1711 Bernhardi
2031 1679 2197 1717 docentis,

1209 1724 1365 1765 coniungi
1399 1730 1555 1764 oportere
1591 1724 1824 1755 contritionem
1860 1731 1890 1754 et
1921 1722 2030 1755 fidem.
2097 1722 2198 1754 Dicat.

1207 1768 1349 1809 quisque
1372 1767 1404 1797 iu
1428 1777 1554 1807 pavore
1577 1777 1657 1798 suo:
1679 1767 1800 1798 vadam
1813 1767 1854 1797 ad
1867 1772 1983 1808 portas
2001 1764 2195 1804 inferorum,

1207 1816 1243 1842 ut
1267 1811 1330 1841 iam
1354 1820 1419 1841 non
1444 1810 1507 1841 nisi
1541 1811 1572 1841 in
1597 1809 1671 1841 sola
1694 1810 1758 1841 Dei
1792 1810 2020 1841 misericordia
2055 1809 2197 1850 respire-

1207 1864 1292 1885 mus.
1339 1853 1430 1885 Haec
1459 1859 1511 1884 est
1539 1864 1619 1885 vera
1643 1853 1766 1885 fiducia
1797 1863 1883 1895 quae
1906 1853 1947 1884 ad
1972 1862 2118 1894 pavores
2141 1862 2196 1884 ac-

1209 1897 1309 1935 cedit,
1334 1898 1385 1928 cui
1409 1897 1639 1928 misericordia
1663 1907 1731 1928 non
1755 1897 1951 1938 denegatur.

1296 1983 1354 2014 Sic
1376 1990 1409 2014 et
1433 1982 1634 2024 Prophetae,
1670 1988 1703 2014 et
1731 1980 1888 2024 Apostoli
1911 1982 1952 2013 de
1976 1981 2198 2014 conversione

1209 2027 1462 2064 concionantur,
1495 2033 1530 2057 ut
1554 2025 1678 2058 Paulus
1701 2026 1733 2057 in
1756 2025 1820 2057 hac
1844 2026 1918 2067 ipsa
1942 2023 2095 2067 Epistola
2118 2035 2197 2056 con-

1208 2071 1314 2113 iungit
1336 2069 1624 2101 mortificationem
1660 2075 1691 2100 et
1715 2068 1985 2106 vivificationem,
2019 2067 2072 2100 Ac
2096 2067 2197 2100 valde

1209 2115 1347 2156 prodest
1372 2113 1497 2144 moneri
1520 2113 1679 2150 iuniores,
1698 2113 1782 2144 haec
1806 2110 1973 2143 vocabula
1996 2112 2131 2153 proprie
2154 2110 2195 2142 de

1210 2168 1290 2188 vera
1325 2156 1547 2188 conversione
1581 2157 1623 2187 ad
1657 2155 1765 2187 Deum
1789 2153 2003 2197 intelligenda
2029 2164 2128 2193 esse,
2163 2159 2196 2185 et

1210 2200 1423 2232 reiiciendam
1458 2210 1536 2231 esse
1571 2200 1875 2240 interpretationem
1901 2208 2026 2237 eorum,
2061 2197 2116 2240 qui
2140 2197 2196 2228 de-

1211 2249 1379 2275 torserunt
1402 2242 1494 2275 Pauli
1519 2243 1607 2274 dicta
1632 2243 1673 2274 ad
1697 2242 1918 2284 Hypocrisin,
1951 2241 1993 2272 ad
2017 2242 2101 2273 ritus
2125 2239 2196 2272 Μο-

1210 2287 1406 2324 nachorum,
1430 2293 1462 2318 et
1481 2286 1522 2318 ad
1547 2285 1626 2317 talia
1648 2285 1787 2327 puerilia
1810 2285 1985 2323 exercitia,
2009 2284 2077 2316 Sed
2103 2281 2197 2315 Pauli

1211 2331 1372 2362 sententia
1396 2330 1573 2371 perspicua
1597 2336 1647 2361 est
1671 2329 1865 2360 observanti
1894 2328 2045 2369 pondera
2080 2327 2198 2358 verbo-

1211 2385 1298 2405 rum:
1317 2373 1407 2405 Estis
1428 2373 1545 2404 mortui
1570 2372 1731 2414 peccatis,
1754 2379 1787 2403 et
1810 2371 1996 2403 circumcisi
2028 2369 2198 2402 circumci-

1211 2418 1305 2449 sione
1328 2427 1395 2448 non
1414 2427 1512 2447 manu
1532 2414 1633 2455 sacta,
1651 2416 1804 2448 exuendo
1829 2425 1952 2456 corpus
1981 2420 2198 2456 peccatorum

1211 2470 1331 2493 carnis.

1298 2546 1390 2579 naec
1416 2547 1457 2579 de
1481 2546 1680 2578 contritione
1703 2545 1874 2582 dicuntur,
1908 2549 2028 2586 postea
2051 2543 2092 2574 de
2121 2541 2199 2581 fide,

1213 2601 1279 2633 qua
1302 2592 1339 2622 fit
1351 2589 1550 2629 consolatio,
1568 2589 1692 2631 inquit:
1714 2587 1819 2621 Simul
1837 2587 2030 2620 resuscitati
2046 2587 2128 2618 estis
2139 2595 2199 2627 per
