2383 2990
172 135 233 166 311

171 235 360 271 praecepto.
385 234 460 260 sunt
486 228 594 258 onmia
619 225 737 257 delicta
761 226 922 263 omnium,
958 226 1078 267 quibus
1102 227 1159 257 im·

171 274 300 314 peditur
323 272 539 303 ministerium
554 269 806 311 Evangelieum,
825 275 967 310 peccant
990 268 1159 310 Episcopi,

172 316 296 358 Reges,
322 315 493 355 Principes
518 320 549 345 et
572 314 690 354 privati
717 313 879 349 homines,
893 313 1027 353 quinon
1042 319 1160 343 curant

170 370 233 391 suo
254 359 329 391 loco
355 368 558 389 conservare
583 364 615 387 et
639 357 723 387 tucri
737 354 907 397 Evangelii
930 355 1160 394 ministerium,

170 414 234 434 1100
258 405 369 434 iuvam
393 401 503 431 studia
527 399 694 431 literarum
709 405 741 430 et
753 400 871 430 artium
892 400 1085 430 necessaria
1098 399 1160 429 Ec-

170 445 304 476 clesiae.
329 445 489 475 Atrocius
515 444 613 474 etiam
637 449 778 484 peccant
802 442 944 484 tyranni,
969 443 1024 483 qui
1048 441 1160 473 delere

169 489 278 520 fontes
303 498 407 528 purae
431 487 603 517 doctrinae
627 492 803 523 conantur,
823 492 855 516 et.
879 486 934 527 qui
956 486 1160 526 piosdocto-

170 542 224 563 res
248 531 458 563 interficiunt.

256 600 317 631 Hic
341 601 438 630 etiam
462 600 608 630 iuniores
633 598 830 629 admonendi
864 604 940 629 sunt
964 598 1005 628 de
1031 597 1159 628 Sabba-

169 646 191 675 ti
216 643 355 675 Levitici
389 643 619 685 abrogatione,
653 652 726 673 cum
750 641 928 682 quaeritur,
954 641 1003 671 An
1028 642 1160 671 tertium

169 693 384 728 praeceptum
408 687 450 717 ad
475 696 536 717 nos
562 687 737 727 pertineat,
758 696 832 716 cum
852 685 1028 716 sabbatum
1040 684 1160 714 Leviti-

171 742 245 762 cnm
268 741 356 761 nunc
381 729 540 761 abolitum
560 730 612 760 sit.

256 799 309 830 De
332 799 396 831 hac
420 799 618 840 quaestione
642 803 733 828 recte
753 797 870 828 dicitur
893 796 1040 837 speciem
1064 796 1161 826 abro-

171 849 281 885 gatam
305 853 393 877 esse,
418 849 450 873 et
473 841 577 873 luisse
602 841 823 873 ceremoniam
838 841 1006 881 propriam
1026 837 1161 879 politiae

172 886 354 925 Mosaioae,
388 892 424 917 ut
459 886 599 927 septimo
637 886 689 915 die
717 883 802 915 tales
827 885 909 914 ritus
933 889 1160 914 servarentur.

170 930 211 961 Et
236 936 345 960 tamen
368 928 437 961 vult
450 929 544 960 Deus
569 938 701 969 semper
723 937 858 958 manere
878 927 1091 957 ministerium
1105 926 1162 956 do-

172 974 280 1011 cendi,
305 980 336 1004 et
359 978 571 1004 sacramenta
594 983 655 1012 pro
679 978 830 1011 tempore
854 970 1004 1000 instituta
1027 969 1163 1009 admini7

172 1017 310 1047 5111111111.
355 1016 397 1047 Et
419 1012 595 1047 Ecclesiae
620 1015 771 1045 omnibus
796 1013 1000 1054 temporibus
1025 1013 1080 1043 dat
1104 1013 1163 1043 1111-

171 1062 306 1098 nistros,
343 1067 375 1091 et
409 1070 541 1100 semper
564 1057 635 1090 vult
664 1056 816 1098 publicos
842 1066 1048 1098 congressus
1073 1066 1161 1093 esse,

171 1110 206 1135 ut
229 1105 260 1134 in
285 1113 407 1144 genere
428 1103 571 1133 humano
596 1112 660 1132 vox
685 1102 726 1131 110
750 1100 851 1137 Filio,
876 1100 1020 1130 Domino
1046 1105 1161 1130 nostro

173 1147 250 1178 lesu
275 1146 410 1178 Christo
435 1146 642 1183 examplatur,
666 1150 699 1175 et
722 1151 801 1175 nota
825 1144 876 1175 sit.
908 1144 962 1173 Sic
986 1143 1084 1184 igitur
1109 1152 1164 1184 ge-

172 1202 234 1222 nus
260 1200 327 1220 non
352 1196 403 1220 est
426 1190 637 1230 abrogfunn,
674 1188 715 1218 de
739 1198 804 1229 qno
829 1186 1057 1228 principaliter
1080 1186 1164 1217 haec

173 1234 267 1265 tertia
291 1232 346 1264 lex
369 1232 537 1274 Decalogi
561 1232 719 1273 loquitur,
746 1230 916 1269 videlicet,
947 1236 1163 1271 praeceptum

172 1277 423 1308 sewrissimnm
447 1277 488 1307 de
502 1276 758 1306 conservatione
778 1275 948 1305 ministerii
963 1282 1165 1315 quocunque

173 1327 332 1362 tempore.
766 1324 769 1327 '

259 1390 432 1421 pertinent,
477 1389 576 1430 igitur
610 1386 674 1419 huc
712 1388 822 1425 dicta,
868 1397 952 1428 quae
986 1386 1165 1428 perspicue

174 1434 356 1465 ostendunt
380 1439 412 1463 et.
435 1433 618 1463 institutum
642 1441 720 1462 0550
754 1431 972 1461 ministerium
996 1428 1165 1471 publicum

174 1477 317 1508 docendi
341 1474 538 1518 Evangelii,
574 1480 607 1506 et
637 1475 825 1505 mandatam
862 1484 940 1504 esse
964 1483 1096 1510 curam,
1130 1477 1165 1502 ut

174 1531 290 1551 omnes
316 1520 603 1551 conservationem
627 1519 833 1555 adinvemuS,
868 1518 932 1548 imo
969 1522 1002 1547 et
1024 1516 1165 1557 promis-

175 1565 288 1595 siones
313 1564 455 1601 additas,
480 1572 566 1604 quae
589 1562 763 1592 adfirmant
778 1561 1068 1592 conservationem
1082 1559 1165 1596 01115,

175 1613 207 1638 et
232 1608 368 1638 crebras
391 1606 669 1643 instaurationes,
705 1603 889 1647 singularia
912 1603 976 1634 Dei
1006 1613 1108 1644 opera
1134 1608 1166 1633 et

175 1652 338 1682 beneficia
362 1660 450 1681 esse.

262 1710 377 1742 lohan.
401 1710 454 1741 ⁶20.
501 1709 595 1741 Sicut
628 1709 715 1740 misit
739 1719 790 1739 mc
814 1709 926 1746 Pater,
952 1713 985 1739 et
1007 1717 1070 1749 ego
1094 1706 1165 1738 mit-

176 1762 210 1786 to
235 1765 308 1786 vos.

263 1824 346 1855 Luc.
374 1823 424 1854 10.
470 1823 535 1858 Qui
568 1832 630 1854 vos
665 1822 768 1859 audit,
803 1831 855 1852 me
877 1821 980 1857 audit,
1016 1818 1080 1854 Qui
1104 1828 1166 1849 vos

177 1869 314 1909 spernit,
349 1878 401 1898 me
430 1867 569 1908 spernit.
614 1865 657 1896 Et
685 1866 726 1896 ad
750 1864 854 1906 Ephe.
880 1864 911 1894 4.
957 1863 1058 1894 Dedit
1081 1861 1166 1893 alios

177 1912 308 1953 quidem
343 1909 548 1952 Apostolos,
584 1908 669 1940 alios
707 1915 817 1940 autem
842 1906 1047 1948 Prophetas,
1082 1904 1166 1936 alios

176 1953 428 1996 lix-angelistas,
453 1952 538 1984 alios
562 1952 736 1990 PastoreS,
762 1957 794 1982 et
817 1951 987 1982 Doctores
1008 1956 1071 1981 etc.
1117 1949 1168 1980 Ne

176 1999 282 2030 simus
306 1996 398 2029 stulti
419 1997 630 2034 fluctuantes,
655 2006 717 2026 1100
741 1996 1005 2035 eircumagamur
1019 1992 1169 2035 quolibet

177 2047 278 2072 vento
304 2042 475 2072 doctrinae
494 2051 553 2081 per
576 2039 778 2081 praestigias
801 2037 968 2069 hominum
993 2042 1054 2068 etc.

264 2110 301 2141 In
324 2109 390 2141 hoc
414 2110 501 2141 dicto
527 2114 558 2140 et
581 2114 796 2150 praeceptum
819 2113 882 2145 051,
901 2112 937 2138 ut
950 2107 1167 2138 ministerium

180 2163 433 2191 conservemuS,
458 2161 490 2183 et
513 2153 703 2194 promissio,
728 2161 813 2193 quae
835 2150 987 2182 adfirmat
1011 2150 1167 2181 divinitus

179 2198 273 2236 mitti,
298 2202 330 2228 et
354 2197 491 2227 excitari
516 2196 684 2227 Doctores
709 2194 894 2233 salutares,
918 2204 1059 2236 quorum
1083 2203 1168 2224 voce

179 2241 319 2272 subinde
341 2239 399 2271 lux
422 2240 594 2271 doctrinae
618 2239 829 2277 restituatur,
854 2248 896 2270 ne
919 2248 999 2269 vera
1023 2236 1088 2268 Dei
1110 2246 1169 2267 no-

180 2285 250 2316 titia
272 2285 305 2315 in
325 2294 450 2326 genere
474 2283 619 2314 humano
644 2283 866 2324 extinguatur.

266 2353 343 2385 Non
372 2354 493 2384 addam
521 2352 574 2383 1110
598 2351 783 2393 longiorem
807 2351 1049 2382 enarrationem
1071 2348 1169 2380 huius

182 2397 365 2438 praecepti,
397 2403 523 2427 tantum
549 2406 608 2427 oro
633 2394 803 2433 lectorem,
838 2400 874 2426 ut
897 2394 1038 2435 cogitet,
1073 2403 1169 2434 quam

182 2450 314 2481 magna,
340 2446 371 2470 01
397 2451 495 2481 quam
520 2440 714 2471 necessaria
739 2448 841 2479 opera
865 2439 1042 2469 universae
1054 2434 1170 2467 Eccle-

183 2483 253 2513 siae
276 2482 329 2513 hic
351 2484 609 2524 praecipiantur,
633 2483 661 2513 si
686 2483 727 2513 de
751 2482 1008 2514 conservatione
1027 2480 1171 2511 ministe-

183 2527 221 2556 rii
247 2525 310 2556 hoc
333 2533 543 2567 praeceptum
567 2525 760 2567 simpliciter
782 2523 1004 2566 intelligatur,
1030 2529 1062 2554 et
1084 2523 1171 2554 hanc

184 2568 326 2600 fideliter
350 2571 505 2601 adiuvare
535 2569 638 2608 volet,
670 2570 755 2601 510111
780 2569 853 2601 51110
875 2567 944 2599 ulla
968 2567 1171 2599 dubitatione

185 2613 399 2644 severissime
422 2612 516 2645 Deus
539 2613 712 2654 praecipit.

808 130 922 162 PlllL.
945 129 1051 161 MEL.
1065 129 1256 162 SCRIPTA
1278 127 1561 161 DOGMATICA.

1187 1502 1193 1611 ἓ
1302 1548 1338 1579 111
1373 1548 1527 1578 omnibns

2137 125 2200 158 312

1301 224 1363 255 Hie
1387 224 1547 264 conqueri
1572 223 1670 254 etiam
1681 221 1895 263 peculialiter
1906 221 2124 254 iustissimum
2137 227 2200 260 est,

1214 268 1255 298 de
1279 267 1572 309 gubernatoribus,
1597 266 1652 307 qui
1676 264 1848 307 negligunt
1862 266 2114 303 ordinationem,
2139 275 2202 296 1100

1214 317 1331 342 curant
1365 310 1442 351 eligi
1476 310 1646 340 ministros
1670 309 1827 346 idoneos,
1860 319 1924 340 nec
1947 315 2065 350 postea
2088 308 2203 339 iuvant

1214 354 1377 392 examina,
1402 360 1433 384 et
1456 354 1707 394 inspectionem.
1754 352 1846 383 Haeo
1867 363 1988 394 magna
2001 350 2203 393 negligentia

1214 398 1314 429 etiam
1348 398 1381 428 in
1416 398 1541 427 nostris
1564 395 1729 427 Ecclesiis
1764 397 1888 426 usitata
1911 401 1975 433 est,
2005 406 2102 436 quam
2128 405 2204 426 cum

1214 439 1438 481 deploramus,
1462 439 1560 471 simul
1586 441 1683 470 etiam
1709 448 1841 469 oremus
1861 437 1979 468 Filium
1992 438 2065 472 Dei,
2091 444 2203 468 custo-

1214 485 1288 515 dem
1312 483 1486 514 Ecclesiae
1511 494 1602 521 suae,
1626 489 1660 514 ut
1686 483 1840 513 extrudat
1866 482 2038 523 operarios
2061 481 2202 511 idoneos

1214 529 1245 558 in
1278 537 1420 558 messem
1456 537 1548 557 suam
1573 533 1603 557 et
1626 525 1737 557 flectat
1760 526 2022 567 gubernatorum
2047 530 2078 555 et
2101 524 2203 556 omni-

1212 581 1267 602 um
1302 570 1471 601 hominum
1500 575 1628 600 mentes
1664 570 1705 600 ad
1731 579 1844 600 curam
1864 567 2090 599 conservandi
2111 566 2204 598 mini·

1213 614 1316 645 sterii.

1380 780 1454 819 DE
1487 778 1754 821 SECUNDA
1787 778 2035 819 TABULA.

1302 915 1377 945 Non
1407 913 1518 945 solum
1552 915 1585 944 in
1621 915 1784 952 docendo,
1819 913 1880 945 sed
1915 914 2013 944 etiam
2042 913 2076 944 in
2116 913 2206 944 omni

1215 959 1282 990 vita
1327 959 1360 988 in
1418 958 1570 988 omnibus
1626 959 1814 989 actionibus
1866 967 1947 999 erga
2003 956 2204 998 proximum,

1214 1003 1246 1032 in
1283 1007 1467 1041 conspectu
1501 1002 1550 1033 sit.
1577 1000 1949 1032 honorificentissimum
1982 999 2206 1030 testimonium

1187 1051 1191 1113 1
1215 1044 1285 1075 Icilii
1309 1044 1373 1075 Dei
1393 1045 1434 1075 de
1457 1045 1607 1075 secunda
1630 1044 1769 1082 Tabula,
1794 1055 1866 1075 cum
1887 1044 1991 1085 inquit
2014 1041 2132 1074 Matth.
2151 1042 2204 1072 ⁶22.

1215 1089 1406 1120 Secundum
1430 1089 1633 1125 mandatum,
1656 1088 1746 1129 quod
1769 1086 1946 1118 51111110051
1972 1087 2043 1117 isti:
2074 1085 2206 1128 Diliges

1187 1124 1192 1186 ἶ
1215 1132 1399 1173 proximum
1414 1137 1502 1162 tuum
1527 1132 1610 1162 sicut
1636 1138 1668 1161 te
1691 1133 1808 1171 ipsum.
1856 1130 1937 1165 Quis
1957 1130 2126 1160 hominum
2150 1134 2207 1160 aut

1215 1174 1412 1217 angelorum
1437 1185 1540 1205 ausus
1565 1173 1682 1205 suisset
1708 1174 1772 1204 hoc
1795 1174 1894 1204 modo
1918 1173 2022 1214 loqui,
2048 1172 2208 1203 Mandata.

1217 1219 1386 1249 secundae
1410 1218 1556 1249 Tabulae
1580 1216 1699 1248 similia
1719 1227 1798 1248 esse
1819 1216 1967 1258 primae?
2009 1215 2107 1247 Certe
2126 1213 2208 1247 obli-

1217 1263 1308 1304 gatio
1332 1262 1437 1293 maior
1461 1268 1513 1292 est
1537 1272 1619 1303 erga
1642 1261 1763 1299 Deum,
1787 1271 1887 1302 quam
1911 1270 1992 1302 erga
2014 1258 2178 1290 homines.

1624 1311 1632 1325 1

1304 1340 1377 1371 Etsi
1412 1346 1522 1370 autem
1552 1339 1642 1370 haud
1678 1339 1777 1370 dubie
1811 1348 1933 1379 magna
1963 1337 2127 1378 sapientia
2154 1335 2207 1368 his

1218 1384 1331 1415 verbis
1366 1382 1515 1414 involuta
1550 1389 1617 1420 est,
1654 1393 1754 1424 qnam
1788 1380 1957 1422 explicare
1991 1390 2054 1411 nos
2087 1379 2207 1411 infirmi

1216 1438 1283 1458 non
1317 1436 1510 1468 possumus,
1546 1432 1655 1457 tamen
1687 1426 1771 1456 haec
1795 1426 1879 1456 ratio
1904 1422 2115 1466 aequalitatis
2139 1432 2209 1454 non

1217 1477 1269 1502 est
1293 1470 1451 1502 absurda.

1562 1546 1725 1577 mandatis
1758 1545 1929 1577 secundae
1950 1543 2100 1576 Tabulae
2123 1553 2210 1575 sem-

1216 1603 1276 1633 per
1299 1597 1431 1633 oportet
1455 1589 1577 1621 includi
1601 1590 1742 1631 primum
1764 1589 1966 1626 mandatum,
1991 1594 2025 1618 ut
2038 1586 2210 1629 politicam

1218 1635 1438 1666 obedientiam
1463 1640 1689 1675 praestemus,
1713 1643 1779 1663 non
1803 1638 1930 1663 tantum
1952 1632 2046 1672 pacis
2070 1637 2126 1662 aut
2148 1630 2210 1661 uti-

1217 1678 1319 1710 litatis
1345 1688 1460 1716 causa,
1485 1684 1519 1709 ut
1546 1678 1789 1719 gubernatores
1814 1674 1938 1717 politici
1962 1675 2126 1713 cogitant,
2148 1674 2210 1705 sed

1217 1723 1396 1763 praecipue
1419 1721 1484 1752 hac
1510 1727 1638 1758 mente,
1670 1728 1699 1752 et
1722 1719 1812 1750 hunc
1836 1718 1932 1750 finem
1955 1715 2143 1756 intuentes,
2175 1723 2211 1748 ut

1218 1766 1292 1797 Deo
1313 1765 1459 1796 debitum
1472 1763 1631 1795 honorem
1645 1764 1841 1801 tribuamus,
1866 1762 1940 1793 etei
1954 1763 1985 1794 in
1998 1761 2051 1792 his
2075 1760 2207 1799 officiis,

1219 1819 1304 1851 quae
1328 1809 1425 1840 etiam
1448 1808 1571 1838 iudicat
1595 1817 1673 1838 esse
1698 1805 1817 1845 cultus,
1842 1807 2040 1837 serviamus·

1191 1893 1195 1908 ¹
1306 1887 1389 1918 Cum
1412 1887 1510 1928 igitur
1532 1886 1670 1927 primum
1693 1885 1884 1915 mandatum
1907 1882 2031 1914 includi
2066 1891 2208 1924 sequen-

1219 1931 1318 1962 tibus·
1334 1935 1506 1971 oporteat,
1541 1927 1752 1970 aequalitatis
1772 1928 1855 1958 ratio
1875 1932 2043 1968 utcunque
2066 1924 2209 1967 intelligi

1220 1980 1343 2016 potest.
1823 1978 1828 1979 ⁷

1192 2039 1196 2098 Ι
1308 2052 1479 2089 Secundo,
1504 2055 1595 2081 taxat
1613 2048 1779 2079 Dominus
1792 2057 1925 2079 errores
1938 2046 2208 2085 Pharisaeorum,

1192 2102 1206 2142 Ι·
1221 2102 1251 2127 01
1276 2096 1420 2127 omnium
1442 2094 1622 2131 hominum,
1647 2093 1702 2134 qui
1727 2097 1803 2123 sunt
1827 2092 1898 2122 sine
1922 2090 1998 2122 luce
2021 2089 2208 2132 Evangelii.

1222 2139 1438 2171 ceremonias
1470 2147 1556 2178 quae
1591 2143 1667 2167 sunt
1698 2136 1794 2176 signa
1823 2140 1964 2173 tantum,
2000 2140 2031 2165 et
2054 2140 2129 2165 sunt
2154 2143 2209 2165 res

1221 2181 1408 2220 mutabiles,
1431 2181 1561 2211 maximi
1586 2178 1709 2210 faciunt
1735 2178 1927 2216 Pharisaei,
1963 2183 1995 2209 et
2021 2178 2211 2208 existimant

1220 2224 1421 2268 principales
1446 2224 1507 2255 Dei
1532 2222 1642 2254 cultus
1666 2233 1755 2259 esse,
1779 2228 1812 2253 et
1834 2221 1937 2264 longe
1949 2220 2138 2253 anteferunt
2159 2230 2211 2252 re-

1222 2270 1370 2301 ctitudini
1393 2268 1542 2300 cordium
1567 2277 1647 2308 erga
1670 2266 1852 2308 proximos.

1311 2347 1408 2378 Hane
1438 2344 1651 2376 salsissimam
1686 2344 1944 2386 persuasionem
1979 2343 2111 2374 damnat
2146 2342 2212 2373 hac

1222 2393 1296 2432 ipsa
1319 2388 1574 2431 amplificatione
1599 2389 1769 2419 secundae
1791 2385 1952 2425 Tabulae,
1976 2392 2007 2417 et
2027 2392 2137 2417 monet
2158 2395 2212 2416 ve-

1223 2445 1279 2466 ros
1304 2433 1414 2465 cultus
1438 2442 1527 2470 0550,
1548 2443 1613 2463 11011
1639 2433 1746 2473 signa,
1770 2437 1801 2462 et
1827 2441 1928 2471 opera
1945 2428 2126 2467 mutabilia,
2151 2429 2212 2459 sed

1222 2489 1322 2510 unam
1342 2483 1372 2508 et
1396 2482 1564 2508 aeternam
1584 2476 1751 2507 iustitiam.
1787 2480 2024 2515 congruentem
2060 2483 2134 2504 cum
2157 2482 2211 2503 ae—

1223 2529 1316 2554 terna
1340 2531 1455 2551 norma
1490 2520 1620 2550 divinae
1655 2519 1773 2550 mentis
1798 2524 1828 2548 et
1860 2516 2051 2548 voluntatis.
2119 2515 2213 2547 Sicut

1223 2567 1256 2596 in
1280 2570 1390 2596 mente
1415 2563 1539 2601 divina,
1563 2562 1626 2593 hae
1651 2562 1899 2604 propositiones
1923 2566 2078 2591 aeternae
2099 2566 2129 2590 et
2154 2559 2212 2589 im-

1224 2607 1401 2640 mutabiles
1425 2612 1518 2637 snnt:
1544 2605 1694 2648 Agnosci
1718 2610 1851 2646 oportet
1863 2603 1972 2635 Deum
1995 2613 2074 2633 esse
2097 2612 2211 2634 essen-
