2383 2990
181 125 245 158 221

179 217 279 258 dicta,
292 220 347 262 qui
366 219 547 257 contendit,
566 217 694 257 Filium,
717 218 813 259 λόγον,
834 229 875 250 ex
887 217 990 250 nihilo
1003 218 1169 249 conditum

181 274 273 302 esse,
304 266 335 302 εξ
358 262 412 293 οὐκ
441 261 553 301 ὅνιων,
589 263 665 293 item
689 261 794 306 faisse
817 261 995 303 aliquando
1018 260 1170 305 patrem,

181 318 255 340 cum
278 306 425 338 nondum
449 312 541 337 esset
563 305 679 344 Filius,
703 308 737 344 ἧν
760 318 843 345 ποτε,
864 304 911 336 ὅτε
935 305 990 336 οὐκ
1013 307 1057 344 ἦν.

266 384 367 415 Extat
385 383 501 415 Basilii
526 385 638 415 brevis
663 384 798 422 concio,
827 383 878 414 cui
902 381 1018 414 titulus
1048 388 1100 413 est
1131 382 1171 413 de

178 426 270 459 Fide.
306 427 405 458 Extat
429 434 461 458 et
481 428 647 458 enarratio
670 428 702 458 in
728 427 900 458 exordium
923 425 1091 464 Iohannis,
1115 425 1171 456 ubi

179 470 356 512 perspicue
369 471 641 502 adseverationes
655 476 732 501 sunt
744 469 842 501 huius
855 471 1051 507 sententiae,
1072 480 1171 511 quam

178 514 326 546 recitavi.

267 591 358 623 Haec
381 592 456 622 ideo
481 592 594 626 recito,
618 596 653 622 ut
675 596 791 621 vetera
814 590 1002 621 testimonia
1026 600 1093 621 non
1117 599 1173 621 ne-

180 634 366 678 gligantur,
396 645 481 676 quae
510 635 583 675 pios
608 633 807 666 confirmare
830 639 981 675 possunt.
1028 633 1113 664 Nam
1139 639 1174 664 ut

180 686 257 710 ante
281 679 359 715 dixi,
379 678 441 708 etsi
466 677 551 708 fides
575 683 607 708 et
630 677 797 708 invocatio
821 678 968 708 nituntur
992 678 1095 708 verbo
1111 676 1174 708 Dei

179 732 240 763 per
269 720 456 762 Prophetas
487 728 517 751 et
543 720 729 762 Apostolos
754 721 893 759 tradito,
918 726 1028 751 tamen
1052 720 1174 751 contir-

179 771 311 796 mantur
337 766 444 795 bonae
468 770 614 801 mentes,
644 775 719 795 cum
742 764 878 795 audiunt
906 765 1030 795 veteris
1060 772 1091 794 et
1116 775 1174 805 pu-

179 808 278 839 rioris
313 807 488 838 Ecclesiae
523 808 728 845 testimonia,
770 817 857 849 quae
891 808 1045 838 adfirmat
1086 807 1175 838 lianc

178 851 286 893 ipsam
316 851 500 882 doctrinam
530 852 571 882 ab
597 849 770 892 Apostolis
799 857 973 892 acceptam
1009 860 1107 888 esse,
1143 857 1175 881 et

180 904 295 926 eorum
326 894 495 925 auditores
525 895 641 925 testari
672 893 759 925 hanc
790 895 986 925 sententiam
1017 895 1059 925 ab
1084 894 1174 935 Apo-

178 936 277 969 stolis
301 938 373 969 sine
391 936 460 969 ulla
483 938 699 980 ambiguitate
722 938 875 969 traditam
900 947 987 968 esse.

267 1066 351 1099 Cum
375 1074 484 1099 autem
508 1067 571 1098 iam
596 1067 719 1098 dietum
743 1067 798 1105 sit,
823 1065 940 1097 Filium
971 1076 1039 1097 non
1063 1076 1104 1097 ex
1127 1067 1175 1097 ni-

178 1108 246 1142 hilo
272 1112 442 1143 eonditum
465 1121 560 1148 esse,
595 1111 656 1141 sed
681 1121 799 1141 revera
830 1110 871 1141 de
895 1111 1084 1141 substantia
1114 1109 1171 1141 Pa-

179 1155 241 1185 tris
270 1162 404 1192 natum,
441 1154 528 1186 sicut
557 1155 603 1185 ait
632 1152 844 1196 Symbolum,
880 1152 988 1184 Deum
1020 1154 1061 1184 (le
1085 1153 1172 1191 Deo,

179 1196 308 1228 Lumen
340 1199 381 1228 (le
404 1198 560 1235 Lumine,
592 1198 709 1238 paucis
734 1196 788 1228 hic
818 1196 916 1227 etiam
941 1197 982 1227 de
1005 1196 1069 1227 hac
1098 1208 1174 1237 pro-

180 1241 346 1282 positione
371 1241 490 1273 dieam.
514 1251 579 1271 non
604 1247 641 1271 ut
665 1241 772 1271 inanis
793 1240 961 1271 contentio
987 1247 1174 1278 moveatur,

180 1285 241 1315 sed
265 1290 301 1315 ut
324 1283 428 1315 Filius
452 1283 515 1314 Dei
544 1284 668 1314 rectius
698 1289 920 1325 agnoscatur,
955 1281 1101 1321 scilicet,
1131 1294 1174 1314 an

179 1333 272 1358 recte
295 1327 441 1365 dicatur,
475 1326 629 1358 Essentia
654 1332 805 1368 generat,
828 1327 916 1364 item,
941 1326 1097 1357 Essentia
1118 1337 1174 1368 ge-

179 1377 326 1401 neratur.
372 1370 447 1401 Non
473 1370 607 1401 dubium
632 1376 693 1407 est,
719 1376 899 1410 sequentes
924 1370 1173 1411 propositiones

178 1423 278 1445 veras
302 1423 391 1449 esse,
416 1412 516 1444 Pater
540 1419 696 1455 generat,
725 1411 828 1443 Filius
852 1413 1002 1444 nascitur
1025 1423 1086 1444 seu
1116 1424 1173 1444 na-

178 1462 233 1488 tus
252 1462 314 1488 est.
359 1456 444 1487 Nam
467 1455 522 1486 hic
546 1456 705 1498 cogitatio
725 1457 966 1495 successionis,
992 1454 1102 1498 qualis
1123 1462 1174 1488 est

179 1499 212 1531 in
235 1506 397 1542 tempore,
421 1499 632 1531 excludenda
655 1505 717 1531 est.

265 1576 332 1608 Sed
356 1589 431 1610 cum
454 1577 661 1608 recentiores
685 1577 837 1608 reiiciunt
859 1575 947 1608 hanc
971 1577 1173 1618 propositio-

178 1630 272 1659 nem,
299 1620 455 1653 Essentia
479 1627 675 1663 generatur,
711 1620 882 1652 offundunt
906 1621 1173 1663 imaginationem

178 1664 275 1706 quasi
297 1663 364 1695 alia
388 1665 552 1707 quaedam
573 1675 628 1696 res
652 1670 830 1701 nascatur,
855 1670 888 1694 et
912 1665 1058 1695 essentia
1083 1674 1173 1695 coin-

177 1708 366 1739 munieetur
394 1719 461 1739 non
492 1714 581 1740 nata.
628 1707 719 1739 Haec
751 1708 944 1749 imaginatio
978 1706 1097 1749 procul
1133 1718 1174 1738 ex

177 1752 345 1782 mentibus
381 1752 542 1782 eiicienda
576 1757 647 1789 est,
682 1757 714 1781 et
744 1751 935 1789 sciendum,
972 1762 1046 1782 cum
1070 1749 1172 1782 Filius

177 1794 339 1832 nascitur,
364 1804 444 1825 vere
468 1804 542 1826 eum
568 1795 609 1825 de
633 1795 783 1825 essentia
809 1795 915 1825 Patris
939 1795 1047 1832 nasci,
1072 1801 1104 1825 et
1128 1795 1172 1825 ita

176 1839 273 1869 nasci
297 1838 492 1876 essentiam,
524 1848 610 1879 quae
633 1836 736 1869 filius
760 1843 822 1875 est,
846 1844 881 1868 ut
905 1838 970 1869 hoc
994 1839 1103 1878 ipsum
1126 1838 1172 1869 di-

178 1886 268 1913 ctum
290 1880 371 1920 vult,
397 1881 493 1913 Deus
512 1882 553 1912 de
577 1880 664 1920 Deo,
690 1881 814 1912 Lumen
840 1881 881 1913 de
903 1881 1055 1913 Lumine.

264 1958 337 1990 Hac
360 1969 442 1990 vera
465 1960 632 1990 sententia
657 1959 890 1997 considerata,
920 1958 1019 1990 facile
1043 1965 1096 1990 est
1125 1960 1172 1991 iu-

177 2001 298 2034 dicium
318 2003 359 2034 de
384 2001 449 2033 illis
470 2003 724 2044 quaestionibus
743 2003 979 2041 recentiorum,
1003 2003 1059 2033 ubi
1072 2013 1172 2044 quae-

176 2052 265 2084 runt,
289 2056 331 2077 an
355 2047 387 2078 in
411 2045 495 2077 Filto
520 2045 674 2077 differant
692 2046 828 2078 realiter
852 2047 1013 2084 essentia,
1038 2052 1070 2077 et
1088 2045 1172 2078 rela-

178 2089 234 2121 tio.
280 2089 323 2120 Et
345 2100 387 2121 an
412 2088 530 2121 relatio
555 2097 752 2132 generetur,
789 2090 817 2120 si
841 2090 989 2121 essentia
1018 2100 1084 2121 non
1115 2100 1172 2131 ge-

176 2138 323 2164 neratur.
370 2132 495 2164 Verum
514 2140 566 2165 est
591 2135 688 2172 enim,
713 2134 894 2165 essentiam
921 2139 953 2164 et
973 2132 1171 2164 relationem

176 2176 210 2207 in
230 2175 379 2217 qualibet
403 2187 551 2218 persona
574 2188 640 2207 non
665 2177 799 2208 differre
822 2175 976 2215 realiter,
1008 2187 1069 2207 nec
1093 2187 1171 2209 esse

178 2219 262 2250 duas
286 2229 341 2251 res
369 2221 550 2251 essentiam
575 2219 630 2252 filii
659 2226 691 2252 et
715 2220 930 2259 relationem,
960 2221 1021 2251 sed
1051 2230 1172 2253 revera

177 2261 294 2294 Filium
320 2273 398 2294 esse
428 2264 574 2305 genitam
604 2265 801 2303 essentiam,
835 2275 902 2296 non
932 2262 1032 2295 aliam
1056 2274 1170 2305 quam-

176 2306 267 2348 piam
289 2317 359 2338 rem
375 2307 531 2348 genitam,

264 2384 357 2416 Haec
380 2395 460 2416 vera
486 2391 582 2425 sunt,
601 2391 634 2416 et
657 2386 731 2427 pios
755 2385 811 2427 qui
834 2385 951 2417 dextre
974 2385 1059 2416 haec
1083 2387 1170 2418 acci-

177 2428 280 2470 piunt,
305 2427 427 2459 utiliter
446 2429 612 2467 erudiunt,
624 2435 661 2460 ut
677 2436 864 2471 agnoscant
878 2428 994 2460 filium
1010 2428 1070 2460 Dei
1090 2441 1169 2462 vere

177 2480 255 2503 esse
279 2473 425 2514 genitam
448 2482 467 2502 a
482 2471 580 2503 Patre
598 2473 789 2511 essentiam,
815 2483 880 2503 non
899 2473 983 2503 duas
1005 2483 1059 2503 res
1079 2483 1169 2512 esse,

176 2525 241 2546 nec
263 2522 391 2547 tantum
415 2513 610 2546 relationem
630 2522 740 2547 natam
764 2526 854 2547 esse.
883 2515 1031 2547 Basilius
1056 2517 1171 2558 inquit,

176 2558 214 2589 Si
237 2557 341 2590 Filius
364 2569 431 2590 non
455 2565 544 2590 esset
569 2565 685 2597 natus,
709 2560 795 2590 duae
822 2557 899 2590 illae
921 2569 1087 2600 personae
1118 2571 1169 2591 es-

174 2608 253 2634 sent
274 2603 340 2634 duo
364 2601 494 2644 ἀδελφά.
517 2601 563 2634 Ut
585 2609 696 2635 autem
718 2613 799 2635 vere
821 2603 866 2634 sit
888 2602 1006 2642 filius,
1028 2614 1170 2636 necesse

815 123 873 155 lv.
919 122 1180 155 ENARRATIO
1203 122 1407 155 SYMBOLI
1423 122 1585 155 NICENI.

2154 123 2219 156 222

1223 224 1273 248 est
1297 218 1339 249 de
1358 219 1545 250 substantia
1563 218 1671 249 Patris
1695 229 1810 262 natum
1833 227 1920 249 esse.
1952 217 1994 248 Et
2014 217 2112 260 plura
2131 219 2219 260 apud

1224 260 1377 293 Graecos
1401 262 1616 303 congruentia
1640 261 1718 293 huic
1754 267 1889 293 nostrae
1908 262 2109 293 enarrationi
2132 263 2223 295 dicta

1224 310 1315 342 sunt,
1339 315 1425 346 quae
1447 315 1489 336 ex
1508 305 1591 347 ipsis
1613 304 1761 337 fontibus
1786 305 1929 347 petenda
1953 310 2040 337 sunt.

1312 398 1495 441 Postquam
1525 405 1636 431 autem
1664 400 1749 431 haec
1777 400 1992 432 fundamenta
2022 406 2115 433 recte
2138 410 2213 441 per-

1226 449 1321 484 cepta
1345 449 1434 481 sunt,
1459 444 1737 474 considerandum
1758 451 1808 475 est
1833 450 2068 485 argumentum
2093 444 2222 486 gravis-

1226 487 1356 524 simum,
1382 487 1472 527 quod
1496 486 1652 517 videlieet
1676 493 1745 518 tota
1759 487 1929 528 Scriptura
1949 487 2071 518 veteris
2093 494 2125 518 et
2143 487 2223 518 novi

1226 529 1430 560 Testamenti
1450 529 1603 560 adfirmat
1623 531 1845 561 invocandum
1862 537 1893 561 et
1913 530 2122 562 adorandum
2144 540 2223 562 esse

1226 572 1345 604 Filium
1370 573 1434 604 Dei
1457 572 1639 611 Messiam,
1670 580 1703 604 et:
1725 575 1814 605 iubet
1838 575 1879 604 ab
1904 584 1943 604 eo
1966 580 2082 615 petere
2113 574 2210 606 auxi-

1227 614 1305 647 lium
1336 616 1368 646 in
1393 617 1547 648 omnibus
1571 615 1747 657 periculis,
1782 623 1815 648 et
1845 617 1946 648 vitam
1969 624 2156 655 aeternam,
2191 621 2223 648 et

1228 660 1448 701 acquiescere
1472 659 1591 690 fiducia
1616 661 1740 701 ipsius,
1778 666 1934 701 tanquam
1960 661 2166 691 exaudientis
2190 666 2224 692 et

1230 713 1327 744 opem
1352 702 1501 734 ferentis.
1537 703 1609 734 Hoc
1634 710 1685 734 est
1709 710 1819 735 autem
1843 704 1991 734 tribuere
2015 705 2045 735 ei
2064 703 2223 735 infinitam

1228 747 1429 787 potentiam,
1478 747 1567 787 quod
1599 747 1721 788 ubique
1755 747 1866 789 adsit,
1912 747 2016 778 eorda
2058 748 2222 788 inspiciat,

1231 790 1405 828 exaudiat,
1441 790 1532 831 quod
1567 790 1621 821 det
1655 791 1810 821 iustitiam
1847 796 1877 821 et
1911 790 2011 821 vitam
2041 797 2222 822 aeternam.

1228 833 1381 865 Necesse
1406 840 1457 865 est
1481 834 1580 875 igitur
1599 835 1632 865 in
1646 834 1774 865 Messia
1797 834 1941 865 divinam
1965 840 2116 865 naturam
2135 844 2222 866 esse.

1317 902 1501 944 Perspicua
1532 908 1611 934 sunt
1633 909 1745 934 autem
1767 903 1956 934 testimonia
1986 903 2018 934 in
2049 913 2137 934 novo
2161 902 2223 935 Te-

1228 952 1407 977 stamento.

1316 1014 1431 1046 lohan.
1463 1015 1513 1046 10.
1559 1014 1634 1057 Ego
1670 1015 1771 1046 vitam
1806 1021 1975 1047 aeternam
2010 1016 2052 1047 do
2087 1015 2154 1055 eis,
2190 1021 2223 1047 et

1228 1068 1326 1090 nemo
1351 1059 1459 1100 rapiet
1478 1069 1536 1090 eas
1562 1069 1602 1090 ex
1626 1068 1727 1089 manu
1751 1068 1833 1090 mea.

1314 1127 1428 1159 lohan-
1453 1128 1484 1158 5.
1526 1127 1627 1159 Pater
1657 1138 1750 1159 meus
1780 1137 1888 1169 usque
1922 1128 2021 1158 modo
2051 1134 2222 1170 operatur,

1227 1177 1259 1245 iet
1281 1182 1344 1222 ego
1373 1182 1505 1213 operor.
1553 1171 1648 1206 Quae
1678 1169 1733 1202 ille
1757 1170 1855 1209 facit,
1879 1177 1910 1203 et
1940 1170 2042 1202 Filius
2074 1171 2222 1204 similiter

1241 1221 1317 1246 acit.

1313 1285 1401 1317 Item,
1427 1283 1519 1315 Sicut
1532 1282 1633 1314 Pater
1645 1283 1809 1314 exuscitat
1829 1288 1991 1322 mortuos
2016 1290 2048 1316 et
2062 1284 2221 1323 vivificat,

1228 1327 1278 1358 sic
1301 1333 1334 1358 et
1357 1326 1462 1358 Filius
1487 1336 1572 1368 quos
1597 1325 1679 1365 vult,
1703 1326 1860 1358 vivificat.

1314 1395 1429 1427 lohan.
1463 1396 1510 1427 14.
1557 1395 1726 1438 Quidquid
1749 1396 1909 1437 petieritis
1934 1396 2067 1428 Patrem
2101 1397 2134 1428 iu
2164 1406 2222 1428 no-

1227 1439 1314 1470 mine
1349 1449 1441 1478 meo,
1471 1439 1537 1470 hoe
1572 1438 1705 1471 faciam.
1764 1439 1826 1471 llic
1861 1446 1976 1481 aperte
2010 1446 2151 1472 testatur
2184 1450 2223 1473 se

1227 1483 1385 1514 exaudire
1409 1489 1574 1524 petentes,
1598 1489 1631 1514 et
1654 1482 1768 1525 largiri
1792 1493 1871 1514 sese
1896 1494 1935 1514 ea
1959 1494 2044 1525 quae
2068 1485 2222 1526 petimus,

1227 1537 1368 1567 quorum
1399 1532 1574 1569 utrumque
1596 1527 1767 1568 proprium
1797 1533 1849 1558 est
1872 1528 2003 1559 divinae
2032 1534 2065 1560 et
2087 1529 2222 1560 immen-

1227 1579 1288 1601 sae
1311 1576 1463 1601 naturae.

1315 1639 1428 1671 [ohan.
1448 1639 1498 1670 15.
1535 1639 1616 1671 Sine
1638 1650 1690 1671 me
1713 1637 1796 1671 nihil
1815 1641 1957 1681 potestis
1976 1638 2100 1672 facere.
2129 1640 2222 1672 Haec

1228 1683 1396 1714 sententia
1421 1689 1562 1714 testatur
1586 1682 1757 1714 Christum
1779 1684 1921 1722 adesse,
1950 1690 2146 1726 protegere,
2175 1685 2221 1716 iu-

1227 1736 1320 1764 vare,
1345 1728 1533 1768 gubernare
1557 1727 1768 1765 invocantes,
1793 1737 1879 1769 quae
1902 1734 1979 1759 sunt
1994 1727 2056 1759 Dei
2074 1729 2219 1770 propria.

1315 1794 1433 1827 Matth.
1460 1796 1510 1828 18.
1554 1795 1754 1838 Ubicunque
1778 1804 1854 1828 sunt.
1879 1797 1945 1828 duo
1968 1802 2023 1828 aut
2048 1802 2117 1829 tres
2142 1808 2221 1829 con-

1227 1840 1357 1880 gregati
1387 1840 1418 1870 in
1449 1840 1581 1871 nomine
1604 1850 1697 1878 meo,
1731 1840 1776 1871 ibi
1807 1850 1880 1871 sum
1905 1841 1937 1871 in
1961 1841 2067 1871 medio
2094 1851 2219 1872 eorum.

1226 1883 1362 1914 Adesse
1385 1884 1527 1924 ubique,
1552 1884 1713 1915 exaudire
1739 1889 1771 1915 et
1795 1882 1949 1925 opitulari
1973 1884 2113 1926 ubique,
2143 1895 2221 1926 pro-

1226 1926 1300 1967 pria
1322 1933 1401 1958 sunt
1423 1927 1554 1958 divinae
1579 1933 1729 1959 naturae.

1313 1994 1428 2026 Iohan.
1453 1995 1506 2027 ⁶20.
1554 1995 1708 2027 Christus
1742 2006 1804 2027 suo
1839 1995 1944 2028 halitu
1975 1997 2030 2028 dat
2061 1996 2221 2039 Spiritum

1225 2045 1395 2077 sanctum,
1431 2040 1521 2081 quod
1557 2041 1655 2071 etiam
1686 2039 1792 2072 solius
1821 2041 1952 2072 divinae
1981 2047 2120 2073 naturae
2143 2051 2221 2082 pro-

1223 2083 1330 2124 prium
1355 2089 1416 2114 est.

1311 2151 1424 2184 lohan.
1446 2151 1496 2183 10.
1532 2151 1605 2195 Ego
1628 2162 1718 2194 pono
1742 2153 1883 2184 animam
1903 2163 2022 2192 meam,
2045 2159 2079 2185 et
2101 2164 2219 2186 rursus

1223 2205 1353 2228 sumam
1377 2206 1461 2227 eam.

1312 2265 1472 2297 lohan.G.
1507 2264 1581 2307 Ego
1607 2266 1777 2298 suscitabo
1802 2276 1875 2298 eum
1896 2266 1928 2297 in
1952 2267 2135 2299 novissimo
2155 2267 2217 2299 die.

1310 2334 1470 2366 Iohan.8.
1505 2334 1703 2377 Priusquam
1727 2335 1897 2367 Abraham
1922 2342 2022 2367 natus
2045 2342 2120 2374 est,
2153 2346 2216 2378 ego

1223 2389 1306 2410 sum.
1354 2378 1415 2409 Hic
1434 2384 1574 2409 testatur
1597 2389 1636 2411 se
1664 2377 1787 2418 fuisse,
1818 2386 1996 2421 autequam
2026 2380 2219 2412 adsumeret

1222 2421 1400 2454 humanam
1423 2428 1585 2454 naturam.

1310 2491 1425 2522 Iohan.
1441 2491 1491 2522 17.
1528 2490 1689 2523 Glorifica
1712 2502 1764 2523 me
1788 2491 1886 2523 Pater
1909 2501 1949 2522 ea
1973 2490 2093 2534 gloria,
2118 2502 2218 2535 quam

1223 2534 1324 2567 habui
1343 2535 1432 2576 apud
1457 2541 1501 2573 te,
1524 2540 1702 2577 antequam
1726 2541 1819 2566 esset
1841 2536 1994 2566 ntundus.

1313 2602 1449 2636 coloss.
1464 2604 1494 2636 1.
1540 2604 1662 2636 Omnia
1682 2614 1744 2646 per
1766 2604 1875 2646 ipsum
1893 2610 1927 2636 et
1950 2605 1983 2636 in
2006 2605 2114 2646 ipsum
2138 2615 2216 2637 eon-
