2383 2990
151 154 217 186 529
785 150 827 182 V.
873 148 1143 181 EXPLICATIO
1168 148 1368 180 SYMBOLI
1392 147 1552 179 NICENI.
2122 147 2187 180 530

1196 244 1367 281 Abrahae,
1390 243 1498 274 exitus
1522 253 1562 274 ex
1576 243 1743 286 AegyptO.
1778 242 1871 274 Haec
1894 242 2054 274 miracula
2078 244 2187 275 omnia

1197 293 1273 318 sunt
1293 287 1481 318 testimonia
1505 288 1546 317 de
1571 287 1657 326 Deo,
1693 287 1734 317 de
1758 292 1828 317 tota
1852 287 1923 317 eius
1947 287 2110 325 doctrina,
2146 287 2187 318 de

1196 330 1294 369 Filio,
1320 331 1360 361 de
1385 330 1563 362 Creatione
1587 336 1619 362 et
1638 328 1814 361 Ecclesiae
1839 328 2047 361 collectione.

151 259 222 280 ram
246 248 279 279 in
303 246 443 289 Angelis
467 245 670 284 labentibus,
696 251 728 277 et
751 244 953 282 hominibus,
978 245 1065 275 sicut
1089 254 1142 275 ex-

150 302 270 333 presse
304 291 429 323 dictum
459 297 509 321 est
546 290 577 321 in
612 288 763 330 Epistola
785 288 899 326 Iudae,
934 286 1088 329 Angelos
1112 288 1142 318 in

150 335 249 377 lapsu
283 345 350 366 non
385 334 563 365 retinuisse
598 333 723 365 initium
757 342 872 370 suum,
906 338 938 362 et
967 330 1144 372 reliquisse

151 379 321 421 proprium
346 375 560 411 domicilium.

1167 429 1171 484 ,
1284 417 1341 448 Sic
1356 416 1450 447 Deus
1474 416 1654 458 opitulatur
1677 422 1813 448 nostrae
1836 416 2028 454 infirmitati,
2051 427 2116 458 qua
2131 426 2188 448 na-

1194 459 1310 492 turalis
1335 461 1487 491 assensio
1510 467 1585 501 post
1601 459 1732 501 lapsum
1750 461 1881 491 turbata
1898 466 1949 491 est
1964 465 1996 490 et
2010 466 2061 492 est
2086 459 2187 500 plena

1197 504 1450 541 dubitationum,
1476 504 1552 534 ideo
1576 510 1789 535 revocatnos
1802 503 1897 534 Deus
1921 504 1962 534 ad
1987 503 2189 545 agnitionem

1199 548 1378 578 creationis
1403 557 1567 588 expresso
1592 548 1696 578 verbo
1721 557 1784 578 suo
1810 553 1840 577 et
1865 545 2044 578 miraculis.

240 464 360 496 Statim
385 465 483 495 etiam
506 469 658 504 tempore
671 460 925 504 Apostolorum,
949 460 1057 491 Ebion
1082 459 1143 490 Ce-

152 507 280 539 rinthus
305 515 336 538 et
362 508 480 538 deinde
503 506 628 538 Paulas
647 507 903 542 Samosatenus,
926 504 1088 534 Photinus
1112 509 1143 534 et

152 550 245 582 multi
280 550 335 582 alii
369 551 631 588 contenderunt,
667 549 703 579 In
738 548 883 579 Domina
916 554 1032 578 nostro
1067 546 1143 578 Iesu

153 594 289 625 Christo
313 600 392 625 nato
418 604 458 625 ex
483 595 611 635 virgine
635 598 761 623 tantum
785 602 862 623 esse
886 591 1062 621 humanam
1087 601 1142 620 na-
1169 606 1173 616 ι

151 643 272 669 turam.
330 637 422 668 Haec
459 636 665 678 blasphemia
700 634 777 665 fons
814 641 864 665 est
900 633 1144 664 Mahometicae
1288 633 1430 664 l‘rimmu
1455 634 1552 675 igitur
1576 631 1749 664 articulum
1773 633 1814 665 de
1840 634 2008 664 creatione
2026 643 2066 664 ex
2084 635 2188 665 verbo

152 681 341 722 impietatis,
378 688 410 711 et
444 691 532 711 nunc
562 689 681 710 recens
718 678 878 709 Se1··.·etus
915 677 1081 717 Hispanus
1114 684 1143 707 et
1199 677 1262 708 Dei
1288 678 1467 714 discantur„
1494 676 1615 707 i'ostea
1639 677 1824 707 iutueamur
1848 677 1944 707 etiam
1970 677 2110 718 vestigia
2125 677 2189 708 Dei

154 723 293 755 Conitza
324 723 509 755 Lithuanus
535 729 566 754 et
590 722 808 753 Thammerus
839 719 1019 751 defendere
1054 719 1145 751 iilam
1199 722 1229 751 in
1257 727 1383 757 natura,
1409 731 1493 761 quae
1524 726 1599 750 sunt
1623 719 1720 751 utiles
1742 718 2085 751 comm‹mefactiones
2109 719 2188 759 illis,

152 766 392 808 blasphemiam
432 772 633 808 coeperunt,
673 771 704 796 et
739 771 849 795 astute
885 763 1021 795 eludunt
1057 764 1143 794 dicta
1169 763 1174 808 ζ
1199 765 1253 805 qui
1279 764 1461 794 doctrinam
1486 763 1578 804 prius
1602 774 1643 794 ex
1666 764 1770 794 verbo
1796 763 1991 794 didicerunt.

153 810 309 842 Iohannis
337 811 364 841 l.
390 816 422 841 et
444 809 509 841 alia
533 810 623 840 dicta
646 808 878 851 congruentia.
1170 814 1174 837 ι

1287 850 1345 880 Est
1371 856 1480 881 autem
1505 848 1666 881 articulus
1697 850 1737 881 de
1761 850 1930 881 creatione
1955 849 2078 881 Genes.
2105 851 2134 880 l.
2159 855 2191 881 et

242 899 425 928 Teneamus
449 902 558 927 autem
582 894 727 926 illustria
751 894 954 931 testimonia,
989 903 1074 934 quae
1098 892 1144 923 af·
1199 893 1276 925 alibi
1312 904 1414 934 saepe
1449 903 1643 934 expressus,
1679 893 1768 935 quod
1792 891 1944 924 videlicet
1968 892 2062 924 Deus
2086 899 2190 924 aeter-

153 940 285 972 firmant
309 940 393 979 λόγον
416 949 492 970 csse
516 938 728 980 ὑφιστάμενον,
763 944 793 969 et
829 948 906 968 esse
930 935 1045 967 Filium
1070 942 1146 967 ante
1200 948 1263 968 nus
1288 936 1387 968 Pater
1406 936 1540 968 Domini
1566 937 1669 968 nostri
1694 937 1769 967 Iesu
1783 936 1906 967 Christi
1925 947 1991 968 una
2016 947 2089 967 cum
2106 935 2189 967 Filio

154 984 393 1014 assumtionem
417 982 582 1014 humanae
605 988 754 1019 naturae,
789 982 875 1012 sicut
905 981 1008 1022 inquit
1032 979 1145 1010 Domi·
1201 987 1381 1011 coaeterno
1419 987 1449 1011 et
1482 981 1605 1021 Spiritu
1642 986 1760 1011 sancto
1795 980 1980 1011 condiderit
2014 990 2053 1011 ex
2088 979 2190 1011 nihilo

152 1037 236 1059 nus:
262 1027 448 1068 Antequam
462 1026 632 1057 Abraham
656 1031 754 1056 natus
779 1030 840 1062 est,
866 1035 928 1066 ego
949 1035 1033 1055 sum.
1065 1024 1145 1054 Item
1200 1023 1329 1055 coelum
1355 1030 1385 1054 et
1421 1031 1554 1062 terram,
1589 1022 1729 1066 angelos
1762 1029 1793 1054 et
1816 1024 1979 1062 homines,
2014 1030 2045 1055 et
2081 1024 2191 1055 onmia

153 1069 280 1101 Paulus
303 1071 419 1111 inquit.
444 1069 591 1100 Affuisse
604 1067 773 1100 Christum
791 1068 916 1110 populo
941 1069 971 1098 in
997 1068 1144 1105 deserto,
1199 1067 1328 1108 reliqua
1370 1077 1522 1107 corpora.
1576 1067 1632 1098 Sic
1668 1068 1709 1098 de
1740 1065 1823 1098 Filio
1848 1066 1961 1098 lohan.
1988 1067 2017 1098 l.
2054 1068 2190 1098 dicitur:

157 1120 190 1145 et
213 1115 255 1145 ad
280 1106 417 1145 ColossJ
441 1113 505 1149 Qui
529 1120 581 1144 est
605 1118 681 1143 ante
705 1113 824 1143 omnia.
1199 1110 1315 1141 Omnia
1336 1121 1396 1152 per
1418 1111 1525 1150 ipsum
1551 1109 1640 1142 facta
1659 1116 1748 1142 sunt.
1795 1110 1835 1141 Et
1860 1110 1900 1141 de
1924 1110 2047 1152 Spiritu
2071 1116 2190 1142 sancto

1199 1162 1334 1185 creante
1360 1154 1494 1184 dicitur:
1530 1153 1645 1185 Verbo
1669 1153 1802 1185 Domini
1831 1152 1915 1185 coeli
1945 1153 2076 1185 formati
2100 1160 2189 1192 sunt,

1170 1199 1175 1300 1
1199 1204 1230 1228 et
1256 1198 1379 1238 Spiritu
1403 1199 1471 1227 ovis
1504 1198 1573 1227 eius
1609 1198 1714 1228 onmis
1748 1198 1852 1228 virtus
1878 1208 2003 1228 eorum.
2050 1197 2192 1238 Semper

1171 1303 1175 1325 ι

1200 1247 1309 1272 autem
1338 1241 1370 1271 in
1406 1241 1608 1281 cogitatione
1639 1242 1680 1271 de
1709 1241 1878 1272 creatione
1912 1239 2009 1273 simul
2041 1251 2191 1283 compre-

1200 1284 1364 1315 hendatur
1398 1285 1547 1314 doctrina
1585 1284 1626 1315 de
1659 1285 1796 1315 assidua
1830 1285 2020 1326 praesentia
2053 1283 2117 1316 Dei
2159 1290 2192 1316 et

1201 1327 1457 1358 conservatione
1481 1338 1601 1358 rerum.

426 1280 500 1319 DE
533 1278 873 1320 CREATIONE.

242 1370 356 1402 Voluit
380 1371 475 1403 Deus
510 1373 671 1402 immensa
708 1371 854 1401 bonitate
884 1380 922 1401 se
945 1369 1147 1411 patefacere,

156 1421 189 1447 et
212 1424 251 1446 se
275 1415 435 1446 creaturis
461 1413 689 1445 rationalibus.
711 1414 966 1445 communicare.
1014 1414 1091 1444 ldeo
1115 1421 1146 1445 et
1288 1413 1466 1445 Infirmitas
1490 1414 1633 1445 humana
1664 1414 1793 1446 etiamsi
1823 1415 1947 1456 cogitat
1971 1414 2079 1445 Deum
2114 1424 2192 1446 esse

153 1456 338 1489 rationales
363 1464 535 1489 creaturas
559 1463 590 1488 et
613 1468 728 1489 earum
758 1456 961 1487 domicilium
990 1457 1146 1495 condidit,
1202 1458 1426 1488 conditorem:
1474 1464 1582 1488 tamen
1618 1463 1737 1499 postea
1772 1458 1983 1499 imaginatur,
2024 1464 2058 1489 ut
2096 1456 2192 1489 faber

154 1508 187 1533 et
209 1502 292 1543 ipsis
314 1500 534 1533 rationalibus
558 1501 718 1533 creaturis
743 1506 774 1532 et
798 1500 962 1532 domicilio
980 1502 1146 1542 impressit
1201 1501 1341 1531 discedit
1367 1513 1385 1531 a
1410 1511 1494 1531 nave
1520 1507 1681 1538 extructa,
1719 1508 1749 1532 et
1785 1500 1939 1543 relinquit
1975 1511 2047 1532 eam
2071 1502 2191 1541 nautis,

154 1543 407 1576 innumerabilia
431 1545 473 1576 de
495 1555 572 1576 sese
595 1544 793 1584 testimonia,
824 1550 859 1576 ut
891 1551 1146 1586 agnosceretur,
1172 1545 1243 1575 lita
1279 1543 1387 1575 Deum
1422 1544 1594 1575 discedere
1629 1556 1649 1576 a
1684 1555 1746 1576 suo
1782 1555 1901 1586 opere,
1936 1551 1968 1576 et
2004 1544 2191 1587 relinquere

156 1589 234 1630 quia
258 1589 291 1619 in
316 1589 486 1629 agnitione
509 1598 587 1619 sese
611 1588 915 1619 communicaturus
939 1594 1019 1619 erat.
1056 1590 1147 1619 Insu-
1171 1572 1176 1611 l
1201 1593 1371 1619 creaturas
1396 1593 1520 1619 tantum
1545 1589 1700 1629 propriae
1723 1588 1965 1630 gubernationi.
1998 1588 2090 1620 Haec
2113 1589 2191 1620 ima-

153 1642 214 1674 per
238 1633 336 1663 etiam
359 1632 485 1663 addidit
508 1638 681 1663 externum
707 1632 855 1669 verbum,
879 1641 945 1672 quo
968 1631 1146 1673 alloquens
1171 1623 1175 1664 l
1200 1632 1324 1672 ginatio
1348 1641 1502 1673 magnam
1527 1630 1703 1674 caliginem
1728 1631 1866 1663 offundit
1889 1632 2019 1671 animis,
2051 1638 2083 1663 et
2106 1633 2191 1674 parit

153 1674 485 1717 primoshhomines,
526 1675 748 1706 testimonium
784 1673 954 1716 singulare
990 1675 1145 1713 ostendit,
1200 1675 1432 1706 dubitationes.

154 1719 232 1760 quia
265 1719 331 1749 boc
366 1718 527 1750 miraculo
560 1717 760 1760 alloquentis
784 1717 848 1748 Dei
877 1718 1145 1753 commonel'acti‚

154 1762 389 1803 agnoscebant
412 1772 489 1793 esse
512 1761 620 1793 Deum
652 1767 688 1792 ct‘
714 1771 791 1792 esse
816 1768 1012 1799 creatorem,
1045 1767 1076 1792 et
1100 1762 1146 1792 in-
1287 1760 1353 1792 Alii
1385 1761 1499 1793 Stoica
1529 1762 1765 1805 imaginatione
1804 1761 1934 1805 fingunt
1977 1761 2087 1794 Deum
2118 1761 2190 1793 alli-

155 1803 352 1847 telligebant
382 1806 411 1836 ei
447 1805 667 1837 obediendum
702 1814 791 1843 csse,
826 1811 857 1836 et
893 1806 1004 1835 audito
1041 1806 1144 1836 verbo
1169 1805 1175 1830 ἓ
1199 1811 1310 1847 gatum
1336 1815 1415 1836 esse
1444 1806 1555 1836 causis
1585 1806 1754 1845 secundis,
1788 1816 1852 1838 nec
1886 1805 2063 1848 quicquam
2094 1805 2191 1837 aliter

155 1847 254 1879 simul
266 1858 327 1888 per
339 1846 456 1880 Filium
470 1848 570 1880 Pater
583 1855 652 1879 erat
677 1849 709 1879 in
734 1849 782 1879 eis
806 1855 837 1879 et
862 1847 1065 1879 laetificabat
1088 1858 1147 1879 eos
1198 1859 1301 1889 posse
1325 1848 1407 1886 fieri,
1439 1859 1535 1890 quam
1560 1855 1596 1880 ut
1621 1859 1742 1880 causae
1772 1850 1942 1881 secundae
1979 1850 2076 1880 cient.
2122 1848 2188 1880 Alii

155 1891 280 1933 Spiritu
304 1901 366 1922 suo
392 1898 522 1931 sancto,
547 1893 632 1923 sicut
657 1891 769 1923 [ohanl
798 1892 826 1922 1.
852 1892 988 1923 dicitur:
1012 1891 1048 1923 ln
1073 1893 1146 1933 ipso
1199 1892 1363 1934 Epicurea
1396 1893 1559 1923 coecitate
1587 1894 1811 1935 imaginantur
1839 1893 1950 1924 onmia
1987 1904 2070 1925 casu
2099 1891 2189 1924 volvi

154 1935 222 1966 vita
246 1941 328 1973 erat,
360 1941 392 1966 et
415 1936 481 1966 vita
506 1943 577 1967 erat
606 1935 663 1966 lux
688 1935 866 1966 hominum.
914 1935 955 1966 Et
978 1936 1027 1966 sic
1053 1942 1145 1966 erant
1199 1942 1231 1967 et
1255 1934 1422 1967 confundi.
1470 1935 1618 1978 Uterque
1653 1948 1748 1968 error
1782 1946 1926 1978 magnos
1960 1936 2121 1968 tumultus
2155 1937 2187 1968 in

153 1979 232 2010 iusti
255 1979 350 2019 primi
374 1979 539 2016 homines,
573 1978 648 2010 Deo
682 1979 886 2010 inhabitante
916 1979 949 2009 in
980 1979 1039 2016 eis,
1072 1989 1147 2010 cum
1198 1978 1364 2010 hominum
1401 1981 1565 2011 mentibus
1602 1981 1735 2012 excitat.
1790 1980 1928 2016 Quoties
1963 1980 1993 2010 in
2030 1979 2188 2021 periculis

154 2022 286 2064 quidem
310 2032 426 2053 omnes
449 2023 619 2064 potentiae
643 2032 705 2053 suo
735 2023 850 2053 ordine
874 2021 948 2052 Deo
979 2023 1147 2064 obtempe-
1198 2033 1326 2059 sumus,
1360 2034 1445 2065 quae
1469 2029 1631 2065 superant
1654 2024 1799 2055 humana
1823 2023 1976 2061 consilia,
2011 2030 2189 2055 moventur

153 2071 267 2096 rarent
301 2065 373 2096 sine
407 2072 559 2106 peccato.
612 2065 735 2096 Postea
770 2076 850 2097 vero
887 2076 960 2096 cum
995 2065 1145 2097 homines
1197 2065 1349 2098 homines
1374 2067 1574 2107 cogitatione
1606 2077 1782 2099 causarum
1816 2066 2026 2106 naturalium,
2061 2073 2097 2099 ut
2130 2079 2188 2108 pu-

154 2107 261 2139 libera
279 2107 451 2140 voluntate
485 2108 679 2140 defecerunt
713 2120 732 2140 a
766 2111 889 2147 verbo,
924 2115 1145 2140 excusserunt
1171 2113 1176 2173 f
1197 2115 1265 2141 tent
1290 2109 1411 2141 malum
1432 2109 1674 2142 immedicabile
1694 2121 1783 2149 esse,
1808 2111 1884 2152 quia
1901 2117 2019 2142 natura
2044 2111 2093 2142 sic
2116 2110 2188 2143 vol-

154 2151 264 2183 Deum
284 2151 480 2190 Rectorem,
510 2158 540 2183 et
566 2158 749 2194 coeperunt
772 2153 803 2183 in
828 2159 937 2183 mente
962 2163 1038 2183 esse
1058 2158 1146 2184 tene·
1198 2159 1294 2184 vatur
1318 2154 1389 2184 sinc
1413 2153 1499 2184 Deo.
1546 2154 1721 2186 Adversus
1758 2154 1818 2185 has
1854 2154 2076 2186 dubitationes
2110 2165 2188 2186 con·

155 2196 248 2233 brae,
271 2196 303 2226 in
329 2196 430 2227 corde
455 2196 533 2238 suga
557 2202 588 2227 et
612 2194 762 2227 fremitus
786 2197 950 2227 adversus
968 2195 1088 2234 Deum,
1114 2203 1146 2228 et
1171 2174 1174 2242 1
1198 2196 1379 2228 firmandae
1402 2204 1478 2227 sunt
1503 2203 1631 2229 mentes
1656 2198 1861 2240 cogitatione
1891 2208 1971 2229 vera
1994 2197 2123 2229 articuli
2147 2199 2189 2229 de

155 2249 278 2281 magna
303 2237 458 2270 confusio
481 2240 729 2281 appetitionum,
754 2249 828 2271 cum
853 2240 1009 2271 desiisset
1033 2241 1102 2281 regi
1126 2251 1145 2271 a
1197 2239 1386 2276 creatione,
1412 2251 1452 2271 ac
1477 2242 1690 2272 statuendum
1715 2248 1778 2279 est,
1812 2251 1879 2272 non
1903 2240 2011 2272 solum
2036 2242 2188 2273 conditas

156 2281 242 2313 Deo.
301 2282 433 2314 Rursus
469 2288 578 2313 tamen
612 2282 707 2313 Deus
748 2293 825 2314 sese
865 2283 1023 2325 patefecit
1058 2283 1146 2314 edita
1198 2294 1275 2314 esse
1298 2294 1354 2314 res
1378 2294 1397 2314 a
1422 2283 1508 2322 Deo,
1543 2285 1602 2315 sed
1628 2285 1727 2316 etiam
1750 2292 1911 2326 perpetuo
1938 2286 2132 2316 conservari
2155 2290 2188 2316 et

155 2326 378 2367 promissione
408 2332 440 2357 et
470 2327 589 2357 additis
624 2337 702 2357 mox
736 2327 927 2369 ingentibus
964 2325 1144 2365 miraculis,
1197 2328 1377 2358 sustentari
1402 2338 1421 2358 a
1444 2327 1519 2359 Deo
1539 2339 1649 2359 rerum
1673 2329 1893 2366 substantiaS,
1917 2329 2095 2370 quotannis
2119 2327 2188 2359 foe-

156 2367 360 2400 allocutione
385 2368 572 2408 manifesta,
602 2370 825 2410 promissione
848 2371 1076 2402 restituendae
1099 2371 1146 2402 vi·
1197 2371 1317 2401 cundat
1343 2370 1435 2402 Deus
1459 2377 1593 2409 terram,
1618 2378 1775 2413 procreat
1798 2371 1916 2413 fruges
1940 2382 1981 2403 ex
2004 2378 2106 2408 terra,
2131 2373 2188 2403 im-

156 2418 221 2450 tae,
241 2417 273 2442 et
295 2413 381 2443 inter
404 2418 551 2444 terrores
576 2419 607 2443 et
631 2423 768 2444 sensum
792 2415 906 2445 mortis
931 2425 1019 2445 nova
1042 2414 1146 2445 vivifi·
1196 2414 1294 2455 pertit
1328 2415 1429 2445 vitam
1464 2415 1663 2446 viventibus.
1716 2415 1808 2446 Haec
1842 2425 1952 2446 rerum
1987 2415 2186 2451 sustentatio

157 2455 301 2486 catione.
348 2455 472 2487 Postea
502 2456 645 2487 subinde
672 2467 761 2488 nova
795 2457 954 2489 miracula
989 2468 1145 2489 accesse-
1197 2468 1258 2489 seu
1283 2458 1498 2489 conservatio
1529 2459 1651 2489 usitata
1685 2457 1889 2500 apellatione
1922 2464 2063 2490 vocatur
2097 2458 2185 2490 actio

156 2504 244 2536 runt,
274 2505 434 2530 renovata
460 2505 492 2530 et
515 2498 681 2531 illustrata
705 2507 755 2531 est.
779 2501 943 2539 doctrina,
979 2501 1145 2532 sacrificia
1170 2520 1173 2530 .
1196 2500 1260 2532 Dei
1285 2499 1464 2542 generaliS,
1490 2512 1575 2543 quae
1599 2508 1709 2533 tamen
1733 2512 1800 2533 non
1823 2503 1867 2533 ita
1883 2500 2000 2544 alligat
2018 2512 2092 2533 eum
2111 2512 2187 2534 cau-

157 2541 199 2572 de
223 2541 319 2573 coelo
343 2552 491 2574 accensa
514 2550 602 2574 sunt.
649 2543 789 2574 Henoch
813 2545 910 2576 vivus
946 2545 977 2575 in
1013 2542 1144 2576 coelum
1196 2545 1244 2575 sis
1268 2545 1438 2583 secundis,
1463 2551 1499 2576 ut
1522 2543 1603 2576 nihil
1625 2544 1727 2577 faciat
1750 2544 1857 2582 aliter,
1881 2556 1979 2587 quam
2001 2551 2039 2577 ut
2062 2554 2186 2577 causae

156 2584 340 2617 translatus
376 2592 446 2624 est,
481 2591 601 2626 postea
635 2585 792 2618 diluvium
827 2594 979 2620 secutum
1014 2594 1145 2634 estwet
1196 2589 1365 2620 secundae
1389 2589 1486 2619 cient.
1531 2589 1598 2620 Sed
1622 2589 1716 2620 Deus
1741 2595 1793 2621 est
1822 2588 2024 2620 liberrimum
2066 2598 2185 2632 agenS,

157 2634 291 2660 servata
326 2627 448 2660 familia
482 2629 566 2661 Noe.
612 2629 745 2661 Deinde
779 2637 892 2663 secuta
929 2637 980 2663 est
1012 2631 1143 2663 vocatio
1170 2637 1174 2664 Ι
1197 2638 1310 2664 servat
1333 2631 1386 2663 sui
1409 2632 1520 2674 operis
1545 2633 1706 2672 ordinem,
1735 2639 1767 2665 et
1790 2639 1901 2664 tamen
1925 2631 2027 2664 multa
2050 2638 2187 2675 propter
2223 2662 2227 2665 ,

313 2697 461 2720 nummu.
476 2699 558 2719 open.
573 2698 636 2719 τοι.
651 2699 735 2718 xxm.
1978 2694 2013 2718 24
