2383 2990
151 145 194 178 45

849 143 888 175 11.
907 142 1102 175 EXAMEN
1126 141 1505 186 ORDINANDORUM.

2143 147 2187 179 46

238 239 384 271 Primum
407 238 566 270 amittitur
585 238 748 277 doctrina,
771 232 850 280 quia
869 249 943 270 cum
960 248 1056 269 mens
1075 248 1142 269 non
1194 237 1228 268 in
1251 237 1396 276 Sanctis,
1419 248 1486 268 non
1510 247 1627 269 eontra
1650 238 1889 269 conscientiam
1913 244 1945 269 et
1967 239 2051 270 inter
2069 238 2185 281 lapsus

151 284 278 334 regitur
300 283 404 314 verbo
428 282 566 322 scripto,
588 281 741 313 homines
765 280 902 314 fanatici
926 281 1055 323 fingunt
1074 282 1142 322 opi·
1196 287 1312 311 contra
1332 281 1580 312 conscientiam.
1622 281 1662 312 Et
1688 281 1792 323 tingit,
1817 287 1950 312 ruentes
1976 288 2091 313 eontra
2107 293 2185 314 eon-

150 337 287 364 mones,
316 331 352 357 ut
374 324 471 364 libet,
495 332 612 357 contra
635 325 762 367 Legem
793 331 825 356 ez
854 324 1015 357 articulos
1038 323 1140 363 Fidei,

151 370 237 402 sicut
259 369 353 401 multi
375 367 527 411 fecerunt
550 369 583 400 in
607 368 801 400 Adulteriis.

239 438 408 476 Secundo,
431 438 463 468 in
487 438 577 469 veris
598 436 770 468 doloribus
799 448 866 468 non
891 442 1079 468 sustentant
1104 447 1142 468 se

151 483 277 524 scripta
300 482 534 523 promissione,
558 487 589 512 et
609 481 659 511 sic
682 486 779 511 ruunt
804 481 837 511 in
861 480 1141 521 desperationem.

237 550 368 591 Tertio,
402 560 510 591 neque
540 550 647 580 sciunt
679 559 787 590 neque
811 549 962 587 discunt,
997 550 1075 590 quid
1099 550 1141 580 sit

151 595 262 632 Fides,
286 594 362 636 quia
378 598 540 635 quaerunt
560 591 708 629 afflatus,
734 603 799 623 non
819 598 1007 623 sustentant
1029 603 1066 623 se
1086 604 1141 624 eo-

151 639 310 681 git‘atione
339 637 454 678 scripti
485 636 589 674 verbi,
625 646 698 666 cum
724 636 848 667 dictum
878 636 937 666 sit:
966 636 1065 667 fides
1101 646 1141 667 ex

151 681 264 714 auditu
289 687 352 719 est,
376 680 507 712 auditus
531 689 592 720 per
615 680 752 710 verbum
776 679 852 710 Dei.

239 749 519 781 Constantissime
548 748 647 789 igitur
677 746 886 789 explodenda
918 754 994 782 sunt
1025 747 1141 779 deliria

152 791 387 830 Stenckseldii,
413 798 444 823 et
467 790 639 829 similium,
663 792 718 832 qui
742 792 911 822 abducunt
940 791 1091 822 homines
1122 801 1142 821 a

151 837 276 877 scripto
300 836 424 873 verb0,
453 840 484 865 et
509 841 631 876 negant
654 833 763 865 Deum
787 832 961 865 efficacem
985 844 1062 870 esse
1087 845 1142 866 eo-

152 879 312 922 gitatione
335 879 452 920 scripti
475 878 579 909 verbi.

239 948 379 989 Semper
401 953 511 978 autem
533 947 564 977 in
590 952 774 987 conspectu
798 947 863 977 sint
884 946 977 977 lirina
995 947 1141 977 testimo-

150 993 215 1023 nia.
249 989 471 1032 Evangelium
494 996 545 1021 est
568 993 713 1031 potentia
728 989 803 1028 Dei,
822 991 865 1021 ad
890 989 1030 1021 salutem
1054 990 1141 1021 omni

150 1035 309 1073 credenti,
329 1034 501 1066 Romanos
529 1034 555 1064 1.
603 1033 701 1065 Item:
730 1034 841 1075 Prope
873 1040 922 1065 cst
947 1035 1085 1065 verbum
1109 1035 1142 1064 in

150 1089 210 1111 ore
233 1085 302 1117 tuo,
326 1083 358 1109 et
376 1078 409 1108 in
428 1077 530 1108 corde
549 1084 615 1108 tuo.
651 1077 750 1109 Item:
770 1077 870 1109 Fides
890 1087 929 1109 ex
947 1077 1062 1108 auditu
1076 1084 1140 1115 est,

152 1122 283 1154 auditus
308 1131 368 1163 per
393 1122 533 1152 verbum
556 1120 631 1158 Dei,
658 1128 721 1152 ete.

239 1199 389 1231 Sciamus
408 1204 528 1236 autem,
552 1197 669 1229 Filium
695 1197 759 1229 Dei
783 1198 869 1238 Myon·
897 1199 1020 1229 adesse
1052 1199 1142 1239 υοςξίι

150 1244 264 1274 tationi
282 1242 375 1273 verbi
395 1242 523 1282 scripti,
540 1249 571 1272 et
585 1240 744 1282 perhanc
764 1242 950 1272 immediate
968 1242 1142 1272 efficacem

151 1295 239 1322 esse,
264 1286 353 1317 iuxta
374 1286 495 1316 dictum
514 1284 671 1316 Iohannis
684 1285 713 1316 S.
737 1284 788 1323 τήν
807 1284 911 1325 ἀρχήν,
936 1283 979 1315 ὅτι
999 1288 1046 1314 καὶ
1060 1286 1141 1315 λαλῶ

151 1328 231 1368 ὑμῖν.
279 1329 331 1359 Ad
356 1327 530 1359 Hebraeos
554 1329 584 1359 4.
620 1328 727 1359 Vivus
748 1339 857 1358 sermo
884 1327 946 1358 Dei
970 1326 1142 1359 efficacior

152 1377 204 1403 est
227 1370 352 1413 gladio,
379 1378 409 1401 et
434 1371 556 1402 iudicat
582 1371 821 1411 cogitationes,
846 1377 877 1401 et
901 1381 967 1401 non
992 1377 1041 1401 est
1066 1373 1140 1402 abs-

153 1415 287 1446 condita
313 1420 466 1444 creatura
491 1424 603 1444 corani
628 1424 678 1445 eo.
724 1413 882 1444 Iohannis
910 1414 959 1444 14.
1006 1414 1041 1445 Si
1065 1415 1140 1455 quis

152 1457 260 1499 diligit
279 1467 342 1495 me,
367 1467 555 1487 sermonem
572 1467 675 1489 meum
703 1458 863 1495 servabit,
888 1463 919 1487 et
936 1463 1030 1498 pater
1046 1468 1139 1488 meus

151 1499 265 1542 diliget
293 1510 385 1537 eum,
421 1506 452 1531 et
483 1501 653 1531 veniemus
683 1501 724 1531 ad
749 1510 842 1537 eum,
872 1506 903 1531 et
934 1501 1139 1532 mansionem

154 1544 243 1586 apud
270 1553 344 1574 eum
368 1541 537 1574 faciemus.
584 1542 624 1574 Et
645 1543 904 1575 Proverbiorum
927 1544 958 1575 8.
984 1544 1059 1574 dicit
1080 1545 1140 1575 Su-

151 1587 291 1629 pientia:
327 1587 387 1618 Fui
412 1598 485 1618 euni
510 1596 550 1617 eo
580 1586 710 1625 artifex,
731 1594 762 1618 et
787 1586 1028 1618 delectationes
1048 1598 1140 1618 meae

153 1641 226 1662 cum
250 1629 326 1661 filiis
355 1629 533 1661 hominum.
579 1631 688 1661 Antea
720 1641 799 1662 vero
831 1631 926 1661 dicit:
962 1630 1077 1661 Clamo
1108 1631 1139 1661 in

151 1674 278 1705 vertice
302 1673 455 1705 civitatis.
502 1674 549 1704 lta
575 1674 678 1715 iungit
703 1675 841 1705 verbum
869 1672 1007 1711 vocale,
1033 1681 1063 1705 et
1090 1674 1140 1705 Fi-

151 1715 230 1748 lium
254 1716 329 1755 Dei,
354 1717 407 1758 qui
443 1718 631 1748 immediate
661 1716 782 1748 efficax
817 1724 867 1748 est
899 1718 931 1748 in
956 1718 1140 1748 ministerio

151 1759 339 1803 Evangelii.
372 1760 450 1791 ldeo
464 1771 601 1802 regnum
620 1760 744 1792 Christi
765 1767 814 1791 est
835 1761 1020 1792 immediate
1034 1762 1140 1802 ipsum

152 1813 229 1835 esse
253 1803 426 1835 efficacem
450 1804 482 1835 in
507 1804 688 1834 ministerio
707 1803 894 1847 Evangelii,
919 1810 950 1836 et
975 1815 1049 1836 eum
1074 1804 1142 1836 col-

151 1845 258 1889 ligere
279 1853 311 1878 et
330 1857 466 1879 servare
488 1845 686 1878 Ecclesiam.

240 1916 304 1952 Qui
327 1917 428 1958 igitur
450 1916 619 1947 abducunt
649 1917 801 1947 homines
828 1927 847 1948 a
876 1918 981 1948 verbo
1005 1917 1142 1958 scripto,

153 1959 251 1991 simul
275 1960 444 1991 abducunt
474 1960 515 1990 ab
540 1961 614 2000 ipso
643 1958 725 1991 Filio
750 1959 832 1998 Dei,
865 1967 894 1991 et
925 1966 1001 1991 sunt
1025 1959 1142 1991 hostes

151 2004 244 2042 regni
279 2002 414 2034 Christi.
471 2003 565 2033 Haec
606 2002 858 2045 diligentissime
901 2004 1142 2035 consideranda

153 2052 243 2085 sunt,
268 2051 301 2077 et
323 2047 502 2077 invitantur
526 2047 635 2077 bonae
655 2054 782 2078 mentes
801 2047 844 2077 ad
860 2058 1004 2077 amorem
1025 2054 1055 2077 et
1074 2054 1142 2078 stu-

153 2090 241 2121 dium
266 2088 419 2120 lectionis
448 2096 479 2120 et
511 2090 722 2131 cogitationis
753 2091 845 2121 verbi
875 2091 1005 2131 scripti,
1036 2096 1066 2121 et
1101 2091 1143 2122 ad

152 2143 233 2163 vera
256 2133 413 2164 exercitia
436 2132 546 2171 Fidei,
583 2144 655 2163 cum
681 2134 886 2177 cogitabunt,
923 2135 989 2174 sic,
1021 2140 1052 2164 et
1076 2144 1143 2165 non

153 2174 260 2214 aliter,
283 2173 455 2207 efficacem
478 2186 557 2207 esse
580 2175 698 2208 Filium
723 2177 804 2215 Dei,
835 2175 989 2208 videlicet
1016 2178 1143 2219 cogita-

154 2219 244 2250 tione
266 2219 360 2250 verbi
384 2219 509 2260 scripti.

241 2294 326 2327 Cum
349 2295 458 2326 autem
473 2296 576 2338 inquit
590 2296 773 2329 Dominus:
797 2297 848 2329 Ex
872 2296 1037 2329 fructibus
1053 2298 1142 2339 ipso-

153 2349 226 2370 rum
249 2339 442 2380 agnoscetis
466 2349 544 2377 eos,
579 2339 649 2371 vult
676 2341 709 2371 in
739 2340 886 2383 qualibet
915 2347 1009 2373 secta
1037 2347 1142 2373 totum

153 2383 327 2414 doctrinae
349 2392 472 2423 eorpus
497 2383 713 2415 considerari.
759 2385 811 2416 Ac
835 2386 862 2416 si
886 2395 949 2427 qua
974 2391 1070 2416 secta
1088 2385 1142 2416 de-

153 2423 258 2457 fendit
289 2426 438 2468 insignes
461 2436 610 2465 erroreS,
641 2426 816 2460 manifeste
846 2435 1034 2471 pugnantes
1067 2438 1142 2459 cum

152 2468 245 2511 Lege
269 2469 379 2500 divina
403 2474 434 2500 et
446 2468 644 2512 Evangelio,
667 2472 812 2502 sciamus
832 2482 905 2504 eam
928 2478 1056 2504 sectam
1072 2472 1141 2514 agi-

154 2513 219 2544 tari
241 2522 262 2544 a
284 2511 453 2552 Diabolis,
477 2518 509 2544 et
527 2511 719 2555 fugiendam
738 2524 827 2547 esse.

241 2581 303 2613 Est
314 2587 423 2613 autem
435 2580 602 2613 horribilis
617 2593 711 2614 error
722 2583 755 2614 in
767 2589 864 2615 secta
875 2584 1142 2626 Anabaptistiea,

153 2625 245 2667 quod
267 2623 354 2657 tollit
380 2625 558 2657 discrimen
581 2627 667 2658 inter
692 2632 853 2668 peccata,
887 2638 974 2670 quae
1003 2627 1142 2659 haerent

1195 324 1368 355 scientiam
1392 330 1501 355 tamen
1531 334 1607 355 esse
1638 326 1761 363 iustos,
1793 330 1825 355 et
1857 326 1999 356 retinere
2030 326 2186 366 Spiritum

1195 374 1357 398 sanctum.
1393 366 1454 397 Hie
1478 366 1570 398 furor
1585 368 1838 399 Antinomorum
1855 367 1923 399 late
1954 375 2097 410 vagatus
2122 376 2186 408 est,

1196 411 1292 441 etiam
1317 411 1406 451 apud
1429 408 1524 442 alios,
1571 411 1634 442 Sed
1657 410 1833 443 manifeste
1855 412 2029 443 damnatur
2051 410 2186 444 illustri-

1196 455 1259 485 bus
1283 454 1479 485 testimoniis
1504 454 1634 485 (livinis.

1285 523 1313 553 l.
1337 521 1478 554 Timoth.
1506 522 1534 553 l.
1581 521 1687 554 Milita
1706 523 1828 554 bonam
1850 522 2013 562 militiam,
2036 524 2185 555 retinens

1196 565 1293 597 fidem
1318 571 1348 596 et
1373 566 1493 597 bonam
1518 567 1767 598 conscientiam.

1283 634 1365 665 Item
1391 635 1419 666 l.
1446 633 1594 666 Forintli.
1618 635 1649 665 6.
1685 637 1908 673 ScortatoreS,
1931 634 2095 675 Adulteri,
2119 635 2186 668 Ho-

1194 678 1347 715 micidae,
1373 685 1435 709 etc.
1460 688 1525 709 non
1551 679 1771 719 possidebunt
1796 688 1937 720 regnum
1960 678 2032 709 Dei.

1281 746 1454 777 Romanos
1478 747 1508 778 S.

1195 789 1350 827 ficabitis,
1374 791 1504 821 vivetis.

1556 748 1588 778 Si
1619 748 1768 777 actiones
1793 748 1902 777 carnis
1927 747 2045 788 spiritu
2075 748 2185 779 morti-

1240 864 1244 867 *
1286 850 1363 882 ltem
1382 851 1423 882 de
1442 851 1574 882 Aaron:
1600 850 1763 882 Dominus
1784 848 1887 882 voluit
1908 856 2082 882 conterere
2099 862 2185 884 eum.

1434 1017 1509 1057 DE
1555 1016 1953 1058 POENITENTIA.

1283 1144 1355 1175 Etsi
1390 1154 1510 1175 nomen
1545 1143 1843 1175 PtfflNtTENTtA
1881 1144 1989 1185 magis
2033 1143 2187 1185 congruit

1195 1189 1236 1219 ad
1261 1188 1504 1222 contritionem,
1528 1198 1588 1218 seu
1612 1198 1754 1228 pavores
1780 1193 1809 1218 et
1835 1185 1982 1224 dolores,
2003 1194 2110 1218 tamen
2124 1186 2185 1218 Ec-

1197 1231 1299 1263 clesia
1330 1234 1379 1262 sie
1410 1232 1553 1262 nominat
1584 1231 1840 1262 conversionem
1871 1231 1912 1261 ad
1938 1230 2064 1268 Deum,
2098 1241 2185 1272 quae

1196 1282 1226 1306 et
1253 1273 1387 1315 dolores
1419 1281 1449 1305 et
1474 1273 1740 1305 consolationem
1765 1275 1926 1311 continet,
1961 1284 2021 1304 seu
2051 1273 2185 1304 mortifi-

1197 1319 1359 1349 cationem
1385 1324 1415 1349 et
1442 1318 1709 1355 vivificationem,
1734 1324 1766 1348 ut
1793 1316 1917 1348 Paulus
1943 1317 2097 1348 nominat.
2144 1316 2186 1348 Et

1197 1362 1358 1392 interdum
1394 1362 1604 1392 narrationes
1646 1360 1871 1402 Evangelieae
1908 1361 1957 1390 sic
1988 1359 2185 1402 loquuntur:

1195 1404 1359 1435 (laudium
1384 1411 1433 1435 est
1459 1404 1600 1445 Angelis
1633 1404 1673 1435 de
1697 1415 1763 1435 uuo
1787 1410 1983 1445 peccatore,
2015 1404 2185 1445 poeniten-

1194 1448 1270 1478 tiam
1293 1454 1424 1489 agente.

1280 1525 1351 1556 Nee
1375 1531 1483 1556 tamen
1509 1527 1692 1564 λογομαχίας
1715 1534 1906 1562 movemuS,
1932 1524 1959 1554 si
1986 1525 2060 1566 quis
2091 1523 2187 1555 aliter

1193 1567 1266 1599 vult.
1287 1567 1389 1610 loqui,
1415 1579 1481 1599 non
1501 1579 1689 1610 pugnamus
1710 1578 1783 1598 eum
1804 1578 1852 1598 eo.
1886 1567 2078 1598 Retinemus
2097 1569 2186 1599 bono

1195 1611 1337 1642 consilio
1363 1610 1562 1643 vocabulum
1588 1612 1620 1642 in
1645 1610 1797 1642 Ecclesia
1822 1611 2048 1649 notissimum,
2074 1617 2107 1642 ut
2130 1620 2185 1642 res

1195 1656 1291 1686 eitius
1316 1654 1541 1696 intelligatur,
1575 1661 1605 1685 et
1631 1655 1738 1696 inagis
1764 1656 1941 1695 perspicua
1964 1655 2005 1685 sit
2029 1653 2185 1685 refutatio

1194 1709 1345 1729 errorum
1370 1705 1400 1730 et
1424 1698 1709 1741 labyrinthorum,
1747 1699 1865 1739 quilius
1890 1697 2047 1729 Monaelii
2075 1696 2185 1729 multis

1194 1742 1320 1774 seculis
1345 1743 1530 1774 doctrinam
1553 1743 1595 1773 ‹le
1620 1742 1825 1774 Poeuitentia
1850 1748 2079 1782 corruperunt.

1227 1893 1337 1944 Quid
1370 1901 1432 1933 est
1464 1893 1721 1933 Poenitentia
1756 1907 1828 1933 seu
1861 1892 2070 1933 conversio
2110 1892 2163 1933 ad

1613 1953 1774 1994 Deum?

1284 2062 1584 2093 POENJTEN'HA
1617 2072 1677 2094 seu
1712 2061 1968 2094 CONVERSIO
2003 2062 2045 2093 ad
2079 2061 2187 2093 Deum

1197 2112 1249 2138 est
1273 2108 1442 2144 contritio,
1469 2108 1501 2137 id
1525 2113 1574 2137 est
1589 2129 1598 2144 ,
1633 2116 1734 2137 verus
1759 2117 1866 2147 pavor
1889 2112 1919 2136 et
1953 2103 2049 2136 dolor
2074 2106 2186 2136 cordis

1197 2157 1332 2192 propter
1355 2156 1493 2191 peecata
1522 2156 1655 2186 nostra,
1688 2155 1717 2180 et
1749 2150 1814 2181 lide
1844 2151 1876 2180 in
1900 2148 2068 2179 Cin-istum
2101 2149 2186 2179 avei-

1197 2205 1276 2235 pere
1302 2194 1530 2225 remissionem
1551 2201 1775 2234 peecatorum,
1799 2191 2116 2229 reeonciliationem,
2141 2192 2186 2223 iu-

1197 2237 1428 2268 stificationem
1463 2243 1494 2268 et
1520 2236 1795 2275 vivificationem,
1821 2241 1853 2267 et
1880 2235 2040 2268 inchoare
2064 2246 2186 2267 novam

1196 2281 1427 2312 obedientiam.

1317 2430 1429 2481 Quot
1460 2436 1554 2470 sunt
1585 2436 1720 2485 partes
1752 2428 2059 2469 Poenitentiae‘?

1281 2539 1366 2570 Tres
1379 2545 1474 2571 sunt:
1497 2538 1672 2576 Contritio,
1692 2537 1803 2577 Fides,
1823 2543 1855 2569 et
1877 2548 1967 2570 nova
1985 2538 2182 2569 obedientia.

1195 2583 1291 2615 Hane
1314 2583 1524 2625 partitionem
1548 2582 1690 2613 docendi
1721 2592 1825 2613 causa
1856 2582 1944 2613 bono
1969 2580 2110 2613 consilio
2134 2582 2184 2612 sic

1194 2627 1401 2666 tradidimus,
1422 2632 1454 2659 et
1467 2626 1610 2668 petimus
1635 2635 1708 2657 eam
1730 2625 1804 2657 sine
1827 2624 2001 2657 calumniis
2030 2623 2181 2668 intelligi.
