2383 2990
120 139 184 172 189

326 235 400 275 DE
432 233 892 288 SATISFACTIONE.

205 343 420 376 Consuetudo
444 342 707 375 satisfactionum
730 342 949 384 improbanda
973 347 1041 380 est,
1073 347 1106 373 et

118 387 296 419 reiicienda
319 387 472 418 doctrina
496 387 537 417 de
566 385 864 417 satisfactionibus.
911 385 1104 416 Cavendum

118 436 170 462 est
193 431 277 461 enim
302 430 389 461 omni
413 429 534 467 studio,
558 439 600 461 ne
619 431 778 460 obruatur
797 428 948 460 doctrina
968 429 1008 459 de
1029 438 1104 470 gra-

118 475 200 505 tuita
223 474 453 515 acceptatione
477 479 509 504 et
533 473 573 504 de
598 473 672 504 fide.
709 471 837 502 Luceat
861 471 947 502 haec
971 478 1104 502 senten-

117 517 162 548 tia
180 517 211 548 in
232 516 413 554 Ecclesiis‚
444 516 534 558 quod
558 516 663 558 gratis
694 519 830 555 proster
854 514 1022 545 Christum
1046 514 1103 545 do-

117 566 214 591 netur
247 560 400 590 remissio
435 558 553 598 culpae
587 564 619 589 et
648 567 776 598 poenae
805 563 980 596 aeternae,
1015 557 1103 598 quod

119 602 272 634 Christus
297 603 338 633 sit
357 600 540 633 satisfactio
565 606 598 631 et
622 601 753 632 victima
781 610 842 640 pro
868 601 1014 641 peccatis
1044 610 1103 630 nov

119 646 217 684 stris,
241 646 328 686 quod
356 643 448 675 nulla
477 649 592 674 nostra
623 653 726 684 opera
756 643 822 673 sint
853 642 1102 674 satisfactiones

118 699 178 730 pro
202 688 348 730 peccatis
372 687 509 718 nostris.

205 764 299 796 Hanc
322 764 506 795 doctrinam
529 761 628 794 valde
658 763 851 794 obscuravit
881 763 1031 794 doctrina
1062 763 1103 793 de

118 806 401 839 satisfactionibus
420 807 453 837 in
477 805 644 837 Ecclesia.
690 805 768 836 ldeo
794 815 935 836 necesse
960 811 1012 836 est
1031 816 1103 836 eam

116 850 254 888 aboleri,
279 855 312 880 et
334 849 423 880 reiici
444 849 626 879 doctrinam
643 849 684 879 de
704 847 998 879 satisfactionibus.
1035 849 1102 878 Sed

116 893 170 924 hic
200 893 352 924 monendi
382 898 459 923 sunt
489 892 609 929 rudes,
646 902 712 921 non
741 892 831 922 reiici
861 890 978 922 civiles
1006 892 1103 921 satis-

118 936 299 971 tactioneS‚
333 941 368 966 ut
396 933 473 965 furti
503 935 760 971 restitutionem,
792 945 876 975 quae
905 945 983 965 vere
1006 935 1104 974 perti-

118 985 198 1010 nent
229 979 271 1009 ad
301 978 539 1009 contritionem.
586 976 655 1008 Sed
684 978 875 1008 reiiciuntur
903 976 1103 1007 satisfactio-

116 1031 190 1060 neS,
214 1031 297 1062 quas
321 1021 382 1062 ipsi
407 1026 532 1051 vocant
555 1030 657 1060 opera
682 1021 837 1050 indebita.
885 1020 981 1057 Item,
1013 1020 1101 1061 quod

117 1065 272 1106 operibus
317 1064 464 1094 tribuunt
510 1063 813 1103 compensationem
859 1073 920 1103 pro
967 1069 1104 1093 aeterna

116 1113 239 1144 morte,
274 1112 307 1137 et
337 1108 479 1137 obruunt
508 1106 691 1137 doctrinam
717 1106 757 1136 de
781 1106 944 1137 beneficio
969 1105 1102 1136 Christi.

117 1149 242 1185 Quales
274 1156 382 1180 autem
414 1147 535 1179 fuerint
563 1149 645 1179 ritus
676 1147 916 1179 satisfactionis
950 1148 1104 1189 publicae

117 1193 295 1234 quondam,
319 1198 351 1223 et
375 1190 490 1233 quales
515 1199 633 1231 postea
653 1191 735 1221 ritus
761 1198 793 1222 et
814 1193 989 1232 opiniones
1007 1201 1103 1221 secu-

117 1242 170 1266 tae
194 1236 275 1272 sint,
309 1245 374 1265 non
398 1244 536 1275 possum
560 1236 591 1265 in
623 1234 715 1264 brevi
747 1233 922 1265 Catechesi
952 1236 1102 1265 recitare.

117 1278 292 1310 Caeterum
314 1276 396 1308 illud
420 1277 526 1308 sciant
550 1278 605 1318 pii,
626 1276 732 1307 Deum
756 1287 859 1318 saepe
882 1278 998 1318 punire
1028 1288 1103 1318 pec-

119 1327 191 1352 cata
214 1321 400 1361 ingentibus
424 1321 540 1359 poenis
565 1319 815 1360 temporalibus,
840 1326 871 1351 et
898 1321 959 1351 has
984 1330 1101 1350 rursus

116 1364 285 1404 mitigare,
308 1368 364 1394 aut
386 1373 525 1403 prorsus
556 1362 674 1393 tollere
704 1369 840 1403 propter
864 1369 966 1393 totam
991 1363 1103 1402 poeni-

117 1409 260 1438 tentiam.
306 1406 398 1437 Sicut
428 1405 538 1436 David
569 1411 706 1445 propter
734 1404 930 1436 adulterium
956 1416 973 1436 6
997 1416 1102 1446 regno

116 1448 276 1491 expulsus
306 1455 376 1486 est,
407 1449 466 1479 sed
495 1448 588 1478 Deus
618 1448 731 1489 agenti
759 1449 991 1488 poenitentiam
1023 1448 1104 1478 miti-

117 1493 208 1533 gavit
230 1502 383 1533 poenam,
418 1502 557 1531 eumque
586 1491 739 1522 restituit.
789 1491 1022 1523 Discernenda
1052 1496 1104 1521 est

116 1536 214 1577 igitur
238 1535 389 1565 remissio
413 1540 569 1565 aeternae
593 1544 732 1574 poenae,
755 1545 775 1565 a
794 1535 990 1565 remissione
1010 1544 1104 1574 prae·

117 1578 258 1609 sentium
282 1583 313 1608 et
337 1576 558 1617 corporalium
590 1588 778 1617 poenarum.
826 1577 964 1618 Semper
992 1578 1024 1606 in
1053 1587 1103 1606 re-

118 1621 274 1651 missione
299 1619 417 1660 culpae
441 1619 535 1650 simul
558 1620 595 1650 fit
619 1621 770 1650 remissio
794 1631 924 1660 poenae
948 1626 1103 1650 aeternae

116 1670 252 1704 propter
275 1662 463 1700 Christum,
501 1663 560 1693 sed
584 1664 660 1704 quia
682 1663 776 1694 Deus
807 1664 838 1693 in
863 1664 926 1694 hac
952 1664 1017 1693 vita
1040 1671 1103 1692 nos

116 1707 257 1738 subiecit
283 1704 518 1737 afflictionibus
543 1716 608 1736 non
634 1716 765 1747 semper
788 1705 950 1736 tolluntur
972 1715 1102 1746 poenae

118 1748 323 1790 corporales.
370 1749 436 1779 imo
461 1749 624 1779 interdum
648 1750 744 1779 etiam
767 1756 844 1790 post
868 1749 1102 1789 poenitentiam

118 1794 325 1834 irrogantur,
361 1791 500 1832 exempli
527 1802 647 1829 causa,
682 1799 713 1822 et
745 1798 778 1822 ut
801 1793 843 1832 pii
875 1797 1102 1828 exerceantur,

117 1836 202 1866 sicut
221 1836 322 1876 inquit
339 1834 473 1865 Petrus:
492 1834 647 1866 Iudicium
662 1846 681 1865 a
696 1835 793 1865 domo
811 1835 874 1865 Dei
888 1835 1015 1875 incipit.
1058 1833 1101 1864 Ut

118 1877 226 1909 David
249 1884 327 1918 post
356 1878 591 1917 poenitentiam
619 1888 723 1919 regno
748 1876 906 1918 expulsus
939 1883 1008 1915 est,
1040 1877 1101 1907 sed

119 1928 226 1952 tamen
244 1926 381 1962 propter
393 1921 644 1951 conversionem
659 1922 825 1962 mitigatur
846 1931 962 1961 poena.
994 1920 1102 1960 Saepe

119 1964 209 2005 punit
239 1963 332 1994 Deus
357 1970 473 1994 sontes
502 1969 578 1994 ante
608 1964 860 2004 poenitentiam,
897 1970 930 1994 ut
965 1970 1099 1994 revocet

118 2017 188 2044 eos,
212 2012 246 2038 ut
269 2005 446 2037 manasses
470 2007 502 2037 in
527 2017 663 2037 carcere
686 2008 833 2047 resipuit.
857 2007 887 2037 ⁶2.
913 2006 1023 2037 Paral.
1047 2007 1099 2036 22.

117 2048 216 2080 Tales
241 2048 436 2080 afflictiones
459 2060 526 2080 non
549 2056 627 2080 sunt
650 2051 954 2090 compensationes,
977 2055 1031 2080 aut
1048 2060 1100 2080 sa-

118 2090 339 2130 tisfactiones,
364 2093 422 2122 scd
446 2103 585 2133 poenae,
609 2093 729 2134 quibus
753 2092 848 2125 Deus
873 2099 926 2124 aut
952 2098 1101 2131 revocat,

119 2139 177 2165 aut
200 2141 333 2166 exercet
355 2134 518 2166 homines.
560 2135 735 2167 Caeterum
760 2137 908 2177 promisi-t
926 2135 1020 2166 Deus
1044 2136 1101 2166 mi-

119 2177 311 2218 tigationem
334 2188 515 2219 poenarum
539 2178 763 2219 corporalium
786 2180 964 2222 agentibus
988 2180 1101 2220 poeni-

119 2220 265 2257 tentiam,
299 2226 334 2251 ut
357 2220 446 2252 Esai.
473 2222 500 2252 l.
525 2221 560 2253 Si
595 2223 717 2254 fuerint
750 2229 890 2264 peccata
925 2228 1038 2253 vestra
1066 2229 1101 2253 ut

121 2263 304 2301 coccinum,
327 2265 421 2304 quasi
444 2265 498 2295 nix
524 2264 777 2297 dealbabuntur.
823 2266 857 2296 Si
877 2264 1049 2297 volueritis
1070 2272 1102 2296 et

120 2306 288 2337 audieritis
311 2316 375 2343 me,
400 2307 488 2337 bona
512 2313 620 2339 terrae
643 2309 834 2340 comedetis.
869 2307 911 2339 Et
933 2308 1023 2339 Esai.
1048 2307 1101 2339 33.

118 2348 220 2380 Panis
240 2349 268 2379 ei
288 2349 385 2380 datus
410 2355 473 2387 est,
495 2348 621 2391 Regem
645 2352 677 2381 in
701 2352 822 2383 decore
845 2351 1014 2383 videbunt.
1060 2351 1102 2382 Et

120 2391 222 2423 Zach.
256 2392 284 2422 l.
331 2391 566 2425 Convertimini
594 2393 635 2425 ad
664 2404 734 2434 me,
768 2401 801 2426 et
831 2405 895 2438 ego
925 2401 1102 2426 convertar

120 2435 161 2466 ad
185 2444 257 2466 VOS.

852 137 902 169 m.
927 136 1200 168 CATECHESls
1224 137 1437 170 PUERILIS.

2080 140 2144 171 190

1370 235 1445 275 DE
1478 234 1673 276 COENA
1705 234 1925 277 DOMINI.

1243 340 1432 384 Diligenter
1466 343 1666 375 admonendi
1691 350 1767 375 sunt
1791 345 1846 385 pii,
1871 351 1905 375 ut
1931 346 2061 376 discant
2086 347 2142 377 Sa-

1157 392 1326 415 cramenta
1349 395 1368 415 a
1392 384 1525 416 Christo
1545 387 1709 421 instituta,
1740 398 1807 418 non
1831 397 1908 418 esse
1932 393 2062 419 tantum
2084 399 2143 419 no—

1156 433 1207 458 tas
1231 428 1450 469 professionis
1475 438 1556 470 erga
1578 428 1748 467 homines,
1784 431 1869 461 sicut
1891 430 1984 472 Toga
2017 431 2143 463 discer-

1156 471 1253 501 nebat
1269 470 1438 501 Romanos
1463 481 1482 502 a
1506 472 1656 510 Graecis,
1679 479 1736 504 aut.
1759 472 1866 504 forma
1888 475 1992 505 vestis
2018 475 2143 505 discer-

1155 514 1203 544 nit
1225 513 1430 553 Monachos,
1463 524 1525 544 nec
1556 525 1633 546 esse
1661 521 1784 547 tantum
1815 516 1968 558 symbola
1998 527 2141 555 morum,

1156 563 1191 587 ut
1213 567 1301 587 nunc
1325 556 1416 588 multi
1439 556 1535 588 lectis
1560 559 1703 598 gentium
1726 558 1889 598 historiis,
1920 562 1999 602 quia
2029 561 2144 593 vident

1155 601 1187 630 in
1211 599 1403 631 foederibus
1427 599 1589 632 faciendis
1613 600 1718 632 fuisse
1741 613 1883 640 morem,
1913 603 2143 635 te·<tificandae

1156 642 1411 674 benevolentiae
1435 649 1566 675 mutuae
1590 655 1704 682 causa,
1727 644 1823 676 simul
1843 647 2028 685 convivari,
2053 647 2143 687 cogi-

1158 692 1229 717 tant
1264 687 1350 717 hanc
1385 686 1529 717 Coenam
1561 686 1686 718 Christi
1722 689 1818 718 etiam
1853 688 1918 720 talc
1953 690 2143 721 convivium

1108 751 1111 755 .
1156 739 1233 760 esse
1264 730 1476 760 constitutum
1511 730 1551 761 ad
1583 730 1835 772 significandam
1869 738 2015 764 mutuam
2044 734 2143 763 bene-

1156 771 1346 803 volentiam.
1404 773 1470 803 Sed
1506 773 1560 804 hic
1593 783 1805 815 nequaquam
1838 775 2031 817 principalis
2066 775 2142 806 finis

1158 821 1219 846 est.
1266 815 1350 846 Nam
1375 815 1592 847 Sacramenta
1614 817 1647 846 in
1672 816 1854 857 Evangelio
1880 819 2040 856 instituta,
2066 824 2143 848 sunt

1157 859 1254 899 signa
1279 859 1422 899 gratiae,
1446 859 1479 889 id
1508 864 1576 896 est,
1602 866 1678 890 sunt
1702 859 1927 901 principaliter
1953 862 2142 892 testimonia

1156 900 1336 931 voluntatis
1360 902 1489 932 divinae
1514 912 1595 943 erga
1618 912 1690 932 nos.
1727 903 1816 933 Sicut
1829 903 2046 935 Circumcisio
2071 910 2141 934 erat

1156 945 1378 974 testimonium
1402 946 1545 985 posteris
1570 945 1739 982 Abrahae,
1763 956 1843 977 vere
1861 957 1919 977 eos
1945 957 2022 978 esse
2040 958 2142 987 popu—

1156 985 1223 1017 lum
1248 986 1323 1023 Dei.
1349 993 1380 1017 et
1404 987 1560 1018 admoniti
1585 988 1650 1018 hoc
1673 989 1770 1029 signo
1796 990 1962 1021 debebant
1993 990 2142 1027 credere,

1157 1039 1194 1059 se
1224 1039 1301 1060 vere
1326 1037 1463 1070 propter
1492 1031 1745 1071 promissionem
1774 1031 1897 1063 habere
1933 1033 2039 1064 Deum
2067 1043 2142 1073 pro-

1156 1072 1279 1113 pitium.
1328 1073 1387 1103 ilic
1419 1072 1476 1103 fuit
1501 1072 1692 1114 principalis
1716 1085 1798 1104 usus
1831 1076 2078 1111 circumsionis,
2108 1082 2142 1106 ut

1156 1116 1255 1145 docet
1274 1114 1421 1153 Paulus,
1457 1115 1552 1146 Rom.
1582 1117 1612 1146 4.
1643 1127 1716 1147 cum
1750 1118 1813 1154 ait,
1849 1117 2142 1150 Circumcisionem

1156 1168 1233 1188 esse
1268 1157 1411 1199 sigillum
1442 1160 1586 1189 iustitiae
1620 1159 1708 1197 fidei,
1742 1161 1774 1191 id
1808 1166 1871 1198 est,
1908 1163 2140 1199 testimonium,

1157 1212 1222 1241 quo
1247 1200 1330 1231 tides
1362 1203 1468 1243 inagis
1500 1202 1729 1240 confirmatur,
1764 1213 1838 1233 nam
1868 1211 2009 1245 accepto
2045 1205 2141 1245 signo

1156 1243 1331 1274 statuimus
1352 1245 1391 1274 ad
1414 1255 1475 1275 nos
1500 1246 1663 1284 pertinere
1677 1247 1942 1285 promissionem.
1979 1247 2034 1278 Sic
2056 1253 2087 1278 et
2101 1248 2142 1278 de

1157 1287 1271 1317 Coena
1295 1286 1427 1317 Domini
1451 1288 1648 1325 sentiamus,
1677 1299 1747 1318 eam
1772 1299 1848 1319 esse
1879 1289 2142 1329 Sacramentum,

1156 1330 1188 1360 id
1212 1335 1273 1367 est,
1298 1330 1518 1360 testimonium
1543 1331 1687 1361 additum
1711 1330 1915 1373 Evangelio.
1940 1338 1974 1363 ut
1998 1344 2059 1363 nos
2085 1334 2141 1364 ad-

1156 1379 1287 1402 moneat
1311 1383 1389 1402 vere
1412 1374 1454 1403 ad
1478 1384 1540 1403 ncs
1565 1374 1728 1413 pertinere
1752 1376 2009 1414 promissionem
2034 1375 2141 1407 Evan-

1157 1413 1234 1456 gelii
1259 1421 1290 1445 et
1314 1415 1477 1446 beneficia
1500 1415 1636 1446 Christi.

1243 1491 1360 1523 Sciant
1385 1492 1482 1533 igitur
1505 1493 1559 1533 pii,
1584 1493 1740 1524 utendum
1764 1503 1841 1524 esse
1865 1494 1995 1535 integro
2026 1497 2141 1526 Sacra-

1156 1539 1278 1571 mento,
1302 1536 1387 1565 sicut
1403 1534 1558 1566 Christus
1582 1537 1732 1574 instituit,
1758 1543 1788 1567 et
1814 1547 1887 1567 cum
1912 1544 2043 1569 sumunt
2067 1549 2140 1568 cor-

1141 1587 1217 1618 ‘pus
1241 1584 1269 1608 et
1292 1579 1487 1619 sanguinem
1511 1578 1654 1616 Domini,
1678 1578 1847 1610 Christum
1870 1581 1992 1611 adesse
2015 1588 2047 1611 et.
2071 1580 2140 1611 effi-

1156 1631 1270 1651 cacem
1295 1632 1380 1651 esse.
1428 1622 1509 1652 (ium
1533 1628 1640 1652 autem
1666 1623 1845 1662 quaeritur,
1869 1623 1910 1653 ad
1935 1624 2011 1664 quid
2035 1625 2138 1663 prosit

1156 1664 1368 1701 manducare,
1394 1670 1485 1695 recte
1508 1666 1740 1705 respondetur,
1765 1666 1929 1706 prodesse
1952 1667 1994 1697 ad
2021 1666 2139 1697 contir—

1155 1708 1308 1737 inandani
1334 1706 1441 1744 fidem,
1467 1708 1544 1748 quia
1563 1715 1612 1738 est
1636 1709 1869 1746 testimonium,
1894 1719 1959 1749 quo
1983 1710 2140 1740 admoniti

1155 1756 1301 1780 statuere
1326 1751 1502 1787 debemus,
1528 1761 1607 1781 vere
1637 1752 1679 1781 ad
1704 1761 1765 1781 nos
1788 1752 1954 1792 pertinere
1977 1753 2139 1792 beneficia

1155 1792 1285 1823 Christi.
1338 1792 1482 1823 Exhibet
1516 1794 1572 1824 tibi
1608 1793 1762 1825 Christus
1798 1805 1920 1835 corpus
1956 1806 2070 1833 suum,
2104 1802 2139 1827 ut

1155 1836 1254 1866 donet
1277 1836 1334 1865 tibi
1358 1847 1419 1866 sua
1445 1836 1621 1874 beneficia,
1656 1842 1689 1867 ut
1713 1843 1854 1868 testetur
1882 1844 1914 1868 te
1940 1848 2015 1868 esse
2040 1849 2139 1869 inem-

1155 1880 1248 1909 brum
1279 1889 1339 1918 pro
1371 1889 1437 1920 quo
1462 1889 1584 1919 passus
1609 1887 1678 1917 est,
1710 1881 1797 1921 quod
1830 1879 1906 1911 veiit
1927 1891 2076 1918 servare,
2106 1882 2138 1911 in

1154 1932 1218 1962 quo
1243 1922 1318 1952 velit
1351 1932 1426 1952 esse
1462 1921 1581 1952 efficax
1613 1929 1730 1953 contra
1761 1922 1947 1954 Diabolum.
1995 1923 2138 1954 Exhibet

1154 1966 1365 2006 sanguinem,
1396 1970 1431 1995 ut
1465 1966 1553 1996 scias
1590 1972 1622 1996 te
1656 1967 1819 2007 sanguine
1849 1967 1953 2007 ipsius
1989 1967 2138 1997 ablutum

1153 2018 1239 2038 esse.
1278 2008 1427 2038 ,Prodest
1453 2008 1551 2049 igitur
1585 2009 1785 2039 manducare
1819 2010 1996 2050 agentibus
2026 2011 2138 2050 poeni-

1153 2051 1304 2088 tentiam,
1332 2056 1361 2081 et
1387 2050 1451 2081 fide
1475 2052 1675 2082 intuentibus
1707 2052 1738 2081 in
1762 2058 1898 2083 mortem
1931 2058 1962 2083 et
1990 2063 2138 2083 resurre-

1154 2094 1295 2124 ctionem
1320 2093 1462 2131 Christi,
1492 2100 1521 2125 et
1548 2095 1760 2125 credentibus
1790 2101 1928 2136 propter
1957 2094 2045 2127 hunc
2070 2096 2138 2126 Me—

1153 2137 1313 2168 diatorem
1347 2137 1561 2168 Demn.vei·e
1595 2138 1772 2178 propitium
1802 2148 1897 2175 esse,
1927 2149 2005 2169 vere
2041 2139 2136 2169 nobis

1154 2180 1341 2221 ignoscere,
1366 2190 1427 2210 nos
1452 2181 1626 2218 exaudire,
1656 2187 1688 2211 et
1718 2182 1949 2212 invocantibus
1977 2181 2041 2213 hac
2073 2181 2137 2211 fide

1153 2222 1261 2254 Deum
1285 2229 1314 2253 et
1331 2222 1505 2253 Dominum
1529 2230 1676 2254 nostrum
1702 2223 1807 2254 lesum
1821 2223 2000 2261 Christum,
2025 2230 2057 2255 et
2075 2234 2135 2265 pro

1154 2272 1245 2297 tanto
1270 2265 1432 2297 beneficio
1453 2267 1576 2307 gratias
1602 2267 1789 2308 agentibus.
1819 2267 1910 2298 Haec
1935 2277 2137 2299 concurrere

1153 2309 1186 2340 in
1214 2320 1279 2340 usu
1309 2318 1449 2339 necesse
1476 2315 1535 2340 est.
1579 2309 1649 2341 Nec
1673 2310 1810 2350 prodest
1843 2311 2032 2341 ceremonia
2063 2310 2135 2340 sine

1155 2353 1356 2393 poenitentia
1379 2358 1411 2383 et
1433 2352 1505 2383 sine
1523 2352 1599 2384 fide.
