2383 2990
182 154 246 186 537
824 146 867 178 V.
892 144 1163 177 EXPLICATIU
1189 142 1388 174 SYMBOL!
1418 140 1580 173 NlCENl.
2159 140 2224 172 535

182 248 276 281 DEO
312 247 398 278 viam
429 252 532 283 tuam,
566 255 668 286 spera
701 244 734 275 in
769 253 860 280 eum,
895 248 928 273 et
960 242 1033 282 ipse
1066 240 1177 272 faciet.
1203 236 1207 301 Ι
1319 237 1394 268 Non
1438 242 1516 268 sunt
1557 236 1659 278 igitur
1699 244 1839 276 prorsus
1875 235 2090 267 immutabilia
2124 236 2223 274 haec,

182 292 276 329 Item,
307 290 396 322 Dan.
420 289 451 320 2.
497 288 594 320 Deus
630 288 685 318 dat
721 286 918 328 sapientium
943 291 1006 316 etc.
1053 284 1095 315 Et
1125 294 1178 314 sa·
1204 313 1206 318 ,
1232 292 1317 323 quae
1341 282 1373 312 in
1396 280 1461 312 hoe
1485 280 1582 311 tertio
1602 279 1708 321 gradu
1730 284 2020 329 recensentur-,qut
2044 278 2112 318 illa,
2138 291 2223 322 quae

182 335 306 377 pientia
328 333 394 365 Dei
417 334 522 375 inquit
546 332 635 373 apud
660 330 893 363 Salomonem:
919 329 1027 360 Penes
1049 338 1103 359 me
1127 332 1179 358 est
1205 338 1206 367 χ
1232 326 1274 356 ad
1297 325 1438 366 primum
1462 330 1493 354 et
1519 323 1703 355 secundum
1727 323 1866 364 gradum
1890 329 2067 363 pertinent.

183 377 358 411 consilium
382 382 416 408 et
437 385 631 408 successus.
1204 396 1207 435 ι
1855 410 1861 417 .
1880 410 1886 418 α

1321 411 1469 446 Quartus
1494 411 1620 452 gradus
1652 415 1704 441 est
1738 408 1957 447 mutabilium,
1994 420 2079 451 quae
2115 416 2225 441 tamen

271 464 367 496 Hanc
414 463 643 494 necessariam
678 462 863 493 doctrinam
899 460 940 490 dc
973 459 1109 496 timore,
1147 463 1179 488 et
1205 455 1207 495 ζ
1232 455 1446 486 nominantur
1482 455 1676 485 necessaria
1711 455 1915 485 necessitate
1950 454 2225 495 consequentiae,

171 498 413 540 ’dulcissimam
437 505 703 538 consolationem
727 506 769 536 de
791 504 869 541 fide,
899 503 1122 539 invocatione,
1147 507 1179 532 et
1205 498 1207 536 ἒ
1231 499 1265 530 id
1289 504 1353 536 est,
1387 508 1473 539 quae
1503 505 1579 528 sunt
1605 497 1737 538 quidem
1766 507 1803 528 re
1838 498 1911 538 ipsa
1946 497 2128 536 mutabilia,
2164 498 2225 528 sed

183 562 245 594 spe
269 550 382 583 auxilii
408 551 507 581 divini
541 559 750 591 nequaquam
774 550 922 578 sinamus
947 545 1179 577 transformari
1206 554 1207 589 ᾗ
1232 553 1300 573 non
1335 547 1522 579 multantur,
1557 540 1611 571 vel
1646 541 1721 582 quia
1752 541 1801 572 sic
1826 551 1845 571 a
1868 540 1943 572 Deo
1976 541 2110 572 decreta
2135 547 2224 580 sunt,

183 597 217 627 in
240 595 356 626 Stoica
380 593 611 631 deliramenta,
636 603 723 634 quae
748 597 823 622 sunt
848 589 936 621 falsa
960 598 990 621 et
1011 595 1180 621 contume-
1206 595 1207 626 ᾖ
1234 585 1288 617 vel
1312 586 1388 627 quia
1408 594 1591 626 sequuntur
1615 595 1655 615 ex
1681 584 1811 621 causis,
1846 595 1932 625 quae
1956 595 2022 615 non
2047 591 2225 623 mutantur,

183 638 271 670 liosa
294 639 326 668 in
351 637 479 675 Deum,
515 643 547 668 et
577 636 747 667 abducunt
774 634 928 665 homines
952 644 972 664 a
995 633 1179 676 diligentia,
1234 641 1309 661 cum
1333 636 1440 660 tamen
1467 629 1585 659 mutari
1610 628 1810 669 potuissent,
1835 626 1889 659 vel
1914 629 2008 669 quia,
2034 639 2107 660 cuni
2134 629 2225 666 fiunt,

184 693 203 713 a
227 681 305 720 fide,
347 691 409 722 spe
442 687 475 712 et
509 680 731 712 invocatione.
778 677 818 709 Et
843 679 875 708 in
900 684 970 708 tota
994 676 1057 708 hac
1081 687 1180 719 quae·
1206 675 1208 693 ἶ
1234 673 1514 704 contradictoriae
1539 670 1637 703 sinml
1668 682 1769 702 verae
1799 681 1874 702 esse
1905 682 1971 702 non
2001 682 2157 712 possunt:
2192 678 2227 703 ut

184 726 296 757 stione
320 725 361 755 de
387 725 589 756 necessitate
613 723 794 764 prudenter
819 721 1099 752 considerandum
1116 726 1181 757 est,
1206 747 1208 750 Α
1233 717 1429 760 necessaria
1463 722 1514 747 est
1548 715 1762 747 resuscitatio
1805 721 2011 747 mortuorum
2045 716 2227 753 hominnm,

185 779 271 811 quae
294 770 336 799 sit
359 769 473 799 nativa
495 767 662 798 sententia
685 767 717 797 in
742 766 852 803 dietis,
875 775 962 806 quae
982 765 1136 796 citantur.
1206 766 1209 799 Ι
1234 761 1310 802 quia
1336 759 1432 791 Deus
1468 760 1569 791 edidit
1603 760 1774 791 decretum
1809 759 1850 789 de
1885 770 1936 790 ea.
1987 759 2139 790 Necesse
2175 765 2228 790 est

1207 804 1209 848 j
1234 805 1343 846 puniri
1367 813 1475 845 genus
1500 802 1678 834 humanum
1702 803 1832 844 magnis
1858 801 2116 841 calamitatibus,
2151 803 2227 844 qnia

273 854 383 886 Valde
406 855 543 897 prodest
570 855 603 885 in
626 852 691 884 hac
715 854 939 893 disputatione
965 852 1181 884 considerare
1208 860 1209 867 ¹
1235 858 1359 879 causae
1379 856 1444 878 non
1469 855 1653 878 mutantur:
1678 847 1819 877 subinde
1844 847 1930 877 enim
1954 845 2131 877 multorum
2155 856 2228 877 scc-

186 900 284 931 etiam
306 900 433 941 gradus
457 898 686 931 necessitatis,
717 898 771 939 qui
799 898 981 928 recitantur
1005 897 1035 927 in
1060 895 1182 927 doctri-
1208 911 1209 916 =
1234 889 1305 922 lcra
1334 892 1461 922 irritant
1497 892 1578 922 iram
1609 890 1683 921 Dei.
1732 890 1825 921 Haec
1849 899 2060 931 nequaquam
2084 899 2228 921 necesse

184 953 229 974 na
253 941 409 985 Physica.
1208 962 1210 965 ,
1235 941 1285 965 est
1310 934 1390 972 fieri,
1413 935 1473 966 sed
1493 945 1531 966 se
1555 935 1698 976 quisque
1722 932 1898 975 disciplina
1921 943 2040 976 regere
2064 941 2192 975 posset.

275 1028 406 1060 Primus
432 1029 558 1071 gradus
590 1029 779 1059 nominatur
801 1026 958 1059 absoluta
984 1027 1183 1064 necessitas,
1208 1028 1210 1054 i
1322 1022 1473 1053 Necesse
1495 1028 1548 1053 est
1566 1022 1729 1052 haereses
1753 1031 1847 1058 esse,
1876 1019 2004 1051 scilicet
2027 1021 2229 1052 necessitate

186 1083 272 1115 quae
296 1080 347 1103 est
371 1072 659 1113 propositionum,
690 1082 827 1113 quarum
859 1071 1034 1113 oppositae
1059 1069 1182 1112 simpli·
1236 1066 1512 1107 consequentiae,
1537 1065 1615 1107 quia
1638 1064 1727 1096 mala
1750 1065 1883 1106 ingenia
1907 1064 2119 1096 delectantur
2142 1062 2228 1094 ludis

187 1117 271 1147 citer
293 1114 520 1157 impossibiles
551 1121 639 1147 sunt.
688 1115 744 1146 Sic
779 1116 934 1146 dicuntur
967 1115 1182 1146 necessariae
1209 1114 1211 1147 Ξ
1237 1110 1428 1151 opinionum
1451 1107 1517 1140 alia
1537 1109 1623 1147 aliis,
1659 1115 1691 1140 et
1721 1114 1831 1140 tamen
1855 1107 1990 1139 frenare
2014 1107 2229 1149 petulantiam

185 1160 435 1201 propositiones
449 1159 488 1190 ‹le
501 1161 648 1190 essentia
661 1158 738 1197 Dei,
755 1166 785 1190 ct
799 1159 840 1190 de
853 1159 1032 1191 virtutibus
1045 1159 1077 1189 in
1091 1156 1182 1189 Deo:
1209 1156 1211 1195 J
1236 1160 1386 1194 possent·

185 1203 280 1234 Deus
316 1209 383 1242 est,
418 1202 512 1233 Deus
547 1210 596 1233 est
634 1203 779 1234 essentia
814 1201 1026 1245 intelligens,
1066 1200 1211 1241 verax,l
1743 1239 1749 1246 ¹
2111 1239 2118 1246 ι

188 1247 289 1286 bona,
314 1246 414 1284 iusta,
439 1253 546 1285 casta,
568 1245 750 1278 liberrima,
1323 1239 1478 1281 Denique
1502 1240 1611 1270 omnia
1633 1250 1706 1270 cum
1731 1242 1825 1277 hunt,
1849 1245 1927 1270 tunc
1946 1249 2140 1270 necessaria
2164 1238 2229 1270 hoc

1237 1283 1334 1315 modo
1363 1284 1528 1321 dicuntur,
1564 1284 1640 1324 quia
1670 1283 1951 1325 contradictoriae
1985 1293 2052 1313 non
2088 1288 2230 1323 possunt

277 1333 453 1365 Secundus
478 1333 605 1375 gradus
635 1340 688 1365 est
722 1332 951 1365 definitionum
982 1340 1013 1364 et
1048 1333 1184 1364 demon-
1237 1326 1335 1358 simul
1359 1337 1437 1358 esse
1458 1338 1573 1359 verae:
1610 1327 1682 1358 Etsi
1713 1328 1798 1358 enim
1823 1328 1854 1357 in
1878 1325 1989 1357 multis
2015 1336 2138 1357 causae
2164 1336 2230 1356 non

187 1377 398 1415 strationum,
433 1388 518 1418 quae
554 1378 653 1408 etiam
684 1377 838 1408 dicuntur
868 1378 1083 1408 necessariae
1108 1377 1184 1408 sim-
1210 1375 1211 1411 ἶ
1237 1372 1432 1402 necessario
1455 1376 1572 1412 agunt,
1596 1378 1705 1402 tamen
1729 1382 1804 1402 cum
1823 1370 1915 1409 fiunt,
1941 1370 2095 1401 dicuntur
2113 1380 2230 1400 neces-

186 1419 331 1461 pliciter‚
355 1420 457 1461 quod,
482 1420 509 1450 si
536 1420 683 1461 tingatur
707 1421 909 1461 oppositum,
946 1420 978 1451 lit
1004 1419 1183 1462 implicatio
1237 1416 1325 1446 Sssflss
1349 1416 1553 1446 [18085511316
1578 1414 1854 1456 ⁰⁰¹¹Sfflllle'ssfiae,
1877 1424 1964 1456 (11139
1988 1423 2054 1445 11011
2079 1419 2131 1443 851
2155 1423 2230 1454 pro-

187 1464 473 1501 contradictionis,
498 1470 531 1494 ut
552 1465 579 1494 si
604 1463 772 1505 Trigonus
797 1474 863 1494 non
888 1464 1010 1496 habeat
1034 1470 1102 1495 tres
1126 1475 1184 1495 an-
1209 1465 1210 1499 }
1237 1459 1306 1500 1¹¹·ie
1331 1460 1536 1496 necessitas,
1573 1459 1650 1499 (111Ῑᾶ
1674 1468 1799 1490 cau-‘²10
1817 1457 1914 1489 aliter
1936 1468 2038 1499 agere
2061 1462 2230 1498 11016131ῐῦ

187 1506 303 1550 guIOS,
339 1517 407 1538 non
435 1513 488 1538 est
511 1506 701 1549 Trigonus:
736 1507 772 1539 Si
795 1508 900 1539 virtus
925 1519 991 1539 non
1016 1514 1067 1539 est
1090 1508 1183 1550 quid·
1237 1503 1305 1534 Sed
1329 1513 1404 1533 cum
1429 1502 1521 1541 fiunt,
1552 1508 1663 1533 manet
1693 1500 1824 1543 regula:
1861 1502 1959 1537 Quod
1991 1502 2077 1532 duae
2100 1507 2232 1531 contra-

187 1551 263 1583 dam
287 1561 480 1592 congruens
515 1561 590 1582 curn
625 1549 742 1593 regula
777 1550 897 1582 mentis
932 1552 1080 1590 divinae,
1116 1562 1184 1583 non
1210 1552 1211 1555 ’
1237 1545 1398 1577 (lictoriae
1422 1556 1489 1577 non
1523 1551 1601 1576 sunt
1636 1545 1733 1577 simul
1769 1554 1886 1577 verae:
1917 1543 1989 1576 vult
2012 1545 2098 1575 enim
2122 1544 2230 1581 Deus,

187 1600 239 1626 cst
261 1595 380 1626 virtus-
427 1594 488 1625 Hic
512 1595 638 1636 gradus
662 1595 836 1636 proximus
867 1601 918 1626 est
950 1596 1075 1637 primo,
1106 1596 1184 1637 quia
1237 1591 1292 1632 qui
1316 1596 1367 1621 est
1387 1599 1503 1628 verax,
1526 1589 1789 1631 propositionem
1813 1600 1927 1621 veram
1952 1598 2030 1620 esse
2053 1593 2179 1620 'veram-

187 1644 239 1670 est
265 1636 385 1680 regula
408 1639 528 1669 mentis
552 1638 683 1670 (livinae
713 1639 860 1677 immota,
895 1640 983 1671 sicut
1018 1640 1103 1670 hoec
1127 1641 1184 1670 inz·
1210 1663 1211 1671 1

187 1688 277 1713 mota
296 1687 360 1719 est,
384 1681 479 1712 Deus
505 1688 556 1712 est
580 1688 708 1720 castus,
734 1683 777 1713 ita
800 1688 831 1714 et
853 1682 940 1714 haec
963 1683 1099 1714 immota
1119 1689 1183 1720 est,
1210 1694 1212 1703 ¹

188 1724 336 1757 Castitas
360 1732 412 1756 est
435 1726 553 1756 virtus.
601 1725 642 1757 Et
674 1728 705 1757 in
738 1727 891 1758 omnibus
920 1727 1048 1758 artibus
1073 1727 1183 1758 consi·
1207 1723 1213 1894 ἱ

1236 1757 1311 1798 DE
1344 1756 1549 1799 LIBERO
1581 1757 1867 1809 ARBITRIO,
1906 1757 2008 1799 SEU
2041 1757 2116 1797 DE
2148 1757 2188 1797 V
2191 1757 2231 1797 1-

1274 1844 1440 1887 RIBUS
1474 1845 1773 1887 HUMAN'AE
1801 1844 2182 1886 VOLUNTATIS.

188 1769 373 1800 derandum
393 1776 458 1806 est,
481 1779 568 1810 quae
588 1771 737 1801 membra
755 1770 821 1801 sint.
840 1771 1046 1809 necessaria,
1070 1770 1100 1801 id
1122 1776 1184 1808 est,

188 1811 298 1844 lumen
323 1822 513 1854 congruens
539 1823 613 1843 cum
638 1824 755 1845 norma
779 1814 902 1851 divina,
928 1813 959 1844 et'
979 1825 1065 1855 quae
1083 1825 1184 1846 mem-

188 1857 250 1888 bra
273 1866 340 1887 non
364 1857 431 1887 sint
458 1857 666 1894 necessaria,
701 1859 761 1888 ,se-i
787 1856 951 1899 probabili
976 1859 1104 1889 ratione
1128 1859 1185 1890 ad-

188 1900 257 1932 dita
280 1900 493 1931 necessariis.
542 1900 625 1931 Hinc
648 1900 779 1943 Legum
802 1907 942 1933 naturae
965 1908 999 1933 ct
1021 1902 1102 1934 iuris
1126 1912 1185 1944 po·
1209 1899 1213 1952 j

188 1944 277 1976 sitivi
301 1943 481 1975 discrimen
505 1945 655 1975 sumitur.
1325 1946 1586 1978 Diversissimae
1609 1947 1823 1989 quaestiones
1845 1952 1934 1984 sunt,
1957 1945 2063 1977 altera
2086 1946 2128 1977 de
2151 1956 2230 1977 con-

1239 1991 1410 2033 tingentia,
1447 1992 1478 2022 in
1514 2001 1577 2033 qua
1613 1992 1811 2033 disputatur,
1846 2001 1887 2021 an
1921 2000 2036 2021 omnes
2064 1996 2173 2021 motus
2198 1990 2229 2020 in

275 2030 408 2062 Tertius
444 2032 570 2073 gradus
606 2038 657 2063 est
691 2033 880 2064 necessitas
904 2031 1067 2074 Physica:
1104 2035 1185 2065 Sunt
1238 2036 1374 2066 materia
1409 2045 1587 2077 corporum
1624 2035 1654 2065 in
1692 2035 1798 2066 brutis
1833 2041 1863 2065 et
1893 2033 2092 2071 hominibus
2127 2040 2159 2065 et
2188 2043 2232 2064 an

188 2075 273 2106 enim
310 2076 505 2107 necessaria
542 2077 746 2107 necessitate
780 2076 945 2118 Physica,
986 2087 1072 2118 quae
1107 2077 1184 2119 quia
1238 2079 1346 2110 bonae
1369 2086 1401 2110 et
1424 2081 1531 2110 malae
1554 2080 1705 2110 actiones
1730 2078 1898 2109 hominum
1916 2078 2110 2109 necessario
2130 2076 2232 2108 fiant?

188 2119 238 2150 sic
263 2119 415 2150 ordinata
444 2125 521 2150 sunt
555 2120 587 2150 in
623 2126 763 2157 natura,
799 2121 917 2152 eodem
942 2122 1042 2151 modo
1067 2131 1106 2152 se
1128 2120 1185 2152 ha·
1209 2123 1213 2251 t
1238 2122 1332 2153 lianc
1362 2123 1600 2154 necessitatem
1630 2121 1796 2153 finxerunt
1820 2122 1934 2160 Stoici,
1970 2122 2012 2152 ab
2048 2121 2100 2152 his
2125 2121 2232 2152 Mani-

191 2164 280 2200 bent,
304 2162 365 2193 sed
388 2168 496 2193 tamen
521 2174 540 2194 a
556 2161 631 2193 Deo
656 2165 774 2195 mutari
799 2170 954 2205 possunt,
979 2171 1013 2196 ut
1033 2163 1184 2205 exempla
1238 2165 1332 2197 chaei
1356 2172 1466 2197 sumta
1478 2166 1567 2197 initia
1589 2164 1797 2197 cumularunt
1816 2163 2029 2197 horribilibus
2050 2163 2230 2196 furoribus.

189 2212 366 2244 testantur,
402 2211 435 2237 et
470 2207 520 2238 sic
556 2207 692 2238 condita
714 2214 791 2239 sunt
822 2206 990 2239 liberrima
1014 2207 1185 2239 voluntate
1237 2210 1346 2250 Supra
1380 2217 1491 2241 autem
1521 2207 1665 2241 refutata
1700 2214 1779 2241 sunt
1815 2210 1933 2242 Stoica
1963 2215 1996 2240 et
2033 2209 2233 2240 Manichaea

188 2249 265 2289 Dei,
300 2256 333 2281 et
356 2255 519 2292 reguntur
543 2248 712 2282 liberrima
735 2250 908 2283 voluntate
930 2250 1007 2290 Dei,
1040 2258 1075 2283 ut
1098 2252 1185 2294 ignis
1238 2252 1466 2285 deliramenta.

190 2294 384 2326 necessario
409 2292 565 2325 calefacit
588 2294 792 2326 necessitate
806 2295 966 2338 Physica,
991 2296 1022 2326 id
1048 2303 1112 2334 est,
1135 2296 1186 2327 sic

190 2339 341 2369 instituto
365 2338 482 2369 ordine
508 2338 676 2376 divinitus,
712 2339 772 2369 sed
808 2345 919 2370 tamen
944 2339 1039 2371 Deus
1075 2345 1187 2381 potest
1326 2339 1445 2372 Altera
1469 2341 1622 2382 quaestio
1645 2347 1717 2379 est,
1753 2351 1820 2371 non
1855 2340 1896 2372 de
1925 2340 2078 2371 omnibus
2107 2340 2141 2370 in
2164 2350 2232 2371 ma—

191 2381 312 2413 sistere
336 2380 457 2420 solem,
481 2387 516 2412 ut
539 2380 618 2412 fecit
643 2382 675 2412 in
698 2393 811 2424 pugna
834 2383 967 2415 losuae.
1238 2385 1322 2415 teria
1341 2384 1505 2422 motibus,
1539 2385 1599 2415 sed
1630 2390 1755 2415 tantum
1785 2385 1826 2415 de
1849 2384 2037 2415 actionibus
2068 2382 2232 2414 humanae

1194 2447 1197 2450 -
1238 2427 1434 2465 voluntatis,
1453 2428 1509 2459 ubi
1532 2425 1598 2459 hoc
1621 2429 1801 2469 praecipue
1825 2428 2005 2469 quaeritur,
2030 2437 2071 2457 an
2096 2432 2128 2457 et
2152 2436 2233 2468 quo-

279 2468 332 2500 Ac
362 2467 552 2499 Stoicorum
588 2467 738 2500 delirium
774 2471 996 2502 execrandum
1031 2476 1095 2509 est,
1130 2471 1187 2512 qui
1237 2472 1338 2503 modo
1367 2470 1525 2503 voluntas
1555 2471 1699 2503 humana
1727 2471 1811 2513 Legi
1842 2470 1905 2502 Dei
1941 2471 2079 2502 obedire
2113 2471 2232 2512 possit,

192 2511 321 2554 fingunt
344 2510 453 2544 Deum
477 2510 648 2554 alligatum
673 2523 750 2544 esse
775 2514 888 2545 causis
913 2515 1088 2552 secundis,
1122 2524 1186 2546 nec
1238 2525 1322 2557 quas
1343 2516 1495 2546 actiones
1515 2521 1547 2546 et
1572 2515 1738 2557 quomodo
1757 2514 1871 2546 facere
1894 2515 2015 2556 possit,
2041 2524 2145 2556 quare
2168 2524 2232 2545 nos

191 2566 294 2597 posse
317 2553 413 2587 aliter
435 2566 548 2598 agere,
579 2566 676 2598 quam
701 2562 737 2588 ut
760 2557 849 2589 cient
862 2568 986 2590 causae
1005 2559 1186 2590 secundae.
1237 2559 1331 2600 ipsos
1355 2559 1574 2600 aspiciamus,
1610 2564 1641 2589 et
1675 2557 1782 2600 qualis
1807 2559 1849 2590 sit
1872 2558 1956 2590 haec
1979 2557 2149 2589 hominum
2174 2568 2232 2588 na-

191 2600 261 2631 lmo
285 2600 360 2632 ideo
386 2600 596 2639 invocamus,
619 2606 655 2632 ut
677 2610 740 2632 sua
763 2600 918 2633 libertate
940 2608 1037 2644 regat
1061 2608 1095 2633 et
1117 2612 1186 2634 mo·
1239 2608 1325 2641 tura,
1354 2603 1616 2634 consideremus.
1662 2602 1806 2633 Prodest
1828 2608 1939 2634 autem
1970 2601 2012 2633 ad
2042 2600 2129 2633 hanc
2153 2612 2233 2632 con-

193 2644 329 2676 deretur
353 2654 475 2675 causas
499 2644 680 2682 secundas,
703 2643 735 2675 id
763 2650 825 2683 est,
849 2645 1028 2688 Physicas.
1238 2647 1473 2678 siderationem
1496 2656 1600 2678 nosse
1622 2646 1777 2678 usitatam
1802 2646 1985 2677 doctrinam
2011 2646 2052 2676 de
2075 2645 2234 2687 potentiis
