2383 2990
149 121 214 154 605

592 122 650 154 Vl.
675 123 736 154 DE
758 123 979 156 ECCLESIA
1003 124 1059 156 ET
1082 125 1144 156 DE
1167 126 1452 158 AUTORlTATE
1477 127 1616 159 VERBI
1639 128 1726 160 DEI.

2120 133 2185 166 606

149 219 220 252 siae
243 218 413 261 SynodOS,
438 228 544 259 quae,
580 229 654 251 cum
679 218 721 249 de
745 220 849 250 verbo
872 218 937 250 Dei
961 221 1142 262 disputant,
1165 224 1168 263 1
1196 222 1279 261 rias,
1313 232 1356 253 ne
1374 224 1446 255 sine
1469 224 1659 255 discrimine
1683 225 1792 256 onmia
1811 227 1955 258 onmium
1985 228 2088 266 dicta,
2125 235 2181 261 aut

149 265 271 295 docent
290 267 323 294 et
345 267 481 293 monent
498 271 574 300 nos,
596 262 657 292 sed
675 262 829 294 iudicium
843 264 994 302 accedat,
1017 270 1049 295 et
1068 275 1140 295 cum
1165 265 1168 311 Ι
1195 276 1311 297 omnes
1346 266 1506 299 Veterum
1541 269 1623 299 ritus
1652 279 1712 310 pro
1737 271 1941 301 necessariis
1966 272 2179 313 recipiantur.

148 318 228 339 vera
262 306 406 343 tradunt,
442 305 619 336 credamus
654 312 792 347 propter
826 308 965 338 verbum
996 307 1071 345 Dei,
1105 314 1141 338 ut
1164 313 1168 346 t
1195 310 1288 341 Sicut
1311 311 1412 351 inepti
1436 311 1569 352 quidam
1592 312 1638 342 ita
1660 312 1865 344 admirantur
1883 315 2123 356 antiquitatem,
2146 322 2182 348 ut

146 351 274 383 Nicena
298 349 456 392 synodus
479 349 532 390 pie
557 355 589 380 et
612 349 735 380 utiliter
760 351 890 388 docuit,
915 356 945 380 c·
971 352 1140 382 admonuit

148 405 279 426 omnem
312 393 543 435 posteritatem
579 392 620 423 de
644 391 726 423 Filio
746 392 821 431 Dei,
859 393 925 424 Sed
949 393 1138 425 Articulum

148 438 313 469 credimus
337 447 404 468 non
424 442 561 478 propter
584 434 768 478 synodum,
804 437 862 467 sed
883 437 961 478 quia
985 438 1136 469 videmus

148 483 198 513 sic
221 482 378 513 traditum
403 491 480 511 esse
504 481 537 511 in
560 480 664 511 verbo
689 478 763 510 Dei,

195 582 201 585 s
235 566 395 605 Caetera,
419 577 506 608 quae
530 573 607 597 sunt
631 572 726 607 extra
749 566 960 607 Scripturas,
995 577 1061 598 non
1086 568 1135 599 sic

145 610 378 652 amplectenda
402 615 491 648 sunt,
515 616 548 640 ut
574 610 731 651 Synodus
755 609 884 640 Nicena
909 611 1054 642 condidit
1074 610 1136 641 Ca-

145 665 252 686 nones
276 654 511 696 poenitentiae,
548 654 602 694 qui
638 658 714 683 suut
745 653 940 684 traditiones
971 653 1135 685 humanae

147 704 242 730 extra
266 698 483 739 Scriptorum,
510 703 540 727 et
566 695 699 728 fuerunt
722 697 849 728 semina
879 695 1056 729 multarum
1080 708 1135 729 su-

144 742 411 783 perstitiosarum
435 741 637 782 opinionum.

231 829 405 860 Samsonis
440 827 602 858 convivae
636 837 703 857 non
737 831 891 868 poterant
925 826 1134 868 interpretari

144 873 299 915 aenigma
332 873 364 903 in
398 871 551 902 convivio
576 870 796 912 propositum,
832 870 893 900 nisi
927 870 1134 911 interrogata

144 917 215 946 eius
241 916 393 955 coniuge.
452 914 563 949 Quare
586 914 730 944 Samson
755 913 876 954 inquit:
905 912 977 943 Nisi
1000 924 1133 945 arasse-

142 959 186 988 tis
210 958 313 989 vitula
337 967 421 994 mea,
446 967 511 987 non
536 956 748 988 invenissetis
769 966 875 986 meam
892 957 1131 997 quaestionem.

143 1001 201 1032 Sic
226 1000 557 1042 circumspiciendum
581 1006 644 1037 est,
669 1000 724 1030 ubi
748 1000 789 1030 sit
812 1005 940 1037 coetus,
965 1001 1017 1041 qui
1033 1000 1132 1031 habet

142 1046 279 1076 verbum
314 1043 389 1082 Dei,
425 1050 457 1075 et
492 1043 681 1081 videndum,
717 1044 772 1084 qui
796 1048 912 1074 coetus
937 1050 1067 1083 patrum
1091 1055 1132 1075 ac

137 1088 353 1130 Synodorum
379 1088 421 1118 sit
446 1088 570 1128 purior,
596 1086 661 1117 hoc
684 1092 750 1124 est,
776 1087 883 1117 :ninus
908 1085 1036 1117 habens
1062 1088 1130 1128 opi-

135 1132 271 1163 nionum
296 1137 390 1162 extra
412 1132 551 1162 verbum
579 1130 648 1161 Dei.
718 1130 811 1161 llaec
836 1129 995 1161 Ecclesia
1019 1131 1128 1169 docet,

134 1181 257 1213 monet,
283 1181 436 1206 testatur.
506 1174 572 1205 Sed
597 1174 772 1205 videndum
798 1180 867 1212 est,
903 1184 945 1204 an
981 1184 1021 1205 ea
1044 1185 1130 1215 quae

135 1219 302 1260 proponit,
326 1219 472 1249 habeant
496 1217 589 1249 firma
613 1217 802 1248 testimonia
827 1217 918 1248 verbi
943 1216 1018 1248 Dei.

224 1296 275 1327 Ac
298 1295 452 1337 profecto
475 1296 548 1337 pios
574 1295 671 1326 fateri
685 1295 793 1332 decet,
815 1294 932 1325 Patres
956 1296 1040 1326 bene
1060 1306 1128 1327 me-

135 1340 217 1371 ritos
242 1351 319 1371 esse
344 1341 384 1373 de
408 1341 615 1380 posteritate,
640 1340 694 1380 qui
711 1339 884 1369 acerrimis
910 1340 1127 1370 contentioni-

135 1384 198 1414 bus
234 1388 542 1425 propugnaverunt,
577 1388 609 1412 et
644 1382 851 1412 retinuerunt.
886 1382 937 1422 pia
960 1383 1125 1424 dogmata.

134 1426 170 1457 ld
194 1426 393 1457 beneficium
417 1437 482 1457 nou
507 1432 559 1457 est
583 1424 658 1455 leve
682 1425 881 1456 ducendum.
929 1425 1003 1456 Huc
1027 1427 1126 1466 perti-

134 1475 191 1501 net
226 1470 406 1511 Augustini
441 1470 580 1501 dictum:
616 1467 802 1510 Evangelio
839 1479 905 1499 non
942 1470 1126 1508 crederem,

134 1514 197 1544 nisi
231 1524 282 1544 me
306 1513 482 1545 Ecclesiae
505 1519 653 1544 moveret
679 1512 851 1543 autoritas.
920 1512 995 1543 Non
1026 1514 1126 1544 sentit

133 1556 355 1598 Augustinus,
390 1558 548 1588 maiorem
581 1566 659 1587 esse
693 1554 868 1586 Ecclesiae
903 1557 1124 1595 autoritatem,

133 1611 232 1642 quam
257 1601 351 1632 verbi
371 1601 482 1638 divini,
506 1606 560 1631 aut
573 1599 763 1631 Ecclesiam
786 1609 890 1639 posse
912 1599 1049 1631 abolere
1072 1611 1124 1631 ar-

133 1642 255 1675 ticulos
281 1645 313 1675 in
338 1645 442 1675 verbo
468 1643 529 1674 Dei
556 1644 709 1680 traditos,
729 1642 796 1673 Sed
820 1643 921 1673 sentit.
934 1643 1124 1675 Ecclesiam

133 1697 210 1718 esse
234 1688 416 1718 doctricem
441 1693 473 1718 et
496 1692 627 1717 testem.
672 1686 748 1716 Non
773 1686 986 1718 crederemus
1014 1687 1124 1718 Evan-

133 1729 234 1771 gelio,
259 1731 321 1761 nisi
335 1729 491 1761 Ecclesia
505 1731 640 1761 doceret
664 1739 739 1767 nos,
765 1735 797 1760 et
821 1734 1012 1768 testaretur,
1036 1730 1123 1763 hanc

132 1774 318 1804 doctrinam
341 1774 383 1804 ab
408 1772 584 1814 Apostolis
609 1773 763 1804 traditam
783 1782 870 1804 esse.

219 1849 319 1882 Valet
354 1852 450 1882 etiam
485 1852 552 1882 hoc
588 1852 712 1882 dictum
746 1851 788 1881 ad
825 1849 998 1882 refutanda
1033 1862 1123 1883 nova

131 1895 307 1935 dogmata,
350 1905 435 1936 quae
471 1905 639 1936 nunquam
674 1895 706 1925 in
740 1892 896 1925 Ecclesia
931 1895 1122 1934 extiterunt,

129 1938 221 1970 Sicut
260 1939 447 1969 Manichaei
480 1949 569 1969 nova
593 1937 809 1969 deliramenta
832 1938 1120 1979 excogitaverunt.

128 1982 214 2012 Nam
239 1982 395 2023 dogmata
418 1982 611 2013 necessaria
634 1982 766 2023 pietati,
792 1991 936 2012 necesse
960 1988 1011 2012 est
1029 1983 1120 2013 initio

129 2025 280 2056 extitisse
303 2026 335 2056 in
360 2026 608 2066 praedicatione
633 2024 886 2066 Apostolorum.
921 2024 1012 2067 Ergo
1034 2036 1121 2057 nova

129 2074 160 2098 et
183 2079 323 2108 prorsus
358 2070 474 2111 ignota
497 2068 673 2100 Ecclesiae
704 2068 923 2110 Apostolicae
947 2074 1025 2100 sunt
1046 2070 1120 2101 reii-

128 2112 257 2143 cienda.
327 2112 395 2144 Sed
420 2114 460 2144 de
485 2113 574 2143 dicto
599 2112 777 2154 Augustini
809 2111 892 2143 alias
916 2112 1119 2153 disputatum

128 2162 180 2186 est
204 2156 386 2196 copiosius.
444 2155 543 2187 Certe
564 2167 629 2187 non
655 2157 807 2188 concedit
830 2154 1004 2187 Ecclesiae
1028 2162 1119 2187 auto—

128 2199 257 2229 ritatem
282 2200 451 2231 statuendi
472 2205 587 2230 contra
612 2201 750 2231 verbum
773 2199 850 2238 Dei,
881 2205 937 2230 aut
961 2198 1118 2231 abolendi

127 2242 288 2273 articulos
324 2243 357 2274 in
392 2244 495 2275 verbo
520 2241 585 2274 Dei
609 2244 761 2281 traditos,
795 2249 851 2274 aut
875 2243 1040 2273 condendi
1059 2253 1117 2274 no·

127 2296 189 2316 vos
213 2285 376 2318 articulos
400 2286 489 2318 fidei.

503 2454 737 2513 Catalogus.

212 2561 349 2604 Aliquot
386 2563 600 2606 Synodorum
625 2573 656 2599 et
686 2568 822 2602 Patrum
846 2570 998 2613 exempla
1023 2571 1116 2604 colli-

1163 347 1167 384 t

1160 487 1165 539 l

1141 2163 1146 2219 Ι

1140 2563 1144 2614 Ξ

1193 363 1310 385 omnes
1346 360 1478 385 veteres
1502 355 1584 386 ritus
1608 354 1771 387 humanos
1798 356 1899 388 velint
1922 359 2066 396 restitui,
2102 359 2180 390 Per-

1193 396 1279 435 inde,
1303 408 1342 428 ac
1366 398 1394 428 si
1414 408 1501 429 nunc
1524 397 1627 430 velint
1651 399 1805 440 Spartani
1820 411 1935 432 omnes
1950 407 2081 433 veteres
2096 403 2180 434 ritus

1192 450 1273 471 suae
1307 440 1524 481 Reipublicae
1547 443 1733 481 restituere,
1770 454 1843 475 cum
1867 445 1950 476 ritus
1975 446 2016 477 ab
2041 445 2180 477 homini·

1192 485 1254 514 bus
1273 485 1465 526 excogitati,
1498 487 1617 527 partim
1641 486 1706 518 sint
1729 487 1850 526 vitiosi,
1885 489 2016 530 partim,
2050 490 2180 521 etiamsi

1191 533 1267 558 sunt
1301 527 1507 568 probabiles,
1537 535 1645 560 tamen
1680 540 1747 561 non
1782 532 1936 563 omnibus
1971 534 2177 574 temporibus

1191 576 1391 613 congruant.

1276 656 1435 699 Synodus
1457 657 1753 690 Neocaesariensis
1773 666 1874 699 vetat,
1906 671 1948 692 ne
1973 661 2177 694 Sacerdotes

1188 701 1354 732 accedant
1387 701 1429 732 ad
1465 702 1619 733 convivia
1653 703 1879 735 secundarum
1902 707 2100 746 nuptiarum,
2134 717 2178 738 ne

1189 754 1247 775 eas
1272 744 1447 775 videantur
1469 746 1671 785 approbare.
1716 745 1816 778 Tales
1841 748 2001 780 ridiculae
2015 750 2176 782 constitu·

1188 787 1296 819 tiones
1319 787 1454 827 multae,
1479 789 1575 819 bonis
1599 790 1764 821 admixtae
1788 797 1874 822 sunt.
1944 792 2055 828 Quare
2087 792 2176 826 dele-

1188 838 1262 862 ctus
1285 831 1462 863 habendus
1486 837 1547 870 est,
1570 843 1634 865 nec
1646 839 1771 865 temere
1785 836 1938 866 omnibus
1963 836 2059 867 dictis
2083 842 2174 869 vete-

1188 885 1259 905 rum
1282 873 1560 916 applaudendum.

1272 961 1373 993 Anno
1407 960 1540 993 Domini
1568 962 1643 994 324.
1712 963 1839 996 Nicena
1862 965 2020 1007 Synodus
2043 977 2064 998 a
2087 966 2176 999 Con-

1185 1006 1332 1036 stantino
1368 1011 1554 1036 convocata
1578 1012 1648 1045 est,
1682 1007 1714 1038 in
1739 1018 1804 1049 qua
1827 1008 1971 1050 praefuit
1993 1009 2176 1042 Antioche-

1184 1059 1247 1079 nus
1270 1048 1460 1090 Episcopus
1484 1049 1691 1081 Eustathius.
1738 1050 1773 1082 ln
1802 1051 1867 1083 hac
1891 1053 2025 1095 Synodo
2049 1055 2174 1096 gravis-

1184 1093 1287 1123 simae
1305 1093 1564 1128 ⁴controversiae
1588 1094 1781 1136 dogmatum
1806 1096 2005 1128 diiudicatae
2029 1104 2118 1136 sunt,
2142 1104 2175 1130 et

1183 1142 1275 1166 recte
1311 1136 1457 1167 damnati
1492 1142 1570 1167 sunt
1605 1148 1740 1169 errores
1776 1138 1987 1171 Samosateni
2022 1147 2053 1172 et
2090 1141 2174 1181 Arii,

1182 1179 1262 1210 Item
1287 1178 1521 1218 Catharorum,
1542 1181 1596 1221 qui
1621 1180 1737 1222 lapsos
1761 1184 1930 1224 negabant
1961 1184 2173 1225 recipiendos

1182 1233 1283 1261 esse,
1318 1233 1358 1254 ac
1381 1225 1549 1265 negabant
1573 1235 1632 1256 eos
1657 1227 1819 1268 consequi
1842 1227 2072 1260 remissionem
2096 1239 2174 1270 pec-

1183 1272 1344 1298 catorum.

1268 1353 1391 1384 Postea
1414 1352 1550 1394 politica
1574 1355 1737 1396 quaedam
1762 1357 1915 1387 ordinata
1935 1365 2022 1396 sunt,
2049 1359 2089 1390 de
2113 1370 2170 1401 gu-

1180 1397 1375 1428 bernatione
1399 1397 1640 1436 Ecclesiarum,
1663 1405 1696 1429 ut
1722 1398 1969 1431 Alexandrinus
1983 1401 2171 1444 Episcopus

1180 1447 1354 1481 praeesset
1377 1439 1542 1472 Ecclesiis
1569 1441 1725 1480 Orientis,
1752 1449 1784 1473 et
1810 1443 1980 1475 Romanus
2006 1445 2169 1478 Ecclesiis

1179 1485 1349 1515 nationum
1374 1485 1568 1516 vicinarum.
1615 1485 1708 1523 Item,
1733 1492 1767 1517 ut
1790 1486 1950 1529 Episcopi
1974 1490 2170 1522 ordinentur

1179 1538 1198 1558 a
1222 1529 1338 1559 vicinis
1362 1528 1551 1569 Episcopis.
1608 1528 1699 1560 Haec
1724 1529 1856 1571 politica
1880 1533 1942 1562 etsi
1967 1539 2043 1564 sunt
2066 1533 2170 1573 utilia,

1178 1578 1290 1603 tamen
1314 1582 1381 1603 non
1407 1571 1566 1604 volebant
1589 1571 1705 1604 haberi
1728 1584 1789 1614 pro
1813 1574 1964 1606 articulis
1989 1576 2075 1608 fidei.

1263 1658 1388 1697 Tertio,
1414 1659 1622 1691 Addiderunt
1646 1661 1808 1701 quaedam
1834 1662 2087 1702 ceremonialia,
2121 1664 2170 1696 vi-

1177 1701 1299 1733 delicet
1318 1702 1473 1733 Canones
1498 1703 1733 1744 poenitentiae,
1757 1710 1792 1735 ut
1806 1707 1972 1737 vocabant
1996 1708 2052 1749 qui
2076 1707 2166 1739 initio

1176 1747 1284 1777 minus
1304 1747 1376 1777 duri
1399 1752 1507 1784 erant,
1544 1753 1576 1777 et
1599 1746 1745 1779 fortasse
1769 1749 1875 1780 minus
1901 1750 2089 1782 habuerunt
2113 1762 2168 1782 su-

1175 1790 1418 1830 perstitionum.
1486 1791 1554 1822 Sed
1589 1798 1707 1831 postea
1732 1794 1835 1823 crevit
1859 1804 1945 1824 unus
1975 1795 2099 1835 ipsum,
2136 1801 2168 1826 et

1176 1834 1281 1865 crevit
1304 1834 1510 1874 superstitio,
1536 1840 1569 1865 et
1593 1841 1644 1866 est
1668 1836 1850 1867 obscurata
1874 1839 2016 1878 gratuita
2042 1839 2165 1870 condo-

1175 1878 1276 1908 natio,
1306 1877 1418 1913 Quare
1442 1878 1474 1908 in
1498 1877 1561 1909 hac
1584 1888 1621 1909 re
1646 1878 1763 1910 Patres
1786 1890 1851 1910 non
1878 1881 1959 1911 satis
1986 1882 2072 1912 cauti
2097 1882 2169 1914 sue-

1174 1927 1261 1959 runt,
1286 1920 1436 1962 Cumque
1458 1927 1598 1953 eventus
1613 1929 1730 1963 postea
1749 1925 1893 1955 ostendit
1909 1924 2032 1956 talibus
2058 1936 2167 1956 exem-

1174 1963 1238 2005 plis
1262 1965 1518 2006 superstitiones
1543 1975 1708 2004 crescere,
1735 1977 1799 1997 non
1824 1968 1869 1998 ita
1889 1969 2166 2000 miremurinhac

1174 2019 1210 2039 re
1234 2008 1419 2051 Synodum,
1453 2014 1488 2040 ut
1520 2008 1660 2041 velimus
1685 2008 1762 2041 illos
1788 2010 1945 2042 Canones
1965 2018 2022 2043 aut
2045 2023 2165 2054 appro-

1176 2052 1266 2091 bare,
1290 2057 1346 2084 aut
1370 2053 1557 2084 restituere.
1602 2053 1673 2085 Nec
1697 2060 1876 2095 propterea
1907 2055 2122 2087 dissentimus
2146 2067 2165 2087 a

1173 2097 1278 2127 veteri
1313 2095 1493 2134 Ecclesia,
1527 2097 1708 2128 retinemus
1744 2097 1906 2129 articulos
1949 2098 2077 2141 Synodi
2124 2100 2165 2131 de

1172 2139 1399 2182 dogmatibuS,
1423 2150 1509 2181 quae
1532 2141 1668 2181 proprie
1691 2141 1733 2171 ad
1756 2140 1946 2173 Ecclesiam
1986 2144 2164 2184 pertinent.

1172 2181 1332 2221 Caetera,
1367 2192 1454 2223 quae
1476 2189 1553 2214 sunt
1578 2189 1672 2215 extra
1704 2183 1758 2216 vel
1778 2191 1895 2217 contra
1918 2187 2057 2218 verbum
2088 2186 2165 2226 Dei,

1170 2236 1238 2258 non
1261 2226 1426 2268 pertinent
1448 2227 1490 2257 ad
1508 2225 1708 2259 Ecclesiam.

1258 2312 1359 2344 Anno
1379 2312 1512 2344 Domini
1536 2313 1610 2346 383.
1657 2314 2030 2357 Constantinopolitana
2054 2317 2162 2358 Syno—

1171 2357 1233 2388 dus
1268 2367 1288 2387 a
1322 2355 1515 2388 Theodosio
1551 2364 1737 2389 convocata
1772 2365 1841 2397 est,
1877 2360 1909 2390 in
1934 2370 1997 2401 qua
2018 2360 2162 2401 praefuit

1169 2399 1360 2441 Episcopus
1385 2399 1795 2443 Constantinopolitanus,
1832 2404 2064 2434 controversia
2088 2415 2162 2446 gra—

1170 2444 1221 2475 vis
1246 2443 1425 2475 diiudicata
1444 2450 1496 2475 est
1516 2445 1557 2475 de
1581 2445 1704 2486 Spiritu
1728 2452 1866 2484 sancto,
1897 2447 1987 2488 quod
2016 2448 2059 2478 sit
2088 2458 2162 2488 per-

1170 2497 1255 2518 sona
1289 2488 1477 2528 procedens
1500 2499 1520 2518 a
1544 2487 1643 2520 Patre
1668 2496 1698 2519 et
1722 2488 1822 2527 Filio,
1865 2495 1898 2520 et
1921 2490 1963 2520 sit
1987 2490 2092 2529 Deus,
2129 2498 2161 2523 et

1170 2537 1262 2562 recte
1287 2531 1431 2562 damnati
1451 2538 1528 2562 sunt
1541 2531 1724 2563 Eunomius
1749 2539 1779 2563 et
1800 2531 1865 2571 alii,
1889 2533 2162 2575 quicontrarium

1169 2580 1357 2605 senserant.
1404 2573 1489 2606 Sunt
1509 2581 1541 2606 et
1565 2574 1702 2616 politica
1726 2577 1889 2618 quaedam
1913 2577 2081 2617 ordinata,
2117 2589 2160 2610 ne

125 2616 210 2647 gam,
236 2613 271 2638 ut
294 2614 454 2649 appareat
476 2609 509 2640 in
533 2609 598 2641 illis
623 2613 786 2646 contineri
809 2615 988 2647 dissimiles
1013 2622 1116 2649 mate·
1140 2619 1142 2633 ”
1167 2616 1327 2660 Episcopi
1351 2618 1384 2649 in
1407 2617 1526 2650 alienis
1544 2618 1768 2651 Dioecesibus
1781 2619 1906 2662 aliquid
1917 2621 2158 2653 administrent.
