2383 2990
203 128 266 159 487

261 225 368 279 Ergo
401 231 443 264 et
474 224 560 264 fieri
592 224 681 263 Lex
712 230 857 278 potest,
890 228 932 262 et:
953 223 1061 263 bona
1083 238 1181 278 ope·
1208 233 1255 274 51³

321 300 361 324 ra
397 292 602 324 merentur
633 284 760 323 vitam
793 290 1010 323 aeternam.

288 376 490 417 Respondet]
515 376 669 406 breviter.
732 375 839 406 Serva
861 375 1027 412 mandata,
1054 374 1182 406 scilicet

204 418 455 460 complectendo
480 417 712 459 Evangeliuim
746 417 828 449 Nam
853 417 1005 448 Chris-tus
1030 423 1081 448 est
1106 418 1180 448 finis

202 463 315 504 Legis.
361 463 412 493 Ac
435 472 566 502 semper
590 461 752 502 legalibus
778 461 873 491 dictis
898 470 1039 491 necesse
1063 461 1180 491 estad-

204 506 282 536 dere
307 516 420 536 xocem
456 503 639 545 Evangelii,
675 505 762 545 quod
788 505 884 535 docet
919 504 1000 534 Fide
1034 504 1180 534 reconci-

201 548 271 579 liari
306 547 486 585 hominem,
520 555 551 578 et
577 547 673 578 simul
698 548 846 578 inchoari
876 557 995 578 novam
1027 548 1180 577 obedien·

202 593 289 629 tiam,
313 602 385 622 cum
409 591 510 621 Filius
534 591 596 621 Dei
620 590 762 621 vivificat
790 601 866 627 cor,
889 591 1004 621 dicens
1028 588 1181 621 consola-

202 636 322 665 tionem
357 645 440 664 voce
475 632 666 675 Evangelii,
703 643 732 664 et
758 634 809 663 dat
836 633 992 674 Spiritum
1016 640 1180 669 sanctum,

203 679 256 719 qui
282 677 366 708 tales
391 685 496 707 motus
521 677 683 714 accendit,
718 675 824 718 qualis
849 677 921 717 ipse
946 682 1008 713 est,
1043 681 1074 706 et
1097 674 1181 705 haec

202 732 288 752 nova
325 720 511 751 obedientia
546 721 672 750 etiamsi
706 718 858 760 languida
896 725 927 750 et
962 720 1087 749 intirma
1118 725 1180 755 est,

201 763 311 805 placet
345 770 481 804 propter
514 762 748 800 Mediatorem,
786 769 816 793 ut
852 762 945 792 Rom.
980 762 1010 793 S.
1047 762 1181 792 dicitur:

201 805 300 838 Nulla
323 817 411 837 nuuc
437 806 667 837 condemnatio
691 813 739 836 est
765 805 827 843 his,
851 807 904 846 qui
924 807 953 835 iu
979 803 1111 834 Christo
1137 803 1181 833 18-

202 860 241 881 511
265 848 441 880 ambulant.
488 849 535 879 Ita
557 848 774 890 Evangelium
798 854 847 879 est
871 847 1061 878 dulcissima
1091 849 1181 876 ἐπιεί-

202 906 266 923 κεια
290 892 404 933 Legis,
430 893 554 923 docens
577 891 712 932 placere
736 892 767 922 in
792 891 979 928 conversis,
1004 900 1078 920 cum
1102 889 1181 920 Fide

202 935 405 967 reconciliati
431 942 519 973 sunt,
543 935 727 965 inchoatam
741 935 971 971 obedientiam,
995 943 1182 974 quanquam

201 979 339 1010 haerent
364 978 472 1009 adhuc
507 979 537 1008 in
559 978 653 1008 nobis
676 978 787 1018 magni
812 978 917 1007 morbi
941 976 1127 1013 interiores,
1150 981 1182 1006 et

203 1021 305 1053 multa
339 1022 489 1052 incendia
519 1031 695 1062 pravorum
729 1020 921 1056 affectuum,
955 1019 1043 1050 sicut
1080 1019 1183 1059 inquit

202 1063 372 1096 Psalmus:
398 1065 538 1104 Propter
561 1074 679 1094 nomen
704 1070 794 1094 tuum
818 1063 958 1094 Domine
984 1062 1182 1103 propitiabe-

203 1110 248 1139 ris
272 1114 422 1148 peccato.

201 1202 232 1225 et
256 1195 374 1225 bonam
399 1193 647 1224 conscientiam.
694 1193 777 1223 Hinc
800 1203 866 1223 non
889 1192 1050 1233 sequitur,
1079 1191 1182 1222 homi-

202 1248 275 1269 nem
299 1236 494 1267 satisfacere
517 1235 600 1277 Legi
624 1237 655 1266 in
689 1236 751 1266 1138
775 1237 858 1272 vita,
892 1236 952 1266 sed
976 1235 1025 1265 sic
1047 1233 1182 1275 placere

202 1280 290 1318 Deo,
314 1291 387 1310 cum
410 1279 508 1310 habet
534 1279 645 1310 Fidem
671 1286 700 1310 et
722 1279 876 1310 iustitiam
889 1279 997 1309 bonae
1011 1279 1182 1308 conscien-

323 1323 394 1353 Nec
417 1323 566 1364 sequitur
590 1323 676 1353 bona
700 1333 802 1363 opera
825 1332 901 1352 esse
923 1322 1072 1352 meritum
1095 1322 1182 1352 vitae

200 1374 368 1404 aeternae,
402 1367 478 1407 quia
501 1366 584 1396 fides
608 1365 806 1406 praelucens
831 1366 932 1406 gratis
957 1364 1077 1405 accipit
1106 1374 1182 1405 pro-

201 1417 273 1450 p‘er
292 1409 507 1440 Mediatorem
530 1410 756 1440 remissionem
779 1416 1002 1449 peccatorum,
1032 1407 1182 1439 reconci-
1207 1415 1215 1433 ¹

202 1324 277 1354 tiae.

200 1452 369 1484 liationem
393 1460 424 1483 et
441 1453 677 1484 haereditatem
699 1453 785 1484 vitae
809 1458 973 1482 aeternae.

658 1613 730 1645 XII.

384 1700 500 1732 Lucae
523 1700 554 1731 7.
579 1700 621 1731 de
643 1698 778 1732 muliere
801 1699 1004 1740 peccatrice:

259 1790 536 1830 Remittuntur
568 1789 605 1829 ei
636 1795 801 1843 peccata
824 1788 961 1838 multa,
994 1787 1088 1841 quia
1119 1786 1181 1826 dj-

319 1851 419 1890 1811113
449 1850 632 1889 multum.

259 1910 366 1965 Ergo
398 1916 562 1965 propter
594 1909 851 1949 dilectionem
882 1908 930 1948 fit:
960 1907 1150 1947 remissio.

285 2002 498 2043 Respondeo.

201 2046 314 2077 Fidem
338 2053 370 2076 et
394 2044 612 2076 dilectionem.
644 2044 725 2075 Cum
745 2049 854 2074 autem
879 2043 961 2073 tides-
985 2043 1180 2080 nominatur,

201 2088 384 2120 excluditur
407 2091 563 2119 meritum.
609 2087 693 2122 Quia
718 2086 800 2117 fides
823 2092 948 2117 tantum
978 2086 1089 2116 nititur
1112 2084 1180 2116 Mc-

202 2133 339 2169 (liatore,
374 2138 405 2162 et
439 2131 557 2172 accipit
591 2131 789 2171 promissam
823 2129 1081 2160 misericordiam
1105 2139 1179 2169 pro-

203 2182 277 2217 pter
301 2185 384 2206 eum.
430 2174 523 2206 Haec
546 2174 723 2214 responsio
748 2178 799 2204 est
821 2170 960 2214 simplex
983 2179 1016 2203 et
1036 2172 1105 2203 sine
1119 2171 1180 2202 So·

201 2219 353 2259 phistica.

836 125 946 158 PHIL.
972 125 1075 157 MEL.
1098 125 1285 158 SCRIPTA
1304 126 1583 159 DOGMATICA.

468 1106 508 1137 Et
533 1106 657 1138 Paulus
682 1107 723 1136 de
746 1105 809 1137 hac
833 1111 975 1149 επιείκειᾳ
1006 1107 1183 1136 conciona-

202 1157 255 1182 tur
278 1151 444 1191 inquiens:
478 1149 583 1180 )-111113
619 1151 738 1180 bonam
763 1149 908 1180 militiam
932 1149 1060 1179 habens
1085 1148 1183 1178 fidem

545 2000 698 2032 Christus
722 1998 894 2031 manifeste
916 1999 1061 2030 nominat
1083 1999 1126 2029 ibi
1149 2004 1181 2030 et

2152 132 2217 165 488

1257 228 1346 252 artes
1370 222 1402 252 in
1426 226 1494 252 tota
1517 221 1728 262 poenitentia,
1753 231 1814 253 5811
1837 224 2069 262 conversione,
2092 230 2125 256 et
2137 226 2216 266 quid

1208 276 1212 295 ι
1235 264 1397 301 differant,
1432 263 1506 294 sola
1530 264 1610 295 Fide
1633 265 1793 305 accipitur
1816 265 2053 298 reconciliatio.
2099 267 2215 310 Sequi-

1234 314 1287 338 tur
1309 314 1418 338 autem
1442 318 1529 338 nova
1553 308 1750 345 obedientia,
1785 309 1861 348 quia
1885 310 1927 340 ad
1950 309 2014 340 hoc
2037 311 2145 351 ipsum
2168 312 2215 342 vi-

1236 350 1415 388 vificamur,
1440 360 1482 381 118
1505 360 1694 382 maneamus
1719 351 1749 380 iu
1773 358 1913 390 peccato
1933 359 1965 384 et
1987 359 2093 384 morte
2110 360 2216 385 aeter-

1234 404 1293 423 na:
1317 393 1378 424 sed
1402 393 1560 434 deinceps
1584 394 1687 424 simus
1711 392 1833 434 templa
1858 393 1932 425 Dei.

1319 478 1380 509 Est
1414 484 1445 509 et
1478 477 1542 510 alia
1572 477 1745 519 splendida
1779 479 1901 510 solutio
1935 490 1997 511 seu
2026 483 2214 522 responsio.

1234 520 1366 562 Duplex
1401 527 1450 552 est
1484 521 1667 556 absolutio.
1698 520 1814 553 Altera
1837 524 1966 563 privata
1991 525 2216 556 conscientiae

1234 563 1386 595 luctantis
1413 576 1485 595 cum
1509 566 1554 596 ira
1576 565 1649 595 Dei.
1696 564 1730 595 ln
1755 564 1818 596 hac
1842 565 2051 597 absolutione
2074 577 2216 599 necesse

1234 613 1285 638 est
1308 606 1459 649 intelligi,
1485 609 1589 650 gratis
1621 608 1685 638 fide
1715 608 1821 648 accipi
1843 610 2072 640 remissionem
2095 621 2215 651 pecca·

1234 656 1340 680 torum
1365 657 1498 691 propter
1524 652 1747 682 Mediatorem.
1795 651 1872 682 Ideo
1892 651 1944 683 hic
1968 653 2084 694 inquit:
2116 653 2215 684 Fides

1233 700 1289 724 tua
1311 691 1437 724 salvam
1461 699 1493 724 te
1516 692 1605 725 fecit.
1673 694 1744 724 Nec
1767 694 1910 726 existere
1934 694 2066 726 dilectio
2089 701 2214 737 potest,

1233 737 1296 766 nisi
1319 737 1361 766 sit
1383 737 1595 777 apprehensa
1618 737 1771 767 remissio
1795 738 1868 768 ista.

1321 820 1436 853 Altera
1468 820 1634 853 absolutio
1670 828 1721 853 851
1751 821 1883 863 publica
1915 833 2026 854 coram
2049 822 2215 863 Ecclesia,

1233 865 1265 895 iu
1289 865 1352 896 hac
1377 866 1525 905 conspici
1551 875 1691 896 necesse
1709 872 1761 896 est
1774 867 1815 896 ab
1833 865 1907 896 aliis
1930 867 2116 898 testimonia
2136 877 2215 898 con-

1233 908 1408 946 versionis,
1432 914 1467 939 ut
1489 908 1542 938 hic
1566 907 1718 939 Christus
1749 909 1893 939 ostendit
1917 909 2120 947 Phar-isaeo,
2155 920 2216 941 cur

1234 962 1306 981 eam
1337 952 1483 991 recipiat,
1519 951 1595 992 quia
1631 958 1742 982 extent
1776 952 1874 993 sigua
1908 953 2152 991 conversioniS,
2183 957 2216 984 et

1234 994 1365 1035 quidem
1388 994 1443 1025 illa
1468 1004 1570 1034 opera
1594 995 1719 1031 recitat,
1744 1005 1883 1035 quorum
1907 996 2073 1031 contraria
2095 1005 2215 1036 pecca-

1236 1044 1268 1067 ta
1302 1043 1379 1068 sunt
1413 1038 1444 1068 in
1476 1036 1667 1068 Pharisaeo.
1735 1037 1826 1068 Haec
1848 1037 1963 1068 mulier
1987 1039 2140 1080 agnoscit
2162 1048 2216 1070 1118

1236 1090 1313 1111 vere
1337 1090 1413 1111 esse
1437 1080 1605 1116 Mes-siam,
1629 1090 1648 1110 a
1671 1090 1723 1111 me
1746 1081 1825 1120 petit
1848 1086 1879 1110 et
1902 1082 2021 1121 accipit.
2051 1081 2216 1112 remissio-

1234 1134 1308 1154 nem
1343 1130 1375 1154 et
1409 1122 1722 1160 reconciliationem,
1751 1133 1858 1153 meum
1881 1122 2098 1164 Evangelium
2121 1125 2153 1155 in
2177 1134 2217 1155 ea

1235 1165 1357 1197 efficax
1381 1172 1443 1202 est,
1467 1167 1560 1206 ungit
1584 1166 1689 1206 pedes
1713 1176 1804 1197 meos
1828 1165 1990 1204 lacrimis,
2012 1167 2045 1197 id
2069 1172 2135 1205 est,
2150 1168 2217 1206 ,be-

1235 1208 1355 1240 nefacit
1389 1210 1545 1240 ministris
1580 1207 1765 1247 Ecclesiae,
1798 1215 1833 1240 tu
1869 1216 1982 1239 contra
2018 1215 2122 1240 tumes
2152 1209 2218 1240 hac

1234 1251 1320 1283 falsa
1345 1253 1572 1293 persuasione,
1595 1253 1683 1292 quod
1702 1253 1807 1283 iustus
1833 1253 1879 1283 sis
1905 1250 2096 1293 disciplina,
2121 1263 2217 1284 secu-

1234 1306 1291 1326 rus
1315 1306 1381 1326 non
1405 1296 1562 1337 agnoscis
1588 1296 1666 1326 iram
1681 1295 1741 1326 Dei
1766 1295 1928 1326 adversus
1951 1296 2139 1326 interiorem
2158 1296 2216 1326 im-

1234 1339 1434 1370 munditiem.
1501 1338 1631 1369 Deinde
1650 1349 1716 1369 non
1740 1338 1900 1379 agnoscis
1924 1348 1976 1369 1118
1998 1348 2075 1369 8558
2097 1337 2216 1369 Messi-

1207 1387 1214 1400 *
1234 1393 1304 1413 am:
1329 1392 1392 1413 non
1417 1382 1502 1422 petis
1525 1392 1544 1411 a
1569 1391 1619 1411 me
1643 1382 1882 1412 remissionem.
1928 1381 2019 1412 Haec
2048 1387 2117 1412 1013
2140 1391 2216 1411 nar-

1234 1426 1317 1456 ratio
1342 1425 1458 1455 recitat
1478 1425 1574 1465 signa
1599 1423 1684 1454 fidei.
1752 1424 1873 1454 Posset
1897 1424 1995 1464 igitur
2021 1424 2217 1455 brevissime

1234 1468 1310 1505 11181,
1334 1468 1493 1498 nominari
1517 1467 1613 1508 signa
1638 1466 1714 1497 fidei
1736 1478 1796 1507 pro
1816 1468 1887 1507 ipsa
1907 1466 1988 1497 fide:
2011 1470 2097 1497 sicut
2116 1467 2149 1497 in
2163 1476 2216 1497 ca-

1203 1516 1210 1596 1
1235 1512 1309 1542 dem
1332 1511 1520 1541 narratione
1533 1508 1689 1540 lacrimae
1701 1510 1911 1540 nominantur
1927 1519 1988 1550 pro
2007 1510 2215 1541 contritione.

1675 1669 1763 1702 XIII.

1295 1759 1401 1801 Cum
1433 1760 1587 1800 dictum
1619 1760 1687 1800 sit:
1720 1759 1879 1799 Delicta
1907 1759 1996 1813 quis
2018 1759 2213 1813 intelligit,

1356 1821 1490 1861 Nemo
1542 1826 1679 1875 potest
1734 1820 1870 1860 omnia
1922 1834 1994 1859 sua
2046 1826 2214 1874 peccata

1354 1895 1464 1921 seire.

1293 1941 1400 1995 Ergo
1423 1940 1610 1995 possibile
1633 1946 1695 1980 est
1722 1939 1929 1980 hominem
1956 1939 2107 1980 habere
2140 1940 2214 1980 de-

1352 2002 1490 2041 lictum
1524 2002 1708 2054 ignotum
1739 2006 1903 2053 propter
1935 2001 2045 2054 quod
2077 2000 2214 2054 displi-

1205 2069 1212 2101 t
1353 2068 1443 2102 ceat',
1474 2061 1575 2100 Deo.
1639 2059 1774 2109 Quare
1806 2074 1888 2099 non
1920 2066 1982 2101 est
2007 2059 2214 2102 affirman-

1352 2123 1451 2161 dum
1483 2121 1594 2175 quod
1625 2121 1783 2174 placeat,
1813 2119 1915 2160 Deo.

1319 2213 1530 2254 Respondeo.
1576 2211 1670 2253 Nego
1686 2212 1968 2253 consequentiam,
1991 2217 2024 2242 et
2046 2211 2129 2242 ratio
2149 2217 2213 2250 est,

1233 2257 1309 2299 quia
1343 2256 1529 2287 firmissime
1560 2256 1730 2286 retinenda
1755 2261 1806 2285 est
1830 2253 1959 2296 regula:
1995 2254 2110 2285 Omnis
2134 2265 2212 2286 con-

289 2302 358 2334 Cur
380 2303 479 2345 igitur
503 2309 535 2333 et
558 2301 766 2333 dilectionem
790 2301 959 2332 nominat?
981 2300 1180 2341 Respoudeo
1232 2310 1352 2331 versus
1375 2300 1417 2330 ad
1440 2298 1547 2329 Deum
1572 2305 1661 2329 recte
1684 2305 1800 2329 teneus
1823 2298 2090 2335 fundamentum,
2115 2298 2212 2329 debet

204 2346 299 2377 etiarn
323 2346 577 2387 simplicissime,
601 2346 718 2376 usitata
733 2344 951 2387 Synecdoche
975 2351 1036 2381 est,
1062 2343 1181 2374 Femit-

205 2396 316 2419 tuntur
350 2391 379 2420 81
408 2388 521 2427 11111113,
556 2390 632 2430 quia
669 2398 832 2418 conversa
856 2395 920 2425 est,
950 2394 985 2418 ut
1008 2386 1126 2417 Esaiae
1153 2387 1180 2416 l.

206 2432 340 2462 dicitur:
375 2431 513 2463 Auferte
547 2431 668 2462 malum
704 2431 940 2472 cogitationum
979 2436 1179 2462 vestrarum:

206 2474 240 2505 Si
265 2474 383 2505 suerint
417 2481 556 2515 peccata
592 2481 704 2506 vestra
728 2481 761 2505 ut
786 2475 968 2511 coccinum,
992 2474 1080 2504 eritis
1104 2483 1180 2503 can-

512 2517 551 2548 Et
577 2518 759 2549 Hieremiae
782 2517 812 2548 3.
859 2516 1094 2548 convertimini
1124 2514 1178 2546 11111

809 2559 961 2602 Ι)8111(1118
983 2560 1104 2591 usitata
1128 2565 1179 2589 est

205 2518 270 2548 didi
294 2519 379 2548 sicut
402 2520 466 2548 nix.

204 2568 408 2591 revertentes
445 2567 476 2591 et
508 2563 636 2592 sanabo
670 2571 742 2592 vos.

1205 2353 1210 2402 1
1234 2344 1369 2374 81811818
1393 2352 1430 2373 se
1454 2340 1588 2382 placere
1605 2341 1690 2380 Deo,
1714 2348 1743 2372 et
1768 2341 1831 2372 hac
1843 2341 1906 2371 fide
1929 2341 2097 2379 iuvocare,
2121 2341 2211 2382 quod

1232 2393 1369 2427 propter
1392 2385 1604 2416 Mediatorem
1628 2383 1757 2426 placeat
1787 2391 1817 2415 et
1842 2384 2050 2422 exaudiatur,
2084 2383 2211 2414 etiamsi

1232 2430 1332 2460 habet
1355 2428 1475 2460 delicta
1495 2429 1711 2469 ignorantiae,
1735 2429 1819 2459 sicut
1843 2428 1874 2458 in
1899 2427 2051 2458 omnibus
2074 2427 2211 2458 homini-

1234 2474 1296 2504 bus
1321 2482 1442 2513 magua
1465 2470 1580 2502 haeret
1603 2471 1785 2502 infirmitas.
1837 2470 1889 2501 Ac
1911 2476 2089 2511 propterea
2111 2469 2210 2501 tradi·

1233 2523 1285 2547 1111·
1319 2516 1469 2546 doctrina
1503 2515 1543 2545 de
1568 2515 1761 2545 remissione
1783 2520 1919 2555 proptes=
1949 2513 2081 2550 Filium,
2119 2512 2209 2543 iuxta

1233 2560 1336 2590 dicta:
1366 2557 1460 2589 Beati
1494 2567 1633 2599 quorum
1666 2564 1743 2588 suut
1766 2557 1926 2588 remissae
1948 2557 2154 2597 iniquitates,
2178 2560 2210 2586 et

203 2602 286 2635 haec
310 2603 540 2646 Syneedoche.
585 2603 709 2635 Tamen
732 2604 903 2635 sciendum
921 2609 982 2641 est,
1005 2612 1091 2644 quae
1113 2602 1179 2633 siut
1201 2592 1207 2639 1
1231 2613 1370 2644 quorum
1392 2608 1481 2633 tecta
1503 2607 1581 2632 sunt
1601 2607 1757 2642 peccata,
1791 2601 1868 2642 quia
1889 2600 1923 2631 in
1944 2600 2042 2630 nobis
2065 2609 2131 2630 11011
2155 2603 2206 2630 est
