2383 2990
181 109 244 140 715

176 204 383 242 consoletur,
419 210 451 236 et
486 204 535 235 sic
570 211 649 246 agat
678 205 814 246 gratias.
861 204 954 236 Haec
977 206 1087 237 omnia
1109 216 1168 247 pu-

176 254 277 288 gnant
308 258 381 279 cum
406 248 534 279 ratione
559 248 670 289 operis
695 248 837 288 operati:
872 247 963 290 Ergo
994 259 1055 279 nec
1078 248 1166 289 εὔχα-

174 291 304 333 ριστικὸν
329 301 406 322 esse
430 297 541 332 potest
565 301 605 322 ex
629 301 732 332 opere
757 297 906 332 operato.
932 291 1043 326 Quare
1055 292 1167 323 etiam-

175 335 202 365 si
227 333 403 376 applicatio
427 333 668 372 detraheretur,
689 340 798 365 tamen
818 345 885 366 non
908 341 1022 365 essent
1044 333 1167 367 facien-

175 379 236 410 dae
260 378 396 415 Missae,
433 384 585 419 tanquam
619 377 653 408 id
687 385 771 419 opus
795 378 838 408 sit
862 378 1044 420 gratiarum
1068 378 1165 410 actio.

174 421 250 452 Non
280 421 381 463 igitur
400 419 527 451 Missae
561 431 754 451 communes
790 421 937 452 ordinari
960 427 1016 453 aut
1040 421 1166 453 institui

174 471 325 505 possunt,
351 469 507 506 tanquam
532 463 712 506 gratiarum
736 464 904 502 actiones,
929 465 990 496 sed
1013 470 1167 496 servetur

174 508 357 539 institutum
370 506 507 545 Christi,
530 507 572 538 sit
592 507 740 538 minister
763 507 953 550 porrigens,
978 513 1009 539 ct
1033 514 1166 540 utantur

172 550 226 582 alii
257 551 501 588 Sam-amento,
540 561 600 591 pro
635 561 697 582 sua
732 549 975 582 consolatione.
1031 551 1066 583 In
1102 550 1166 582 hac

174 594 439 632 manducatione,
465 595 647 636 gratiarum
670 594 757 625 actio
781 600 815 626 et
835 593 1007 626 consessio
1032 595 1164 637 agentis

172 637 418 679 poenitentiam,
455 643 485 668 et
518 647 556 668 se
581 636 808 676 consolantis,
832 637 868 669 fit
892 637 1092 669 sacrificium
1117 637 1163 668 εὐ-

171 679 354 723 χαριστικόν,
378 681 452 722 ipsa
476 681 664 712 ceremonia
686 685 795 722 perse
808 691 873 712 non
888 686 939 713 est
951 679 1163 720 sacrificium,
1188 697 1192 726 ἦ

1186 728 1192 756 t
1216 723 1404 755 habebatur
1426 725 1559 756 statutis
1584 725 1700 757 diebus
1724 737 1789 757 una
1813 728 1996 759 communis
2020 738 2125 760 coena
2148 740 2210 761 seu

173 736 234 756 nec
257 724 530 766 propitiatorium,
555 734 617 755 nec
639 723 856 766 εὐχαριστικόν.

261 810 313 842 Ad
336 811 535 842 sententiam
566 809 739 852 Epistolae
774 811 816 842 ad
841 809 1011 849 EbranS,
1047 810 1163 842 Omnis

175 853 328 886 Pontifex
353 862 417 886 etc.
442 855 648 895 respondeo:
685 854 760 895 lpse
784 860 881 885 autor
903 852 1075 896 Epi-solae
1098 853 1164 886 hoc
1187 843 1191 907 Ι

173 899 295 930 dictum
320 898 551 930 accommodat
574 898 616 929 ad
629 898 759 929 unicum
775 897 970 929 Pontificem
983 896 1163 936 Christum,

809 109 923 141 Prin„
949 109 1052 143 MEL.
1077 110 1264 143 SCRIPTA
1289 111 1570 143 DOGMATlttA.

1386 209 1610 264 Responsio
1643 212 1697 251 ad
1729 211 1838 252 dieta
1870 211 2048 254 Patrum.

1306 334 1355 366 Ex
1379 334 1430 365 his
1455 346 1539 377 quae
1563 336 1723 374 diximus,
1757 335 1866 368 facilis
1890 344 1942 369 est
1966 341 2142 381 responsio
2167 342 2209 373 de

1219 377 1316 409 dictis
1339 377 1486 417 Patrum,
1510 379 1564 420 qui
1586 380 1728 411 Missam
1753 387 1874 411 vocant
1896 381 2108 414 sacrificium.
2139 383 2209 416 Pri-

1219 432 1305 452 mum
1329 422 1414 452 enim
1438 432 1504 452 non
1528 429 1640 462 potest
1664 424 1805 461 ostendi,
1816 423 1936 455 Patres
1960 425 2026 456 hoc
2048 425 2210 466 voluisse,

1219 464 1307 506 quod
1332 464 1439 495 Missa
1472 465 1514 496 sit
1537 465 1739 497 sacrificium
1763 477 1804 497 ex
1828 477 1929 507 opere
1953 476 2093 510 operato
2116 470 2209 502 adfe-

1217 517 1296 538 rens
1320 508 1552 539 remissionem
1576 515 1792 550 peccatorum
1817 516 1848 541 et
1868 509 2099 552 applicandum
2122 512 2208 545 aliis.

1219 550 1281 586 Qui
1305 551 1355 581 sic
1378 551 1637 593 interpretantur
1661 552 1800 591 Patres,
1824 554 1973 586 iniuriam
1987 553 2053 586 illis
2065 554 2208 588 faciunt=

1217 593 1303 625 Nam
1337 593 1422 625 haec
1455 601 1610 636 portenta
1640 606 1778 637 prorsus
1809 597 1925 638 ignota
1948 597 2079 630 fuerunt
2104 601 2210 632 veteri

1216 636 1411 675 Ecclesiae,
1446 638 1511 669 imo
1546 649 1587 669 ne
1610 637 1672 671 fuit
1702 640 1833 681 quidem
1856 651 1963 682 usque
1985 642 2027 672 ad
2060 648 2210 685 tempora

1218 680 1373 722 Gregorii
1407 680 1512 712 Missa
1546 682 1618 713 sine
1661 681 1901 715 Communione
1942 683 2101 726 plurium,
2148 687 2210 719 sed

1216 767 1415 805 communio,
1439 769 1493 799 ubi
1516 767 1621 807 multi,
1633 775 1796 811 quotquot
1810 768 1976 808 volebant,
1990 771 2088 803 simul
2100 782 2209 805 sume-

1216 811 1296 842 bant
1316 820 1439 852 corpus
1468 816 1501 842 et
1523 813 1719 854 sanguinem
1742 813 1886 845 Domini.
1923 814 2209 850 Quemadmodum

1215 863 1258 885 ne
1281 852 1380 885 hodie
1403 854 1535 896 quidem
1554 855 1587 886 in
1612 855 1752 887 Graecis
1770 856 1931 889 Ecclesiis
1955 857 2036 889 fiunt
2058 859 2210 899 privatae

1215 896 1341 928 Missae
1375 896 1584 940 singulorum
1619 901 1843 938 sacerdotum,
1879 902 1941 932 sed
1977 902 2074 933 unica
2098 902 2207 934 Missa

172 942 446 984 quemadmodum
482 942 584 973 verba
619 951 704 982 quae
733 951 809 972 mox
842 945 1045 982 sequuntur,
1080 941 1164 972 satis
1187 959 1191 977 4
1217 940 1411 972 communis.
1456 941 1529 972 Nec
1551 940 1649 973 laturi
1674 949 1769 974 erant
1794 943 1912 975 Patres
1936 945 2033 976 istam
2056 945 2205 986 impieta-

173 985 370 1023 ostendunt,
407 990 439 1016 et
473 990 542 1015 tota
576 983 728 1026 Epistola
763 984 803 1015 de
838 984 1030 1015 sacerdotio
1066 985 1163 1016 unius

172 1028 345 1060 Pontificis
369 1027 495 1059 Christi
531 1029 761 1060 concionatur.

172 1072 239 1104 hoc
273 1072 361 1104 dicto
396 1078 658 1113 argumentatur,
693 1077 851 1112 oportere
881 1071 913 1102 in
938 1082 1026 1103 novo
1049 1071 1165 1103 Testa-

172 1121 283 1147 mento
319 1125 396 1146 esse
420 1114 632 1153 Pontificem,
669 1115 722 1157 qui
757 1114 875 1146 offerat
908 1114 1076 1146 sacrificia
1102 1125 1164 1157 pro

173 1159 331 1200 peccatiS,
356 1158 606 1190 concedendum
627 1164 679 1189 est
701 1165 933 1200 argumentum
958 1159 1000 1189 de
1014 1157 1162 1197 Christo,
1187 1191 1191 1205 Ι

172 1204 213 1234 de
237 1213 302 1244 quo
329 1200 403 1234 solo
426 1200 573 1243 loquitur
595 1200 745 1244 Epistola
769 1201 812 1232 ad
836 1200 999 1233 Ebraeos.

260 1287 355 1320 Solet
379 1288 478 1320 etiam
504 1288 597 1320 citari
619 1287 717 1320 locus
736 1286 924 1319 Malachiae
943 1290 965 1320 1.
1011 1287 1064 1319 Ab
1089 1294 1162 1320 ortu

172 1331 254 1365 solis
279 1343 384 1374 usque
407 1332 449 1363 ad
473 1342 642 1370 occasum,
666 1341 820 1373 magnum
843 1337 895 1363 est
918 1341 1040 1362 nomen
1057 1341 1164 1363 meum

172 1376 395 1420 ingentibus.
441 1374 500 1416 Et,
537 1375 569 1406 in
604 1375 692 1407 omni
725 1374 802 1405 loco
832 1375 1003 1407 incensum
1027 1374 1165 1406 offertur

170 1420 294 1453 nomini
329 1429 415 1456 meo,
451 1425 483 1450 et
518 1418 643 1450 oblatio
679 1418 809 1450 munda.
862 1417 932 1449 Etsi
967 1424 1076 1450 autem
1109 1418 1165 1450 hic

174 1463 271 1496 locus
296 1461 462 1494 violenter
486 1463 704 1505 detorquetur
727 1462 767 1493 ad
789 1461 945 1500 Missam,
981 1467 1089 1493 tamen
1113 1472 1164 1493 re·

171 1507 334 1549 spondeO,
347 1506 508 1538 Primum:
532 1505 576 1537 Ut
600 1506 740 1537 maxime
762 1504 847 1536 haec
871 1505 1036 1537 sententia
1048 1504 1164 1547 loque-

171 1558 262 1582 retur
285 1551 326 1581 de
348 1549 472 1588 Missa,
505 1555 614 1581 tamen
649 1549 726 1580 inde
759 1559 970 1590 nequaquam
1003 1549 1164 1590 sequitur,

173 1595 262 1636 quod
286 1593 393 1624 Missa
412 1600 580 1625 mereatur
604 1593 835 1624 remissionem
859 1598 1085 1633 peccatorum,
1108 1597 1165 1623 aut

171 1638 213 1669 sit
238 1648 322 1678 opus
346 1646 533 1672 commune,
556 1637 605 1668 sic
628 1634 826 1674 faciendum,
847 1640 1004 1677 tanquam
1017 1646 1163 1667 ceremo-

171 1682 225 1713 nia
259 1681 302 1711 sit
332 1690 392 1722 per
415 1690 454 1711 se
478 1680 658 1722 gratiarum
682 1679 782 1711 actio.
829 1679 1004 1711 Secundo:
1050 1678 1165 1710 Verba

171 1723 359 1766 Prophetae
394 1724 574 1755 ostendunt
606 1734 681 1755 eum
714 1721 807 1767 loqui
841 1722 883 1753 de
916 1722 1164 1764 praedicatione

171 1766 345 1810 Evangelii
380 1772 412 1799 et
445 1767 537 1799 veris
562 1765 708 1799 cultibus
732 1767 810 1797 novi
833 1765 1054 1804 Testamenti,
1089 1776 1164 1798 cum

1216 990 1282 1015 tem
1317 990 1351 1015 et
1386 983 1685 1026 prophanationem
1720 987 1954 1019 sanctissimae
1983 989 2205 1021 ceremoniae.

815 1027 850 1058 Si
886 1028 960 1069 quis
992 1027 1091 1070 igitur
1121 1038 1164 1059 ex
1187 1040 1191 1067 ι
1216 1027 1340 1058 Postea
1363 1028 1493 1059 inscitia
1517 1033 1548 1059 et
1571 1030 1811 1069 superstitione
1833 1031 2044 1062 indoctorum
2070 1031 2205 1063 Pontifi-

1187 1070 1192 1093 l
1216 1081 1291 1102 cum
1315 1077 1347 1102 et
1359 1069 1601 1103 Monacliorum
1625 1072 1833 1104 introductae
1856 1080 1934 1105 sunt
1956 1074 2106 1115 privatae
2126 1074 2207 1107 Mis-

1215 1124 1291 1152 sae,
1311 1115 1366 1156 qui
1390 1124 1430 1145 ex
1453 1114 1539 1146 male
1570 1114 1740 1147 intellecto
1765 1115 1931 1148 vocabulo
1955 1117 2123 1157 sacrificii,
2147 1117 2206 1150 fin-

1216 1164 1334 1189 xerunt
1355 1156 1494 1189 Missam
1517 1167 1595 1190 esse
1619 1158 1685 1191 tale.
1710 1170 1814 1201 opus,
1844 1161 1933 1202 quod
1968 1167 2133 1193 mereatur
2156 1171 2206 1193 re·

1216 1201 1408 1232 missionem
1433 1200 1551 1243 culpae
1575 1208 1607 1233 et
1630 1212 1772 1244 poenae,
1797 1209 1829 1235 et
1847 1210 2062 1235 attexuerunt
2081 1205 2207 1246 opinio·

1215 1254 1291 1275 nem
1325 1245 1368 1275 de
1396 1255 1500 1286 opere
1524 1252 1674 1287 operato.
1720 1246 1811 1278 Haec
1835 1248 1944 1288 opinio
1968 1248 2059 1279 auxit
2082 1248 2208 1279 Missas

1215 1288 1247 1318 in
1272 1288 1456 1319 infinitum:
1480 1294 1512 1320 et
1536 1290 1611 1330 quia
1636 1296 1707 1320 erat
1730 1299 1785 1320 res
1809 1290 1851 1321 ad
1874 1289 2034 1333 populum
2057 1291 2206 1323 vendibi-

1215 1329 1267 1369 lis,
1294 1331 1402 1372 coepit
1425 1333 1578 1373 prostitui
1597 1332 1639 1363 ad
1663 1339 1850 1375 quaestum.

1303 1416 1387 1449 Cum
1410 1428 1491 1460 ergo
1514 1416 1634 1449 Patres
1652 1417 1791 1450 Missam
1814 1429 1874 1450 seu
1898 1429 2106 1451 communem
2130 1430 2205 1451 coe-

1215 1471 1291 1492 nam
1304 1459 1438 1493 Domini
1463 1467 1512 1500 tut
1525 1467 1603 1493 tunc
1614 1463 1824 1497 servabatur)
1850 1469 1971 1494 vocant
1991 1462 2205 1502 sacrificium,

1215 1515 1255 1536 ex
1280 1504 1428 1545 ipsorum
1450 1506 1564 1537 verbis
1588 1503 1687 1537 facile
1711 1506 1832 1546 poterit
1855 1506 2005 1544 iudicari,
2031 1516 2091 1538 eos
2113 1506 2206 1549 loqui

1216 1558 1283 1579 non
1317 1548 1359 1579 de
1393 1546 1565 1580 oblatione
1600 1553 1630 1580 et
1664 1548 1889 1590 applicatione
1922 1550 2047 1591 operis,
2081 1550 2142 1581 sed
2164 1550 2208 1581 de

1216 1591 1397 1633 gratiarum
1416 1592 1549 1623 actione
1561 1603 1621 1624 seu
1644 1593 1802 1624 memoria
1827 1592 1984 1624 sacrificii
2007 1603 2069 1624 seu
2092 1593 2208 1625 mortis

1217 1634 1352 1666 Christi.
1398 1635 1453 1666 Sic
1477 1635 1522 1666 ait
1546 1635 1811 1678 Chrysostomus
1834 1636 1866 1666 in
1889 1636 1997 1677 capite
2021 1646 2110 1668 nono
2130 1635 2206 1678 Epi-

1216 1676 1323 1709 stulae
1346 1678 1389 1709 ad
1412 1678 1581 1717 Ebrueos,
1616 1690 1691 1710 cum
1715 1679 1855 1710 dixisset
1884 1689 1945 1710 nos
1970 1689 2030 1719 per
2053 1678 2205 1721 singulos

1216 1722 1288 1752 dies
1312 1720 1434 1752 offerre
1457 1731 1589 1763 semper
1612 1722 1643 1753 id
1667 1723 1790 1763 ipsum:
1826 1721 1898 1753 Hoc
1923 1723 2014 1764 quod
2040 1733 2102 1754 nos
2125 1721 2206 1754 faci-

1188 1752 1300 1802 lmus,
1326 1766 1358 1796 iu
1382 1766 1728 1797 commemorationem
1763 1765 1892 1807 quidem
1927 1767 1998 1797 eius
2031 1765 2085 1804 fit,
2117 1766 2206 1807 quod

170 1812 288 1854 inquit,
310 1821 429 1842 nomen
453 1810 516 1842 Dei
541 1821 694 1852 magnum
720 1808 792 1841 fore
814 1811 847 1841 in
872 1810 1040 1851 gentibuS,
1063 1809 1164 1852 signi·
1188 1801 1191 1840 i
1216 1807 1320 1839 semel
1356 1806 1479 1840 factum
1515 1816 1583 1847 est,
1619 1819 1685 1840 non
1720 1807 1809 1840 aliud
1844 1808 2056 1846 sacrificium,
2090 1809 2150 1840 sed
2173 1809 2206 1840 id

172 1856 250 1887 ficat
272 1853 493 1897 Evangelium
528 1854 752 1895 spargendum
776 1862 853 1884 esse
876 1853 909 1883 in
933 1859 1070 1895 gentes,
1104 1862 1164 1894 per

171 1899 261 1940 quod
295 1899 482 1929 innotescat
513 1903 545 1929 et
569 1895 775 1939 glorificetur
798 1895 904 1927 Deus.

173 1942 296 1974 dicatio
319 1939 494 1983 Evangelii
529 1941 569 1971 de
606 1940 831 1971 misericordia
857 1938 920 1971 Dei
955 1940 1040 1980 parit
1064 1939 1164 1971 tidem

172 1986 203 2017 in
229 1985 387 2016 cordibus
411 1995 541 2019 eorum.
577 1984 632 2025 qui
667 1984 833 2025 accipiunt.
857 1982 1095 2025 Evangelium,
1130 1982 1164 2013 hi

172 2034 342 2071 praestant
371 2038 471 2059 veros
497 2026 617 2065 cultus,
642 2028 697 2069 qui
721 2032 796 2058 sunt
821 2027 959 2067 primum
982 2027 1055 2067 ipsa
1070 2026 1164 2064 fides,

174 2072 292 2103 deinde
316 2071 500 2109 invocatio,
525 2069 715 2109 consessio,
739 2070 922 2112 gratiarum
946 2066 1052 2108 actio,
1086 2070 1163 2100 obe-

172 2115 293 2147 dientia
316 2115 348 2146 in
370 2113 607 2146 afflictionibus
631 2120 694 2145 etc.
740 2114 787 2145 lta
810 2111 1020 2156 glorificatur
1044 2123 1162 2144 nomen

171 2158 246 2190 Dei.
292 2157 333 2189 Et
367 2157 451 2189 haec
486 2164 564 2189 sunt
599 2156 723 2189 oblatio
759 2156 897 2194 munda,
931 2157 963 2188 id
988 2164 1057 2195 est,
1093 2156 1163 2187 veri

173 2200 282 2234 cultus
305 2201 361 2243 qui
385 2207 509 2233 tantum
534 2207 746 2242 praestantur
763 2201 805 2231 ab
830 2200 881 2238 its,
904 2210 1045 2242 quorum
1059 2200 1163 2231 corda

171 2246 235 2276 iam
262 2255 339 2276 vere
363 2250 553 2287 agnoscunt
576 2243 703 2283 Deum,
728 2249 818 2276 recte
842 2244 986 2275 sentiunt
1012 2243 1053 2275 de
1075 2241 1162 2280 Deo,

174 2299 254 2320 vera
278 2288 398 2320 fiducia
421 2288 576 2319 invocant
599 2294 662 2320 etc.
698 2287 768 2319 Hos<
794 2286 904 2318 cultus
929 2286 1097 2329 significat
1116 2287 1163 2317 in-

172 2342 310 2363 censum
345 2338 377 2362 et
411 2331 554 2370 oblatiO,
589 2343 655 2363 non
686 2329 851 2374 significat
875 2331 1098 2362 ceremoniam
1122 2340 1161 2361 ex

173 2385 275 2417 opere
309 2380 447 2417 operato
477 2375 549 2406 sine
576 2374 641 2406 fide
675 2381 708 2406 et
742 2375 856 2406 notitia
879 2372 953 2405 Dei.
998 2373 1164 2411 Breviter,

175 2429 394 2461 quaecunque
429 2419 517 2449 dicta
552 2428 592 2450 ex
616 2419 787 2460 Scriptura
820 2414 1024 2459 colliguntur
1046 2417 1087 2449 de
1110 2427 1162 2448 sa-

173 2462 319 2499 crificiis,
344 2472 478 2504 semper
500 2461 566 2493 hoc
590 2462 850 2499 memincrimuS,
885 2471 926 2492 ea
949 2459 1029 2492 nihil
1052 2466 1164 2503 patro—

175 2505 278 2538 cinari
302 2504 464 2537 oblationi
482 2515 543 2536 seu
565 2503 778 2547 applicationi
798 2505 909 2546 operis
922 2505 1061 2546 operati,
1077 2514 1163 2546 quae

173 2547 283 2590 palam
305 2554 357 2580 est
380 2547 574 2590 blasphema
597 2554 630 2580 et
648 2547 865 2580 idololatrica.

950 1896 1041 1927 Haec
1070 1906 1164 1938 prae·
1188 1909 1191 1930 t
1217 1895 1371 1926 sacrificii
1394 1905 1601 1927 exercemus.

1188 1842 1192 1901 ᾗ
1216 1852 1323 1893 ipsum
1347 1861 1480 1893 semper
1502 1851 1653 1891 facimus,
1678 1853 1785 1895 magis
1810 1858 1920 1883 autem
1939 1853 2207 1884 recordationem

1647 1895 1689 1927 Et
1712 1896 1921 1938 Augustinus
1944 1895 2001 1927 lib.
2027 1895 2077 1927 10.
2098 1895 2139 1926 de
2162 1895 2206 1927 ci·

1217 1940 1318 1970 vitate
1349 1938 1413 1970 Det
1437 1950 1506 1980 capr
1539 1939 1569 1970 5.
1617 1939 1714 1975 Quod
1738 1941 1781 1970 ab
1806 1938 1994 1970 hominibus
2018 1937 2207 1980 appellatur

1217 1981 1430 2020 sacrificium,
1454 1983 1584 2024 signum
1609 1988 1662 2014 est
1686 1983 1755 2013 veri
1779 1982 1933 2013 sacrificii
1950 1988 2013 2013 etc.
2038 1982 2092 2013 Ad
2116 1981 2206 2013 hune

1216 2026 1350 2057 modum
1374 2024 1519 2067 loquitur
1542 2032 1573 2057 et
1596 2025 1806 2057 Lombardus
1831 2026 1862 2056 in
1886 2026 2075 2057 sententiis:
2122 2023 2205 2057 {ilud

1216 2069 1306 2111 quod
1330 2068 1468 2100 offertur
1491 2075 1523 2100 et
1547 2075 1767 2100 consecratur
1789 2080 1808 2100 a
1832 2069 2029 2107 sacerdote,
2066 2074 2207 2100 vocatur

1215 2112 1416 2144 sacrificium
1440 2118 1472 2143 et
1492 2111 1628 2150 oblatio,
1664 2113 1740 2154 quia
1763 2118 1815 2143 est
1837 2113 1995 2144 memoria
2021 2119 2052 2143 et
2073 2121 2204 2152 reprae-

1215 2155 1357 2187 sentatio
1392 2156 1462 2188 veri
1497 2155 1652 2187 sacrificii
1683 2163 1714 2187 et
1740 2162 1876 2187 sanctae
1900 2155 2133 2187 immolationis
2157 2152 2206 2186 fa-

1215 2205 1301 2238 ctae,
1325 2199 1358 2230 in
1381 2209 1439 2230 ara
1459 2199 1582 2230 crucis.

1302 2284 1480 2327 Allegatur
1512 2292 1543 2316 et
1573 2283 1768 2316 Tertulliani
1803 2285 1969 2327 quoddam
2004 2285 2129 2316 dictum
2163 2294 2204 2316 ex

1215 2328 1300 2361 libro
1325 2330 1366 2361 de
1379 2329 1513 2361 Corona
1536 2328 1658 2367 militis,
1683 2329 1726 2359 ibi
1749 2330 1867 2371 inquit:
1891 2328 1997 2360 Etiam
2016 2327 2203 2359 oblationes

1216 2384 1276 2414 pro
1312 2371 1490 2410 defunctis,
1525 2383 1584 2413 pro
1620 2370 1775 2403 natalitiis
1810 2383 1920 2403 annua
1965 2372 2018 2403 die
2050 2370 2204 2402 facimus.

1216 2416 1278 2448 Hic
1301 2415 1399 2447 locus
1423 2416 1520 2456 impie
1543 2415 1759 2456 detorquetur
1782 2415 1823 2446 ad
1842 2415 1981 2446 Missam
2005 2425 2065 2455 pro
2090 2412 2203 2445 defun-

1215 2460 1289 2491 ctis.
1335 2459 1411 2490 Non
1436 2459 1522 2490 enim
1545 2459 1622 2489 dicit
1644 2457 1869 2489 Tertullianus
1893 2469 1978 2499 opus
2002 2457 2127 2488 Missae
2151 2467 2203 2488 es—

1215 2513 1252 2535 se
1288 2501 1489 2533 oblationem
1524 2513 1584 2543 pru
1609 2502 1766 2540 mortuis,
1801 2511 1886 2543 quae
1920 2502 2059 2533 redimat
2093 2510 2154 2532 eos
2183 2510 2203 2531 a

1213 2547 1331 2587 poenis
1355 2551 1418 2577 etc.
1443 2548 1506 2576 nec
1528 2545 1582 2576 hic
1600 2544 1747 2586 loquitur
1770 2546 1811 2576 de
1834 2555 1939 2575 coena
1964 2544 2113 2581 Domini,
2142 2543 2202 2574 sed

1214 2590 1247 2621 in
1271 2590 1390 2621 diebus
1409 2587 1575 2621 natalibus
1599 2595 1628 2620 et
1659 2587 1823 2626 funerum,
1847 2587 2001 2620 solebant
2024 2586 2135 2618 afferri
2158 2586 2202 2618 ci-
