2383 2990
148 132 214 165 253

150 227 224 259 sola
235 225 384 301 Ppssmpeii
395 224 568 257 voluntate
585 224 719 267 pendet,
743 224 808 256 sed
829 223 931 256 habet
951 222 1036 255 alias
1062 233 1139 255 cau·

150 281 208 303 sas
230 281 263 302 m
301 276 364 300 tas.

235 330 415 362 Praeterea
447 330 482 360 in
514 329 659 360 humana
693 327 952 366 deliberatione,
988 327 1140 368 quamvis

780 129 836 161 tv.
881 126 1144 161 ENARRATIO
1167 126 1371 160 SYMBOLI
1393 126 1555 160 NICENI.

148 376 221 416 ipsa
239 372 378 412 electio,
408 382 469 406 seu
492 377 670 415 προαίρεσις
693 372 726 403 in
749 370 924 402 voluntate
947 369 1053 401 libera
1077 376 1140 408 est,
1165 380 1170 388 ·

147 423 257 449 tamen
291 427 393 459 saepe
413 426 508 447 error
529 416 663 453 accidit,
697 420 734 447 ut
763 413 913 446 Pericles
949 419 983 444 et
1017 412 1140 444 Demo-

148 458 285 492 sthenes
305 460 449 491 suadent
472 458 579 498 bella,
602 465 635 490 et
646 458 751 490 libere
764 467 836 488 eam
860 457 1059 488 sententiam
1083 455 1140 487 eli-

147 510 242 546 gunt,
277 504 357 535 moti
392 504 596 545 argumentis
631 500 876 544 probabilibus,
910 510 997 542 quae
1030 506 1140 531 tamen

147 557 215 578 non
238 552 311 578 erat
334 545 490 578 salutaris
514 545 625 577 futura
647 545 786 587 patriae.

234 623 287 656 De
322 623 444 656 talibus
479 622 778 655 deliberationibus
812 620 958 663 loquitur
984 620 1140 652 {eremias

147 668 318 710 inquiens:
353 668 428 700 Seio
452 666 607 703 Domine,
643 666 732 708 quod
756 675 823 696 non
847 671 898 696 est
919 664 1063 695 hominis
1087 665 1141 695 via

147 712 230 751 eius,
255 712 287 742 id
312 717 374 749 est,
396 711 544 749 vocatio,
569 710 637 741 Sed
661 707 803 741 consilia
826 714 859 739 et
882 715 1025 739 eventus
1050 708 1140 738 iuva-

147 755 174 786 ri
199 766 219 786 a
242 754 317 787 Deo
341 760 482 795 oportet.
548 752 674 795 Magna
699 763 754 783 res
778 758 811 783 et
835 750 980 783 difficilis
1006 758 1057 782 est
1081 761 1140 793 gu-

146 799 298 830 bernatio
333 796 522 835 Ecclesiae,
557 803 613 827 aut
644 795 810 834 Civitatis,
843 805 906 826 nec
931 801 1042 836 potest
1066 793 1140 825 sola

147 840 318 884 diligentia
340 840 484 872 humana
503 841 587 882 regi,
610 846 645 871 ut
658 838 815 870 Psalmus
840 839 959 880 inquit:
985 837 1139 869 NisiDo-

147 885 256 917 minus
276 885 469 916 custodierit
493 885 658 916 civitatem
683 889 746 914 etc.
815 881 884 914 lmo
909 888 941 913 et
966 882 1139 922 sapientes

147 929 207 959 viri
239 934 333 960 extra
368 926 567 964 Ecclesiam,
602 927 760 965 fatentur,
795 926 972 957 humanam
1002 924 1139 966 diligen-

146 972 224 1003 tiam
253 970 379 1009 solam,
412 982 478 1002 non
510 980 587 1001 esse
609 980 724 1011 parem
754 970 850 1001 oneri
875 969 1139 1011 gubernationis,

146 1020 183 1047 ut
206 1015 292 1057 apud
318 1014 524 1045 Herodotum
548 1020 640 1045 recte
663 1013 741 1044 dicit
776 1012 850 1043 Rex
885 1013 1054 1049 Persicus,
1089 1021 1139 1042 re-

147 1069 249 1100 gnum
272 1057 453 1089 Persarum
477 1058 628 1088 crevisse
650 1056 725 1088 Deo
750 1058 911 1094 ducente,
936 1057 1016 1097 ipsis
1040 1055 1140 1097 Regi·

147 1102 210 1133 bus
235 1108 388 1143 prompte
411 1101 643 1143 sequentibus,
666 1106 702 1131 ut
723 1101 847 1131 usitate
870 1100 900 1130 in
915 1097 1071 1130 Ecclesia
1095 1099 1140 1129 di-

147 1145 244 1183 citur,
268 1144 451 1186 praeeunte
476 1144 595 1186 gratia,
633 1144 816 1175 comitante
839 1142 1022 1174 voluntate.
1068 1141 1140 1173 Mo-

147 1194 204 1219 net
238 1189 339 1229 igitur
373 1188 548 1225 ieremias,
584 1193 618 1218 ut
653 1193 804 1227 petamus
839 1198 858 1217 a
882 1185 956 1217 Deo
981 1184 1142 1216 salutaria

147 1230 301 1269 consilia,
325 1236 359 1263 et
377 1238 518 1263 eventus
542 1229 671 1261 felices.
707 1230 801 1261 Sicut
823 1230 894 1270 ipse
915 1230 1063 1260 suadens
1087 1229 1142 1259 de-

147 1274 317 1312 ditionem,
352 1275 434 1315 petit
468 1285 488 1306 a
521 1273 615 1312 Deo,
648 1279 683 1304 ut
706 1279 871 1304 monstret
895 1271 1080 1310 consilium,
1111 1278 1141 1302 et

147 1325 244 1360 regat
266 1323 433 1349 eventum.
502 1318 594 1349 Haec
617 1327 684 1348 non
708 1315 829 1347 tollunt
850 1315 1050 1354 libertatem,
1086 1321 1142 1346 aut

148 1361 419 1403 contingentiam.

147 1404 181 1435 in
203 1404 267 1436 hac
291 1404 365 1445 ipsa
386 1405 591 1445 precatione.
626 1403 787 1434 Amemus
811 1403 911 1445 igitur
934 1401 1000 1433 hoc.
1019 1403 1145 1433 dictum

147 1447 319 1486 Ieremiae,
343 1453 377 1479 et
420 1448 568 1479 sciamus
604 1445 960 1477 commonefactionem
995 1455 1073 1477 esse
1103 1445 1144 1476 de

148 1496 265 1522 nostra
294 1489 502 1529 infirmitate,
537 1496 570 1522 et
593 1490 635 1521 de
657 1490 883 1532 magnitudine
905 1488 1142 1531 periculorum,

150 1539 182 1565 et
204 1534 246 1566 de
268 1534 412 1576 petendo
436 1534 558 1566 auxilio
580 1533 656 1565 Dei.

235 1611 293 1644 Sic
315 1610 520 1654 intelligatur
543 1618 575 1643 et
595 1610 721 1643 Christi
744 1611 884 1643 dietum:
914 1610 998 1642 Sine
1019 1620 1072 1642 me
1095 1611 1143 1642 ni-

148 1653 195 1686 hil
216 1655 358 1697 potestis
381 1653 504 1687 facere.
561 1654 662 1686 Mittit
689 1653 877 1695 Apostolos
902 1660 935 1686 et
952 1664 1016 1686 nos
1040 1654 1142 1686 imbe-

150 1696 244 1731 cilles
268 1698 426 1731 doctores
450 1699 484 1730 in
506 1699 615 1730 media
637 1698 787 1740 imperia,
811 1703 844 1729 et
866 1698 958 1729 iubet
980 1707 1142 1740 spargere

149 1751 270 1774 vocem
303 1740 492 1785 Evangelii,
525 1742 663 1774 flectere
690 1739 882 1773 voluntates
905 1741 1076 1773 hominum
1098 1741 1143 1773 ad

148 1783 270 1823 Deum,
301 1783 415 1817 delere
438 1784 540 1824 idola,
574 1795 695 1827 regere
713 1794 826 1816 mores
843 1784 1025 1823 hominum,
1053 1785 1144 1826 quod

151 1839 227 1860 cum
250 1826 363 1860 facere
385 1829 558 1870 incipiunt,
582 1829 806 1860 adversantur
818 1828 910 1859 orbis
924 1827 1144 1867 Menai-chae,

150 1871 320 1913 sapientes
344 1877 377 1903 et
399 1878 555 1914 potentes
573 1873 709 1914 ubique.
764 1870 981 1903 Manifestum
1011 1876 1061 1902 est
1084 1871 1146 1914 igi-

151 1921 214 1953 tur,
232 1925 301 1946 non
325 1925 403 1947 esse
427 1921 568 1947 eventus
591 1916 625 1947 in
650 1914 726 1947 sola
749 1921 919 1956 potestate
943 1915 1146 1953 docentium,

150 1959 212 1990 sed
236 1964 393 2000 oportere
411 1959 576 1990 accedere
600 1957 685 1991 alias
705 1968 839 1990 causas,
897 1958 1062 1990 Promittit
1084 1959 1094 1989 i
1122 1959 1146 1990 i-

150 2001 314 2034 tur.filius
347 2001 414 2034 Dei
442 2001 617 2034 auxilium:
652 2003 731 2035 Sine
753 2013 805 2034 me
827 2000 909 2034 nihil
930 2002 1073 2044 potestis
1109 2002 1146 2033 'a-

151 2055 239 2078 cere.
287 2045 332 2077 Se
350 2046 396 2078 ait
418 2045 609 2078 adfuturum
631 2045 853 2085 Ductoribus,
875 2053 910 2078 et
923 2044 1145 2078 collecturum

149 2087 352 2128 Ecclesiam,
373 2090 505 2121 etiamsi
528 2096 716 2132 repugnent
738 2091 886 2131 imperia.
944 2087 1025 2121 Vult
1048 2090 1146 2120 etiam

151 2142 214 2163 sua
237 2131 312 2163 luce
341 2139 470 2165 mentes
495 2133 685 2165 docentium
703 2144 842 2176 regere,
875 2139 912 2166 ut
930 2138 1023 2165 recte
1046 2133 1145 2164 doee-

152 2182 221 2214 ant,
245 2182 278 2207 et
301 2176 380 2207 dent
402 2175 563 2208 salutaria
587 2175 740 2208 consilia.
785 2176 882 2209 Sicut
905 2178 965 2208 ait:
989 2176 1053 2212 Qui
1077 2187 1145 2208 ma-

151 2225 208 2251 net
230 2219 263 2250 in
287 2229 350 2258 me,
374 2225 407 2251 et
427 2219 501 2262 Ego
526 2223 559 2252 in
583 2230 636 2259 eo,
658 2220 713 2252 hic
732 2222 907 2262 copiosum
929 2219 1074 2252 fmctum
1097 2219 1145 2252 ie-

151 2268 213 2295 ret.
257 2262 390 2294 Interim
408 2269 518 2294 tamen
540 2273 622 2295 vera
645 2270 698 2296 est
709 2265 912 2306 propositio:
936 2263 1063 2295 Paulus
1087 2274 1146 2295 vo-

152 2305 227 2338 lens
263 2313 295 2338 et
329 2305 435 2338 libere
459 2308 691 2345 concionatur,
714 2314 750 2339 ut
771 2307 1027 2340 David—volens
1052 2314 1086 2340 et
1107 2306 1144 2339 li-

154 2352 234 2382 bere
254 2348 444 2392 praeliatur‚
467 2351 595 2382 etiamsi
620 2351 775 2384 divinitus
799 2352 986 2384 adiuvatur.

238 2436 330 2469 Male
365 2437 495 2468 detorta
529 2444 606 2469 sunt
640 2445 673 2470 et
707 2437 774 2469 alia
798 2440 961 2480 quaedam
989 2439 1078 2470 dicta
1101 2439 1144 2470 ad

153 2482 405 2520 necessitatem,
440 2487 476 2512 ut
507 2481 633 2522 Ephes.
670 2482 699 2513 1.
728 2481 837 2514 Eleeti
860 2483 1043 2515 secundum
1067 2493 1143 2523 pro-

152 2526 295 2566 positum
320 2525 411 2563 eius,
447 2525 501 2567 qui
526 2523 606 2557 facit
629 2526 739 2557 omnia
761 2527 944 2558 secundum
969 2525 1145 2558 consilium

153 2567 334 2600 voluntatis
358 2578 451 2599 suae.
496 2568 539 2600 Et
564 2569 591 2600 l.
617 2568 768 2601 Corinth.
795 2570 845 2602 12.
874 2571 961 2602 ldem
985 2576 1036 2601 est
1048 2569 1143 2602 Deus

153 2622 258 2655 agens
281 2613 392 2644 omnia
415 2613 448 2644 in
471 2613 636 2644 omnibus.

487 1360 575 1392 Nam
603 1359 762 1391 leremiae
786 1358 943 1391 voluntas
966 1358 1074 1390 libera
1092 1364 1143 1390 est
1176 1369 1182 1374 ·

2122 128 2187 160 254

1194 227 1246 253 est
1268 221 1360 264 loqui
1383 228 1511 256 tantum
1534 223 1576 254 de
1611 221 1816 254 salutaribus
1850 222 2038 254 actionibus
2067 224 2101 255 in
2123 223 2187 255 Ec·

1194 263 1309 303 clesia,
1333 265 1485 307 Suntque
1509 264 1774 303 consolationeS,
1799 276 1884 307 quae
1909 267 2104 307 promittunt
2127 277 2187 298 no-

1193 309 1245 340 bis
1264 307 1421 340 auxilium
1445 315 1478 340 et
1501 310 1723 351 praesentiam
1741 308 1818 348 Dei,
1842 316 1877 340 ut
1900 310 2045 340 sciamus
2070 317 2188 342 nostra

1193 351 1345 393 pericula
1367 351 1443 382 Deo
1468 363 1571 384 curae
1595 363 1685 391 esse,
1708 358 1740 384 et
1763 363 1826 384 nos
1850 353 1883 383 in
1908 353 2007 384 tantis
2030 352 2189 385 fluctibus

1194 406 1305 426 rerum
1335 395 1553 427 humanarum
1588 396 1715 427 habere
1750 396 1923 428 custodem
1954 402 1986 427 et
2010 396 2188 438 opitulato-

1194 449 1263 470 rem
1287 438 1405 470 Deum.

1282 516 1406 547 Vident
1440 515 1578 555 Moises,
1613 516 1761 554 Samuel,
1785 523 1816 548 et
1852 517 1991 557 similes,
2026 528 2064 549 se
2096 516 2188 550 nullo

1194 560 1295 591 modo
1318 570 1418 601 pares
1444 570 1520 591 esse
1545 561 1636 591 oneri
1662 562 1924 602 gubernationis,
1983 561 2052 593 Sed
2076 562 2188 593 sciunt

1194 602 1305 634 Deum
1329 603 1451 634 adesse
1476 604 1509 634 in
1527 602 1700 642 Ecclesia,
1735 614 1874 646 eamque
1898 606 2054 636 mirandis
2079 605 2188 636 modis

1195 657 1345 678 servare.
1413 645 1507 678 Talia
1531 654 1620 685 sunt,
1645 658 1731 689 quae
1754 649 1821 689 agit
1844 648 1938 680 Deus
1963 649 2082 680 iuvans
2104 648 2188 680 Moi-

1195 700 1268 728 sen,
1294 688 1497 729 Samuelem,
1520 690 1687 722 Davidem
1711 698 1743 722 et
1767 690 1903 722 similes.
1929 691 2002 723 Iloc
2030 691 2189 723 aux-ilium

1195 744 1262 765 non
1285 732 1370 765 tollit
1394 733 1583 766 libertatem
1607 733 1788 766 voluntatis
1813 735 1844 766 in
1869 736 1952 766 istis.
1978 735 2025 766 lta
2050 743 2080 767 et
2100 745 2189 767 nunc

1194 778 1227 808 in
1250 777 1401 809 maximis
1426 779 1571 809 motibus
1595 779 1743 809 sciamus
1768 777 1877 810 Deum
1897 777 2088 810 adfuturum
2112 788 2189 810 esse

1194 821 1226 851 in
1250 820 1417 859 Ecclesia,
1440 827 1471 851 et
1496 823 1757 863 gubernaturum
1781 820 1968 864 aliquorum
1986 829 2128 861 mentes,
2152 827 2188 854 ut

1195 863 1354 896 salutaria
1378 864 1503 896 faciant
1527 866 1569 896 ad
1593 866 1763 897 sedandos
1787 872 1984 907 praesentes
2008 872 2127 897 motus.

1281 942 1364 973 Cum
1383 943 1481 984 igitur
1505 942 1582 974 talia
1607 944 1696 975 dicta
1720 945 1836 975 dextre
1859 943 2040 982 intellecta,
2064 942 2189 975 saluta-

1196 997 1264 1017 rem
1279 986 1466 1017 doctrinam
1478 993 1679 1028 proponant,
1703 988 1844 1019 vitemus
1866 987 2089 1030 corruptelas,
2103 996 2189 1029 quae

1195 1030 1394 1071 detorquent
1417 1040 1456 1060 ea
1480 1031 1663 1072 sophistice
1688 1032 1720 1062 in
1743 1032 1954 1073 peregrinam
1978 1032 2189 1069 sententiam,

1195 1074 1237 1104 ad
1263 1073 1509 1105 confirmandas
1547 1074 1682 1106 Stoicas
1706 1076 1881 1116 opinIones
1907 1076 1950 1106 de
1974 1075 2188 1107 necessitate.

1284 1151 1435 1182 Recitavi
1469 1150 1579 1183 fontes
1610 1153 1844 1195 disputationis
1879 1154 1920 1185 de
1952 1153 2190 1195 contingentia,

1196 1195 1316 1236 quibus
1340 1196 1495 1235 cognitis,
1519 1197 1592 1237 pius
1618 1203 1651 1228 ct
1672 1197 1819 1237 prudeus
1844 1197 1967 1229 Lector
1990 1198 2087 1235 sciet,
2112 1195 2191 1237 quid

1196 1239 1239 1269 sit
1261 1238 1471 1269 sentiendum
1494 1240 1526 1269 in
1551 1239 1615 1270 hac
1639 1241 1846 1281 quaestione,
1870 1248 1901 1272 et
1926 1239 2025 1273 facile
2045 1239 2190 1281 explica-

1198 1281 1254 1318 bit,
1290 1287 1322 1311 et
1356 1279 1515 1313 refutabit
1539 1283 1766 1325 labyrinthos
1790 1283 1943 1322 alioruin,
1978 1285 2032 1325 qui
2057 1283 2190 1315 Stoicas

1198 1326 1372 1366 opiniones
1398 1324 1591 1357 defendunt.
1638 1326 1787 1369 Cumque
1811 1329 1935 1359 dictum
1953 1328 1996 1358 sit
2020 1328 2051 1359 in
2065 1337 2191 1369 genere

1197 1368 1239 1399 de
1263 1368 1452 1406 Creatione,
1477 1379 1564 1401 nunc
1589 1371 1630 1401 de
1653 1377 1772 1402 natura
1795 1370 1949 1409 hominis,
1974 1372 2016 1402 de
2038 1376 2191 1412 peccato,

1197 1418 1231 1442 et
1265 1412 1307 1442 de
1341 1409 1536 1445 liberatione
1571 1414 1749 1445 dicendum
1773 1416 1834 1446 erit
1859 1425 1900 1446 eo
1924 1415 2052 1453 ordine,
2079 1415 2134 1456 qui
2158 1415 2191 1447 in

1197 1454 1359 1496 symbolo
1383 1456 1552 1488 institutus
1577 1463 1639 1489 est.

1335 1667 1409 1708 DE
1441 1666 1768 1710 CREATIONE
1800 1668 2053 1711 HOMINIS.

1285 1786 1358 1818 Etsi
1391 1785 1487 1819 Deus
1522 1788 1597 1819 ideo
1632 1787 1773 1831 angelos
1809 1795 1842 1821 et
1865 1790 2030 1829 homines,
2064 1794 2098 1821 et
2126 1789 2192 1822 hoc

1198 1836 1305 1862 totum
1328 1830 1532 1863 domicilium
1554 1831 1752 1874 angelorum
1784 1839 1818 1865 et
1840 1832 2009 1865 hominum
2032 1833 2193 1873 condidit,

1197 1879 1234 1905 ut
1267 1872 1380 1916 aliquo
1413 1875 1514 1906 niodo
1536 1884 1756 1918 agnoscatur,
1791 1883 1900 1909 tamen
1923 1876 2015 1909 nulla
2039 1883 2192 1909 creatura

1199 1917 1379 1949 exhaurire
1419 1924 1522 1950 totum
1563 1918 1740 1951 consilium
1781 1921 1822 1952 de
1863 1922 2033 1953 creatione
2067 1926 2190 1962 potest.

1198 1960 1336 2004 Eritque
1359 1961 1445 1994 haec
1468 1963 1631 2004 sapientia
1654 1964 1790 2005 propria
1809 1962 1941 1997 futurae
1964 1971 1997 1997 et
2009 1970 2192 2006 perpetuae

1200 2006 1453 2037 consuetudinis
1477 2016 1551 2037 cum
1575 2006 1663 2045 Deo,
1683 2017 1725 2038 ex
1749 2008 1854 2050 ipsius
1879 2014 2065 2050 conspectu
2083 2009 2191 2039 disce-

1198 2059 1248 2087 re,
1272 2059 1375 2091 quare
1398 2048 1494 2081 Deus
1520 2050 1700 2081 condiderit
1728 2062 1835 2093 genus
1859 2051 2050 2090 humanum,
2087 2061 2191 2094 quare

1200 2102 1275 2124 cum
1298 2093 1523 2125 inobedientia
1545 2096 1726 2136 primorum
1749 2102 1922 2136 parentum
1934 2096 2111 2127 meruisset
2134 2095 2191 2126 de·

1198 2134 1260 2167 leri
1283 2146 1357 2168 eam
1380 2144 1580 2176 creaturam,
1602 2137 1706 2170 fitius
1730 2137 1839 2170 factus
1863 2140 1907 2170 sit
1930 2140 2135 2171 intercessor
2158 2143 2191 2170 et

1198 2179 1381 2219 Mediator,
1416 2187 1447 2211 et
1471 2180 1571 2223 quale
1595 2180 1770 2213 consilium
1795 2181 1893 2215 fuerit
1912 2184 1953 2215 de
1977 2182 2191 2224 copulatione

1198 2231 1339 2255 naturae
1363 2224 1493 2256 divinae
1518 2232 1549 2256 et
1573 2224 1739 2257 humanae
1762 2227 1796 2257 in
1820 2226 1915 2258 Filio.
1972 2226 2065 2258 Haec
2095 2236 2190 2257 arca-

1199 2278 1241 2299 na
1263 2266 1364 2310 longe
1387 2274 1421 2299 et
1444 2275 1538 2299 extra
1562 2275 1594 2300 et
1617 2279 1719 2310 supra
1742 2277 1875 2312 captum
1904 2270 2069 2302 humanae
2091 2270 2189 2302 ratio-

1197 2311 1251 2342 nis
1274 2312 1398 2353 posita,
1422 2318 1502 2344 tunc
1525 2313 1704 2345 discemus.

1286 2398 1354 2430 Sed
1389 2398 1459 2430 vult
1495 2406 1604 2431 tamen
1638 2401 1670 2431 in
1705 2399 1860 2432 Ecclesia
1895 2412 1957 2431 sua
1980 2400 2074 2432 Deus
2098 2401 2189 2432 initia

1198 2442 1371 2474 doctrinae
1396 2443 1436 2474 de
1461 2444 1562 2474 tantis
1576 2444 1676 2475 rebus
1701 2450 1828 2482 extare,
1849 2443 1919 2476 vult
1941 2455 1978 2475 se
1997 2442 2108 2486 aliquo
2121 2455 2188 2476 mo-

1198 2486 1240 2516 do
1265 2487 1408 2527 agnosci
1431 2496 1463 2518 et
1487 2488 1647 2526 invocari,
1670 2486 1742 2519 vult
1764 2498 1828 2518 uos
1852 2488 1977 2530 gratias
2001 2498 2103 2530 agere
2125 2499 2187 2530 pro

1198 2531 1380 2568 creatione,
1406 2537 1437 2561 et
1460 2541 1522 2572 pro
1546 2530 1629 2562 Filio
1654 2533 1751 2569 nobis
1776 2532 1912 2570 donato,
1938 2538 1970 2564 et
1988 2532 2117 2564 reddita
2141 2532 2187 2563 vi-

1196 2579 1230 2603 ta
1265 2579 1413 2613 aeterna,
1450 2575 1579 2607 etiamsi
1602 2575 1748 2607 noudum
1772 2586 1827 2607 res
1850 2582 1960 2607 tantas
1984 2577 2116 2618 penitus
2140 2576 2186 2607 in-

693 2612 786 2646 Haec
810 2615 899 2646 dicta
921 2615 1142 2646 certissimum
1165 2606 1171 2649 l
1195 2615 1386 2659 telligimus.
