2383 2990
169 137 233 170 697
707 134 763 166 lx.
811 131 1063 165 REFUTATlO
1090 130 1309 164 ABUSUUM
1335 130 1520 163 COENAE
1543 131 1715 164 DOMlNl.
2152 134 2217 167 698

169 233 240 265 lere
262 231 386 271 Deum,
409 239 443 264 et
466 241 656 274 agnoscere
679 241 720 263 ac
743 231 897 272 accipere
923 228 1085 261 beneficia
1108 238 1169 270 per
1192 249 1194 288 Ι
1223 226 1439 270 cyprianum,
1457 234 1493 260 ut
1517 226 1574 260 lib.
1598 228 1629 260 2.
1653 228 1759 271 Epist.
1783 228 1814 261 3.
1838 229 1896 261 ubi
1922 230 2043 271 inquit:
2079 230 2115 262 ln
2139 229 2217 263 cali·

169 275 288 309 Filium
307 275 372 307 Dei
396 274 555 307 exhibita.
599 274 653 307 De
676 274 743 306 hoc
767 274 926 306 exercitio
950 272 1026 304 fidei
1049 273 1082 304 in
1106 282 1169 304 usu
1192 292 1194 327 ἰ
1223 281 1263 303 ce
1286 270 1465 303 Dominico
1490 272 1746 312 sanctificando,
1771 280 1803 305 et
1823 271 1911 315 plebi
1935 274 2166 306 ministrando.

170 319 376 353 Sacramenti
399 317 482 351 nihil
504 319 619 351 dicunt
642 318 818 360 Papistae‚
846 317 911 349 imo
934 318 1063 348 abusus
1087 314 1169 347 Mis·
1193 330 1195 350 ἓ

170 374 285 396 sarum
308 373 452 405 prorsus
477 363 586 394 obruit
610 361 699 394 hanc
723 362 909 393 doctrinam
940 359 1169 392 necessariam
1193 355 1196 377 ¹
1311 358 1537 401 Hieronymus
1561 359 1593 391 in
1617 359 1825 401 Sophoniam
1849 371 1922 403 cap.
1942 359 1973 392 3.
1998 359 2216 401 Sacerdotes,

171 407 410 446 conscientiis,
434 405 502 439 Sed
526 407 568 439 de
592 405 658 438 fine
682 405 890 437 Sacramenti
914 404 1039 435 dictum
1063 408 1114 434 est
1137 404 1169 435 in
1223 402 1279 444 qui
1312 400 1545 434 Eucharistiae
1578 404 1747 443 serviunt,
1785 410 1819 436 et
1853 404 2051 448 sanguinem
2084 404 2218 447 populis

169 449 247 483 loco
272 451 314 483 de
337 449 456 482 Missa.
480 449 673 482 Redeamus
697 449 799 492 igitur
821 448 866 480 ad
888 448 997 489 ipsam
1021 456 1168 478 ceremo-
1223 445 1295 477 eius
1319 446 1468 477 dividunt
1498 452 1562 479 etc.
1611 446 1697 479 Nam
1732 453 1867 480 caetera
1901 458 1987 491 quae
2021 457 2218 492 sequuntur,

169 495 270 534 niam,
305 504 348 527 ae
371 494 591 527 ostendamus
615 503 714 525 usum
737 492 858 534 integri
882 491 1094 523 Sacramenti
1119 500 1170 522 re·
1222 487 1305 521 nihil
1327 490 1369 521 ad
1394 488 1482 522 hanc
1505 500 1574 522 rem
1591 491 1770 532 pertinent.

168 538 373 571 stituendnm
396 548 485 570 esse.

1311 576 1347 608 ln
1370 576 1551 619 Tripartita
1569 577 1709 610 historia
1732 577 1789 610 lib.
1814 578 1845 611 9.
1870 580 1989 613 dicitur
2011 581 2053 612 ad
2065 579 2219 613 Theodo-

1194 602 1199 677 Ι
1225 622 1326 653 sium:
1373 620 1552 658 Quomodo
1587 622 1734 653 cruentis
1768 624 1925 655 manibus
1959 625 2107 666 accipies
2142 636 2218 657 san·

1224 672 1311 697 ctum
1335 663 1470 696 Domini
1495 665 1642 707 corpus?
1673 665 1748 702 Qua
1771 667 1973 707 temeritate,
1998 679 2057 700 ore
2080 675 2136 701 tuo
2161 680 2218 711 po-

490 704 842 747 Confirmationes.
1224 707 1336 741 culum
1361 709 1535 750 sanguinis
1559 709 1700 750 pretiosi
1725 710 1902 752 percipies,
1928 721 2002 743 cum
2026 719 2152 744 tantum
2171 713 2218 744 in-

1223 753 1300 784 iusti
1325 753 1500 795 sanguinis
1524 751 1674 784 fuderis?

258 841 341 874 Cum
366 847 601 874 testamentum
625 840 769 873 hominis
782 851 880 872 nemo
895 846 1021 872 mutare
1036 839 1169 879 debeat,
1312 839 1348 871 ln
1383 839 1543 871 Decretis
1578 838 1620 871 de
1655 842 1922 879 consecratione,
1957 842 2033 874 dist.
2070 844 2099 875 2.
2132 852 2219 876 extat

169 884 273 919 multo
297 887 406 918 minus
429 890 666 917 testamentum
700 883 763 916 Dei
800 885 993 916 mutandum
1028 889 1100 922 est,
1134 889 1169 916 ut
1193 903 1196 927 1
1223 881 1341 915 Canon
1361 882 1503 922 Gelasii,
1527 884 1583 926 qui
1608 884 1761 924 prohibet
1786 885 1982 917 divisionem
1996 886 2217 920 Sacramenti.

169 928 294 963 Paulus
317 929 422 972 inquit
444 929 487 960 ad
512 927 671 960 Galatas:
718 927 833 959 Coena
858 927 993 959 Domini
1018 933 1069 959 est
1092 938 1168 969 pro·
1193 930 1196 971 Ι
1222 926 1337 959 Verba
1359 926 1443 958 haec
1467 934 1559 958 sunt:
1585 927 1816 970 Comperimus
1839 936 1962 968 autem,
1986 931 2219 973 quodquidam

167 974 275 1016 prium
298 973 377 1005 novi
401 973 590 1004 testamenti
603 972 868 1010 Sacramentum,
888 978 924 1004 ut
943 970 1097 1003 Christus
1122 972 1170 1003 in-
1193 979 1197 1017 4
1223 978 1333 1003 sumta
1356 971 1585 1002 tantummodo
1611 972 1766 1013 corporis
1790 974 1880 1005 sacri
1904 974 2073 1014 portione,
2097 986 2117 1006 a
2141 974 2218 1007 cali-

167 1018 255 1060 quit:
301 1016 364 1048 Hic
388 1022 440 1047 est
465 1016 552 1047 calix
579 1017 657 1047 novi
680 1015 890 1047 testamenti:
936 1013 1028 1057 Ergo
1048 1015 1169 1047 nemini
1222 1025 1261 1046 ce
1285 1015 1411 1047 sacrati
1435 1016 1567 1046 cruoris
1590 1016 1802 1055 abstineant,
1837 1018 1893 1059 qui
1923 1026 1977 1049 aut
2003 1018 2135 1062 integra
2159 1021 2218 1052 Sa-

166 1060 247 1093 licet
270 1066 326 1092 aut
348 1059 441 1092 licuit
465 1059 553 1092 hanc
577 1060 822 1091 ordinationem
848 1065 988 1097 mutare,
1012 1065 1070 1091 aut
1092 1069 1168 1101 par-
1221 1065 1392 1090 eramenta
1425 1059 1628 1101 percipiant,
1673 1067 1731 1091 aut
1765 1061 1808 1092 ab
1843 1061 1982 1103 integris
2016 1063 2219 1104 abstineant,

167 1111 233 1137 tem
256 1102 405 1136 abolere.
1221 1103 1297 1145 quia
1322 1102 1441 1134 divisio
1466 1103 1564 1134 unius
1589 1103 1739 1135 eiusdem
1763 1106 1913 1147 mysterii
1938 1106 2011 1137 sine
2035 1107 2154 1149 grandi
2167 1118 2218 1138 sa-

1192 1182 1194 1185 .
1220 1146 1361 1189 crilegio
1396 1157 1463 1178 non
1498 1153 1610 1188 potest
1643 1149 1810 1180 accidere.
1856 1148 1918 1181 Hie
1942 1148 2061 1182 Canon
2086 1151 2219 1183 divisio-

252 1189 343 1223 Nihil
368 1189 453 1222 firmi
479 1198 597 1222 contra
621 1189 686 1222 hoc
710 1195 940 1232 argumentum
961 1190 1025 1221 dici
1040 1197 1165 1231 potest:
1220 1201 1295 1222 nem
1320 1196 1420 1222 vocat
1443 1189 1670 1233 sacrilegium.
1715 1191 1863 1224 Eludunt
1898 1200 2006 1225 autem
2038 1194 2104 1228 hoc
2127 1196 2218 1226 testi-

165 1234 305 1267 Constat
324 1235 410 1266 enim
424 1233 595 1266 Christum
619 1235 669 1266 sic
692 1233 879 1265 instituisse
904 1234 1011 1272 ritum,
1025 1242 1060 1266 ut
1075 1241 1167 1266 utan-
1219 1235 1364 1266 monium
1400 1235 1584 1266 adversarii
1621 1236 1801 1267 vanissima
1842 1236 2073 1277 cavillatione;
2115 1239 2219 1271 Aiunt

165 1285 218 1311 tur
252 1288 370 1310 omnes
408 1278 465 1321 pii,
500 1278 701 1310 Sacerdotes
725 1285 757 1310 et
781 1277 885 1314 Laici‚
910 1284 1049 1319 utraque
1072 1285 1165 1319 parte
1219 1279 1306 1310 enim
1341 1284 1469 1310 tantum
1504 1279 1673 1319 pertinere
1707 1280 1750 1311 ad
1785 1287 2050 1321 consecrantes,
2084 1293 2151 1314 non
2175 1284 2217 1314 ad

164 1322 385 1361 Sacramenti,
420 1323 498 1364 quia
522 1328 632 1354 textus
657 1322 699 1353 de
724 1320 829 1353 calice
853 1321 1044 1352 nominatim
1070 1322 1164 1354 dicit:
1218 1321 1337 1354 laicos.
1374 1321 1473 1357 Quod
1497 1323 1584 1354 enim
1607 1322 1692 1355 haec
1716 1323 1884 1356 cavillatio
1910 1325 1952 1356 sit
1976 1327 2218 1366 commenticia,

163 1365 271 1398 Bibite
303 1375 344 1397 ex
379 1365 445 1397 hoc
468 1375 602 1397 omnes.
649 1365 773 1397 Addita
798 1370 849 1396 est
872 1364 1094 1404 universalis,
1130 1372 1166 1398 ut
1219 1366 1295 1397 inde
1320 1364 1457 1408 intelligi
1483 1372 1612 1407 potest,
1644 1368 1700 1408 qui
1736 1374 1817 1400 tunc
1840 1369 1982 1400 durabat
2006 1380 2078 1401 mos
2103 1371 2217 1402 utendi

161 1409 311 1441 sciamus
341 1408 468 1441 nullum
503 1410 688 1440 membrum
713 1407 891 1440 Ecclesiae
926 1408 1071 1442 excludi.
1125 1408 1166 1441 Et
1218 1411 1349 1452 integro
1374 1410 1604 1442 sacramento.
1652 1410 1693 1442 Et
1730 1422 1804 1443 cum
1829 1412 1883 1444 hic
1907 1413 1968 1444 ait:
2014 1413 2217 1454 Arceantur,

160 1451 290 1485 Paulus
314 1453 438 1485 diserte
464 1453 558 1485 dicit:
593 1452 623 1484 A
648 1451 793 1485 Domino
819 1452 955 1494 accepi,
983 1453 1074 1495 quod
1099 1460 1163 1485 tra·
1187 1483 1191 1505 ,
1216 1453 1365 1495 loquitur
1388 1454 1430 1486 de
1453 1452 1561 1493 laicis,
1586 1461 1621 1487 ut
1645 1462 1843 1488 arcerentur
1865 1466 1926 1499 per
1948 1457 2121 1489 ministros
2141 1469 2218 1500 por-

162 1496 230 1528 didi
254 1497 365 1528 vobis.
426 1496 529 1529 lussit
552 1502 664 1528 autem
689 1503 791 1528 totam
814 1495 1005 1528 Ecclesiam
1029 1497 1097 1529 inte
1126 1508 1162 1529 ro
1187 1513 1191 1522 =
1216 1498 1377 1540 rigentes.

161 1539 386 1573 Sacramento
411 1541 474 1581 uti,
510 1546 545 1572 ut
568 1546 637 1571 tota
661 1541 808 1572 narratio
832 1546 990 1572 testatur:
1037 1540 1104 1572 Pro
1131 1548 1163 1572 et

161 1594 200 1616 se
222 1584 334 1625 ipsum
357 1583 478 1622 homo,
511 1590 547 1616 ut.
582 1584 631 1615 sic
656 1584 697 1616 dc
722 1584 787 1616 hoc
816 1595 902 1626 pane
933 1585 1022 1623 edat,
1056 1591 1088 1617 ct
1122 1585 1164 1616 de
1187 1599 1191 1632 Ι
1305 1584 1406 1617 Extat
1433 1592 1465 1618 et
1501 1587 1533 1617 in
1558 1586 1702 1628 quadam
1726 1586 1892 1620 Toletana
1916 1588 2056 1631 Synodo
2081 1588 2215 1622 manife-

159 1626 227 1660 hoc
250 1625 374 1669 poculo
400 1628 501 1660 bibat.
532 1627 606 1659 Nec
630 1629 764 1659 dubium
785 1634 835 1659 est
855 1627 943 1660 hunc
966 1627 1072 1660 fuisse
1095 1639 1163 1660 mo-
1187 1634 1191 1690 ἶ
1217 1636 1304 1661 stum
1330 1630 1565 1669 testimonium,
1590 1631 1679 1672 quod
1705 1632 1872 1670 ostendit,
1895 1631 2004 1665 laicos
2029 1640 2108 1666 tunc
2132 1644 2215 1666 usos

158 1681 231 1703 rem
256 1670 413 1703 Graecae
448 1677 479 1703 et
504 1670 646 1703 Latinae
676 1670 854 1704 Ecclesiae
889 1670 1000 1704 multis
1025 1671 1162 1711 seculis,
1188 1697 1190 1703 s
1217 1683 1295 1705 esse
1331 1673 1462 1715 integro
1487 1674 1717 1707 Sacramento.
1770 1674 1922 1708 Vidimus
1953 1677 2016 1719 ipsi
2052 1678 2083 1709 in
2119 1677 2215 1710 libris

160 1720 194 1748 et
211 1715 337 1746 indicia
361 1713 465 1747 multa
490 1721 578 1754 sunt,
601 1716 658 1747 vix
682 1722 760 1747 ante
774 1716 1039 1759 quadringentos
1052 1726 1160 1747 annos·
1187 1706 1190 1743 i
1215 1715 1447 1749 Ecclesiarum
1471 1717 1683 1758 Germaniae,
1713 1719 1875 1761 scriptum
1910 1728 2059 1753 veterem
2090 1732 2216 1754 morem

160 1757 322 1791 abolitum
345 1768 443 1791 esse:
481 1759 554 1790 Nec
573 1765 719 1797 constat,
742 1760 912 1801 quomodo
937 1767 992 1791 aot
1016 1771 1081 1802 qua
1105 1771 1161 1792 au·
1187 1753 1190 1800 ξ
1215 1761 1408 1803 porrigendi
1432 1768 1640 1801 annotatum,
1666 1763 1722 1794 ubi
1747 1762 1838 1795 cla.·e
1861 1762 2067 1804 affirmatur,
2091 1764 2215 1808 populo

160 1802 294 1834 toritate
328 1808 427 1834 vetus
462 1803 672 1835 consuetudo
708 1809 834 1835 mutata
868 1804 921 1835 sit.
973 1803 1013 1834 Et
1050 1810 1160 1836 tamen
1184 1804 1189 1871 y
1216 1806 1328 1836 datum
1352 1815 1429 1837 esse
1453 1805 1617 1848 integrum
1642 1806 1907 1839 Sacramentum.
1940 1808 2102 1841 Audimus
2127 1811 2215 1842 etin

161 1856 236 1878 cum
259 1845 332 1877 sine
357 1846 457 1878 certis
482 1848 678 1885 autoribus,
704 1852 821 1878 contra
845 1857 1043 1888 expressum
1069 1858 1160 1879 man-
1185 1873 1188 1893 1
1216 1847 1326 1880 Gallia
1350 1849 1539 1881 testimonia
1564 1849 1685 1882 similia
1705 1851 1852 1892 reperiri.
1898 1851 1941 1883 Et
1970 1854 2062 1885 aiunt
2089 1853 2215 1896 Regem

160 1889 274 1921 datum
297 1890 455 1929 divinum,
491 1896 524 1921 et
548 1896 665 1922 contra
684 1889 861 1922 Ecclesiae
886 1892 1010 1922 veteris
1035 1902 1161 1923 morem
1216 1891 1400 1924 Galliarum
1424 1893 1535 1926 adlmc
1558 1895 1701 1926 retinere
1727 1902 1874 1927 veterem
1898 1906 2036 1936 morem,
2061 1897 2126 1930 hoc
2151 1905 2214 1937 est,

159 1940 298 1975 recepta
323 1935 366 1965 sit
389 1944 478 1966 nova
503 1935 729 1973 consuetudo,
765 1934 955 1966 defenditur
979 1936 1062 1966 mira
1089 1946 1160 1976 per-
1214 1937 1346 1979 integro
1370 1939 1589 1970 Sacramento
1614 1939 1670 1969 uti.
1717 1938 1864 1971 Citarem
1889 1947 1922 1971 et
1946 1940 2099 1972 Graecos
2123 1947 2215 1973 auto-

160 1977 285 2009 tinacia
318 1983 352 2009 et
386 1977 583 2010 crudelitate
618 1979 847 2021 indignissima
882 1977 1019 2010 lenitate
1042 1978 1160 2011 Eccle-
1185 2001 1188 2040 Ι
1214 1991 1282 2019 res,
1318 1981 1381 2012 nisi
1416 1992 1533 2013 omnes
1569 1983 1694 2013 scirent
1719 1982 1872 2015 Graecas
1896 1983 2072 2017 Ecclesias
2103 1985 2215 2017 adhuc

159 2021 307 2054 siastica.
1185 2047 1188 2097 Ὠ
1213 2025 1378 2066 praebere
1402 2025 1569 2068 integrum
1589 2025 1842 2059 Sacramentum
1867 2027 2003 2070 populo.

1185 2101 1188 2140 !
1302 2110 1386 2143 Cum
1410 2113 1509 2155 igitur
1534 2120 1667 2145 constet
1692 2115 1723 2145 in
1743 2113 1929 2157 Evangelio
1953 2116 2002 2148 sic
2026 2117 2212 2149 institutum

388 2190 395 2197 ι
505 2189 512 2197 .
1184 2142 1292 2200 lesse
1327 2155 1417 2187 hunc
1452 2157 1561 2195 ritmn‚
1598 2163 1631 2189 ut
1661 2158 1787 2199 pariter
1821 2160 2025 2191 Sacerdotes
2060 2167 2091 2192 et
2120 2161 2212 2193 Laici

285 2189 541 2230 TestlmOnla
575 2197 808 2231 sanctorum
842 2191 1024 2232 patrum.
1184 2205 1350 2240 ;utantur
1383 2200 1514 2243 integro
1539 2201 1777 2241 sacramento,
1813 2214 1887 2235 cum
1921 2202 2133 2237 manifestum
2171 2207 2213 2237 sit

1184 2244 1188 2282 i
1214 2242 1304 2274 hunc
1340 2254 1465 2275 moren:
1502 2245 1556 2275 diu
1591 2245 1623 2276 in
1659 2252 1729 2276 tota
1753 2245 1908 2278 Ecclesia
1933 2254 2095 2280 retentum
2120 2259 2210 2288 esse,

1184 2297 1188 2331 g
1213 2286 1296 2318 satis
1320 2287 1459 2328 adparet
1489 2298 1548 2319 eos
1573 2289 1627 2330 qui
1652 2289 1894 2329 prohibuerant
1919 2289 2058 2323 alteram
2083 2299 2211 2334 partem

248 2324 439 2368 Cyprianus
463 2325 521 2358 lib.
549 2326 577 2358 l.
601 2325 708 2368 Epist.
732 2327 763 2358 ⁶2.
787 2327 843 2358 ubi
867 2327 908 2358 de
943 2325 1039 2358 laicis
1074 2337 1159 2359 mar·
1185 2337 1187 2368 ᾗ
1213 2329 1439 2369 Sacramenti,
1474 2338 1505 2362 et
1530 2331 1788 2373 prohibitionem
1812 2334 2006 2372 defendunt,
2030 2345 2096 2367 non
2121 2344 2212 2368 recte

160 2370 289 2413 tyribus
324 2369 490 2413 loquitur,
524 2371 645 2413 inquit:
691 2370 869 2406 Quomodo
905 2371 1067 2402 docemus
1102 2377 1158 2403 aut
1183 2388 1187 2414 J
1212 2371 1334 2405 facere.
1359 2373 1491 2406 Usitata
1516 2382 1567 2407 est
1591 2376 1622 2407 in
1653 2378 1822 2409 veteribus
1846 2377 2055 2411 Ductoribus
2079 2386 2211 2412 senten—

158 2423 384 2456 provocanms
409 2424 471 2445 eos
494 2414 526 2445 in
551 2413 769 2446 confessione
792 2414 927 2453 Christi,
962 2415 1159 2457 sanguinem
1184 2415 1186 2459 ξ
1212 2417 1269 2456 tia,
1282 2416 1471 2450 Ecclesiam
1494 2429 1558 2450 nec
1582 2421 1753 2452 materiam
1779 2432 1841 2453 nec
1863 2420 2211 2456 formamSacramen-

159 2467 256 2489 suum
279 2456 440 2496 fundere,
471 2458 499 2489 si
525 2459 574 2490 eis
597 2457 787 2490 militaturis
811 2458 936 2490 Christi
960 2459 1159 2501 sanguinein
1184 2462 1186 2487 ἔ
1211 2467 1321 2493 torum
1347 2468 1475 2494 mutare
1510 2473 1624 2504 posse.
1671 2465 1715 2495 At
1739 2464 1794 2496 hic
1816 2464 1928 2507 palam
1953 2472 2016 2505 est,
2040 2468 2210 2500 materiam

160 2502 392 2544 denegamus?
415 2501 484 2533 Aut
507 2503 677 2545 quomodo
696 2502 738 2534 ad
757 2503 906 2545 martyrii
919 2502 1075 2544 poculum
1090 2503 1159 2534 ido·
1182 2494 1186 2538 l
1210 2511 1369 2538 mutatam
1387 2516 1476 2537 esse.

159 2555 247 2578 neos
281 2544 436 2584 facimus,
471 2546 499 2577 si
532 2556 601 2577 non
635 2556 696 2578 eos
730 2546 773 2577 ad
807 2547 985 2578 bibendum
1009 2547 1103 2588 prius
1125 2546 1186 2601 inf

158 2587 315 2621 Ecclesia
348 2588 508 2632 populum
542 2589 701 2628 Domini,
740 2590 813 2621 iure
846 2591 1184 2640 communicationis!
1298 2592 1408 2634 Supra
1442 2593 1584 2625 diximus
1617 2592 1704 2626 laedi
1728 2598 1916 2628 testamenti
1941 2596 2063 2630 Christi
2086 2601 2209 2632 sancti-

157 2634 383 2667 admittimus?
427 2633 471 2666 Et
500 2632 626 2665 similes
661 2633 729 2666 loci
763 2632 818 2666 alii
851 2633 945 2666 multi
968 2642 1048 2666 sunt
1069 2635 1157 2676 apud
1182 2644 1184 2661 t
1211 2641 1323 2675 tatem,
1347 2636 1445 2668 Nune
1468 2637 1587 2669 addam
1611 2636 1753 2670 alteram
1776 2641 1949 2672 rationem.
