<?xml version="1.0" encoding="UTF-8"?>
<!DOCTYPE html PUBLIC "-//W3C//DTD XHTML 1.0 Transitional//EN"
    "http://www.w3.org/TR/xhtml1/DTD/xhtml1-transitional.dtd">
<html xmlns="http://www.w3.org/1999/xhtml" xml:lang="en" lang="en">
 <head>
  <title>
</title>
<meta http-equiv="Content-Type" content="text/html;charset=utf-8" />
  <meta name='ocr-system' content='tesseract 3.04.00' />
  <meta name='ocr-capabilities' content='ocr_page ocr_carea ocr_par ocr_line ocrx_word'/>
</head>
<body>
  <div class='ocr_page' id='page_1' title='image "./operaquaesupersu23melauoft_0083.png"; bbox 0 0 2383 2990; ppageno 0'>
   <div class='ocr_carea' id='block_1_1' title="bbox 112 1793 193 1824">
    <p class='ocr_par' dir='ltr' id='par_1_1' title="bbox 112 1793 193 1824">
     <span class='ocr_line' id='line_1_1' title="bbox 112 1793 193 1824; baseline -0.012 0"><span class='ocrx_word' id='word_1_1' title='bbox 112 1793 193 1824; x_wconf 81' lang='grc'><strong>.8.</strong></span> 
     </span>
    </p>
   </div>
   <div class='ocr_carea' id='block_1_2' title="bbox 167 140 880 178">
    <p class='ocr_par' dir='ltr' id='par_1_2' title="bbox 167 140 880 178">
     <span class='ocr_line' id='line_1_2' title="bbox 167 140 880 178; baseline -0.01 0"><span class='ocrx_word' id='word_1_2' title='bbox 167 145 211 178; x_wconf 81' lang='lat'><strong>29</strong></span> <span class='ocrx_word' id='word_1_3' title='bbox 841 140 880 172; x_wconf 85' lang='lat'><strong>11.</strong></span> 
     </span>
    </p>
   </div>
   <div class='ocr_carea' id='block_1_3' title="bbox 416 240 882 296">
    <p class='ocr_par' dir='ltr' id='par_1_3' title="bbox 416 240 882 296">
     <span class='ocr_line' id='line_1_3' title="bbox 416 240 882 296; baseline -0.004 -15"><span class='ocrx_word' id='word_1_4' title='bbox 416 240 530 281; x_wconf 91' lang='lat' dir='ltr'>XIII.</span> <span class='ocrx_word' id='word_1_5' title='bbox 564 240 882 296; x_wconf 79' lang='lat' dir='ltr'><strong>Argumentum.</strong></span> 
     </span>
    </p>
   </div>
   <div class='ocr_carea' id='block_1_4' title="bbox 221 342 1014 521">
    <p class='ocr_par' dir='ltr' id='par_1_4' title="bbox 221 342 1014 521">
     <span class='ocr_line' id='line_1_4' title="bbox 222 342 1014 386; baseline -0.004 -1"><span class='ocrx_word' id='word_1_6' title='bbox 222 344 408 386; x_wconf 79' lang='lat' dir='ltr'><strong>Maxima</strong></span> <span class='ocrx_word' id='word_1_7' title='bbox 440 345 568 385; x_wconf 85' lang='lat' dir='ltr'><strong>virtus</strong></span> <span class='ocrx_word' id='word_1_8' title='bbox 600 344 780 385; x_wconf 79' lang='lat' dir='ltr'>maxime</span> <span class='ocrx_word' id='word_1_9' title='bbox 812 342 1014 383; x_wconf 84' lang='lat' dir='ltr'><strong>iustificat.</strong></span> 
     </span>
     <span class='ocr_line' id='line_1_5' title="bbox 221 405 867 455; baseline -0.002 -10"><span class='ocrx_word' id='word_1_10' title='bbox 221 406 396 446; x_wconf 86' lang='lat' dir='ltr'><strong>Dilectio</strong></span> <span class='ocrx_word' id='word_1_11' title='bbox 430 412 492 445; x_wconf 87' lang='lat' dir='ltr'><strong>est</strong></span> <span class='ocrx_word' id='word_1_12' title='bbox 518 405 697 445; x_wconf 75' lang='lat' dir='ltr'><strong>maxima</strong></span> <span class='ocrx_word' id='word_1_13' title='bbox 729 405 867 455; x_wconf 83' lang='lat' dir='ltr'><strong>virtus,</strong></span> 
     </span>
     <span class='ocr_line' id='line_1_6' title="bbox 222 465 776 521; baseline -0.005 -14"><span class='ocrx_word' id='word_1_14' title='bbox 222 467 331 521; x_wconf 68' lang='lat' dir='ltr'><strong>Ergo</strong></span> <span class='ocrx_word' id='word_1_15' title='bbox 364 466 543 506; x_wconf 72' lang='lat' dir='ltr'><strong>maxime</strong></span> <span class='ocrx_word' id='word_1_16' title='bbox 575 465 776 507; x_wconf 81' lang='lat' dir='ltr'><strong>iustificat.</strong></span> 
     </span>
    </p>
   </div>
   <div class='ocr_carea' id='block_1_5' title="bbox 160 563 1153 945">
    <p class='ocr_par' dir='ltr' id='par_1_5' title="bbox 160 563 1153 945">
     <span class='ocr_line' id='line_1_7' title="bbox 248 563 1152 607; baseline -0.004 -9"><span class='ocrx_word' id='word_1_17' title='bbox 248 566 462 607; x_wconf 86' lang='lat' dir='ltr'><strong>Respondeo.</strong></span> <span class='ocrx_word' id='word_1_18' title='bbox 509 565 669 597; x_wconf 79' lang='lat' dir='ltr'><strong>Concedo</strong></span> <span class='ocrx_word' id='word_1_19' title='bbox 704 571 808 596; x_wconf 90' lang='lat' dir='ltr'><strong>totum</strong></span> <span class='ocrx_word' id='word_1_20' title='bbox 843 570 1072 606; x_wconf 81' lang='lat' dir='ltr'><strong>argumentum</strong></span> <span class='ocrx_word' id='word_1_21' title='bbox 1111 563 1152 595; x_wconf 92' lang='lat' dir='ltr'><strong>de</strong></span> 
     </span>
     <span class='ocr_line' id='line_1_8' title="bbox 161 608 1151 652; baseline -0.005 -10"><span class='ocrx_word' id='word_1_22' title='bbox 161 611 286 642; x_wconf 84' lang='lat' dir='ltr'><strong>iustitia</strong></span> <span class='ocrx_word' id='word_1_23' title='bbox 321 610 436 652; x_wconf 81' lang='lat' dir='ltr'><strong>Legis.</strong></span> <span class='ocrx_word' id='word_1_24' title='bbox 483 609 550 641; x_wconf 90' lang='lat' dir='ltr'><strong>Sed</strong></span> <span class='ocrx_word' id='word_1_25' title='bbox 584 610 661 651; x_wconf 89' lang='lat' dir='ltr'><strong>quia</strong></span> <span class='ocrx_word' id='word_1_26' title='bbox 694 619 761 640; x_wconf 94' lang='lat' dir='ltr'><strong>non</strong></span> <span class='ocrx_word' id='word_1_27' title='bbox 797 608 958 639; x_wconf 84' lang='lat' dir='ltr'><strong>habemus</strong></span> <span class='ocrx_word' id='word_1_28' title='bbox 989 608 1151 647; x_wconf 75' lang='lat' dir='ltr'><strong>integram</strong></span> 
     </span>
     <span class='ocr_line' id='line_1_9' title="bbox 161 649 1152 695; baseline -0.003 -10"><span class='ocrx_word' id='word_1_29' title='bbox 161 654 317 686; x_wconf 68' lang='lat' dir='ltr'><strong>iustitiam</strong></span> <span class='ocrx_word' id='word_1_30' title='bbox 340 653 456 695; x_wconf 82' lang='lat' dir='ltr'><strong>Legis,</strong></span> <span class='ocrx_word' id='word_1_31' title='bbox 475 651 694 694; x_wconf 82' lang='lat' dir='ltr'><strong>Evangelium</strong></span> <span class='ocrx_word' id='word_1_32' title='bbox 715 652 934 683; x_wconf 87' lang='lat' dir='ltr'><strong>concionatur</strong></span> <span class='ocrx_word' id='word_1_33' title='bbox 959 651 998 682; x_wconf 88' lang='lat' dir='ltr'><strong>de</strong></span> <span class='ocrx_word' id='word_1_34' title='bbox 1019 649 1094 689; x_wconf 86' lang='lat' dir='ltr'><strong>alia,</strong></span> <span class='ocrx_word' id='word_1_35' title='bbox 1120 656 1152 682; x_wconf 89' lang='lat' dir='ltr'><strong>et</strong></span> 
     </span>
     <span class='ocr_line' id='line_1_10' title="bbox 163 693 1152 738; baseline -0.005 -9"><span class='ocrx_word' id='word_1_36' title='bbox 163 699 262 729; x_wconf 84' lang='lat' dir='ltr'><strong>docet</strong></span> <span class='ocrx_word' id='word_1_37' title='bbox 291 697 443 738; x_wconf 89' lang='lat' dir='ltr'><strong>imputari</strong></span> <span class='ocrx_word' id='word_1_38' title='bbox 468 696 615 727; x_wconf 82' lang='lat' dir='ltr'><strong>eredenti</strong></span> <span class='ocrx_word' id='word_1_39' title='bbox 640 696 798 727; x_wconf 84' lang='lat' dir='ltr'><strong>iustitiam</strong></span> <span class='ocrx_word' id='word_1_40' title='bbox 830 701 965 736; x_wconf 86' lang='lat' dir='ltr'><strong>propter</strong></span> <span class='ocrx_word' id='word_1_41' title='bbox 990 693 1152 725; x_wconf 82' lang='lat' dir='ltr'><strong>Mediato-</strong></span> 
     </span>
     <span class='ocr_line' id='line_1_11' title="bbox 160 738 1153 780; baseline -0.002 -9"><span class='ocrx_word' id='word_1_42' title='bbox 160 751 243 772; x_wconf 89' lang='lat' dir='ltr'><strong>rem.</strong></span> <span class='ocrx_word' id='word_1_43' title='bbox 296 740 388 771; x_wconf 86' lang='lat' dir='ltr'><strong>Haec</strong></span> <span class='ocrx_word' id='word_1_44' title='bbox 419 746 469 770; x_wconf 84' lang='lat' dir='ltr'><strong>est</strong></span> <span class='ocrx_word' id='word_1_45' title='bbox 501 739 641 780; x_wconf 77' lang='lat' dir='ltr'><strong>simplex</strong></span> <span class='ocrx_word' id='word_1_46' title='bbox 672 745 704 770; x_wconf 82' lang='lat' dir='ltr'><strong>et</strong></span> <span class='ocrx_word' id='word_1_47' title='bbox 735 749 815 769; x_wconf 89' lang='lat' dir='ltr'><strong>vera</strong></span> <span class='ocrx_word' id='word_1_48' title='bbox 844 738 1038 779; x_wconf 84' lang='lat' dir='ltr'><strong>responsio,</strong></span> <span class='ocrx_word' id='word_1_49' title='bbox 1067 748 1153 780; x_wconf 87' lang='lat' dir='ltr'><strong>quae</strong></span> 
     </span>
     <span class='ocr_line' id='line_1_12' title="bbox 161 780 1153 825; baseline -0.003 -10"><span class='ocrx_word' id='word_1_50' title='bbox 161 783 322 825; x_wconf 77' lang='lat' dir='ltr'><strong>prolixius</strong></span> <span class='ocrx_word' id='word_1_51' title='bbox 360 782 517 824; x_wconf 85' lang='lat' dir='ltr'><strong>explicari</strong></span> <span class='ocrx_word' id='word_1_52' title='bbox 553 789 679 823; x_wconf 89' lang='lat' dir='ltr'><strong>potest,</strong></span> <span class='ocrx_word' id='word_1_53' title='bbox 715 782 743 812; x_wconf 91' lang='lat' dir='ltr'><strong>si</strong></span> <span class='ocrx_word' id='word_1_54' title='bbox 779 782 852 823; x_wconf 89' lang='lat' dir='ltr'><strong>quis</strong></span> <span class='ocrx_word' id='word_1_55' title='bbox 887 780 1045 823; x_wconf 85' lang='lat' dir='ltr'><strong>postulat.</strong></span> <span class='ocrx_word' id='word_1_56' title='bbox 1101 782 1153 812; x_wconf 80' lang='lat' dir='ltr'><strong>Ac</strong></span> 
     </span>
     <span class='ocr_line' id='line_1_13' title="bbox 162 824 1152 868; baseline -0.003 -10"><span class='ocrx_word' id='word_1_57' title='bbox 162 828 333 858; x_wconf 84' lang='lat' dir='ltr'><strong>sciendum</strong></span> <span class='ocrx_word' id='word_1_58' title='bbox 358 833 420 864; x_wconf 86' lang='lat' dir='ltr'><strong>est,</strong></span> <span class='ocrx_word' id='word_1_59' title='bbox 444 825 546 868; x_wconf 83' lang='lat' dir='ltr'><strong>longe</strong></span> <span class='ocrx_word' id='word_1_60' title='bbox 566 825 654 857; x_wconf 81' lang='lat' dir='ltr'><strong>aliud</strong></span> <span class='ocrx_word' id='word_1_61' title='bbox 679 835 768 863; x_wconf 80' lang='lat' dir='ltr'><strong>esse,</strong></span> <span class='ocrx_word' id='word_1_62' title='bbox 792 825 882 867; x_wconf 93' lang='lat' dir='ltr'><strong>loqui</strong></span> <span class='ocrx_word' id='word_1_63' title='bbox 908 826 949 855; x_wconf 89' lang='lat' dir='ltr'><strong>de</strong></span> <span class='ocrx_word' id='word_1_64' title='bbox 973 824 1152 856; x_wconf 88' lang='lat' dir='ltr'><strong>collatione</strong></span> 
     </span>
     <span class='ocr_line' id='line_1_14' title="bbox 160 868 1151 909; baseline -0.002 -8"><span class='ocrx_word' id='word_1_65' title='bbox 160 872 317 902; x_wconf 84' lang='lat' dir='ltr'><strong>virtutum</strong></span> <span class='ocrx_word' id='word_1_66' title='bbox 337 871 421 901; x_wconf 86' lang='lat' dir='ltr'><strong>inter</strong></span> <span class='ocrx_word' id='word_1_67' title='bbox 434 880 520 907; x_wconf 80' lang='grc'>5858,</span> <span class='ocrx_word' id='word_1_68' title='bbox 541 868 628 900; x_wconf 90' lang='lat' dir='ltr'><strong>aliud</strong></span> <span class='ocrx_word' id='word_1_69' title='bbox 651 870 692 900; x_wconf 91' lang='lat' dir='ltr'><strong>de</strong></span> <span class='ocrx_word' id='word_1_70' title='bbox 712 869 906 900; x_wconf 82' lang='lat' dir='ltr'><strong>remissione</strong></span> <span class='ocrx_word' id='word_1_71' title='bbox 923 875 1151 909; x_wconf 84' lang='lat' dir='ltr'><strong>peccatorum,</strong></span> 
     </span>
     <span class='ocr_line' id='line_1_15' title="bbox 162 912 733 945; baseline -0.002 0"><span class='ocrx_word' id='word_1_72' title='bbox 162 920 195 945; x_wconf 86' lang='lat' dir='ltr'><strong>et</strong></span> <span class='ocrx_word' id='word_1_73' title='bbox 218 912 490 945; x_wconf 74' lang='lat' dir='ltr'><strong>reconciliatione</strong></span> <span class='ocrx_word' id='word_1_74' title='bbox 514 924 628 944; x_wconf 85' lang='lat' dir='ltr'><strong>eoram</strong></span> <span class='ocrx_word' id='word_1_75' title='bbox 647 912 733 944; x_wconf 89' lang='lat' dir='ltr'><strong>Deo.</strong></span> 
     </span>
    </p>
   </div>
   <div class='ocr_carea' id='block_1_6' title="bbox 414 1079 898 1133">
    <p class='ocr_par' dir='ltr' id='par_1_6' title="bbox 414 1079 898 1133">
     <span class='ocr_line' id='line_1_16' title="bbox 414 1079 898 1133; baseline -0.002 -14"><span class='ocrx_word' id='word_1_76' title='bbox 414 1079 548 1119; x_wconf 88' lang='lat' dir='ltr'>XIIII.</span> <span class='ocrx_word' id='word_1_77' title='bbox 582 1079 898 1133; x_wconf 79' lang='lat' dir='ltr'><strong>Argumentum.</strong></span> 
     </span>
    </p>
   </div>
   <div class='ocr_carea' id='block_1_7' title="bbox 221 1174 1092 1409">
    <p class='ocr_par' dir='ltr' id='par_1_7' title="bbox 221 1174 1091 1274">
     <span class='ocr_line' id='line_1_17' title="bbox 221 1174 1091 1228; baseline -0.002 -13"><span class='ocrx_word' id='word_1_78' title='bbox 221 1174 263 1216; x_wconf 84' lang='lat' dir='ltr'><strong>Si</strong></span> <span class='ocrx_word' id='word_1_79' title='bbox 295 1175 356 1215; x_wconf 84' lang='lat' dir='ltr'><strong>vis</strong></span> <span class='ocrx_word' id='word_1_80' title='bbox 389 1175 430 1214; x_wconf 88' lang='lat' dir='ltr'><strong>in</strong></span> <span class='ocrx_word' id='word_1_81' title='bbox 462 1175 589 1214; x_wconf 88' lang='lat' dir='ltr'><strong>vitam</strong></span> <span class='ocrx_word' id='word_1_82' title='bbox 623 1174 791 1228; x_wconf 77' lang='lat' dir='ltr'><strong>ingredi,</strong></span> <span class='ocrx_word' id='word_1_83' title='bbox 825 1188 942 1214; x_wconf 85' lang='lat' dir='ltr'><strong>serva</strong></span> <span class='ocrx_word' id='word_1_84' title='bbox 975 1188 1091 1213; x_wconf 86' lang='lat' dir='ltr'><strong>man-</strong></span> 
     </span>
     <span class='ocr_line' id='line_1_18' title="bbox 283 1236 389 1274; baseline -0.009 0"><span class='ocrx_word' id='word_1_85' title='bbox 283 1236 389 1274; x_wconf 83' lang='lat' dir='ltr'><strong>data.</strong></span> 
     </span>
    </p>

    <p class='ocr_par' dir='ltr' id='par_1_8' title="bbox 222 1294 1092 1409">
     <span class='ocr_line' id='line_1_19' title="bbox 222 1294 1092 1349; baseline 0 -15"><span class='ocrx_word' id='word_1_86' title='bbox 222 1295 330 1349; x_wconf 87' lang='lat' dir='ltr'><strong>Ergo</strong></span> <span class='ocrx_word' id='word_1_87' title='bbox 369 1302 411 1334; x_wconf 87' lang='lat' dir='ltr'><strong>et</strong></span> <span class='ocrx_word' id='word_1_88' title='bbox 453 1294 539 1334; x_wconf 89' lang='lat' dir='ltr'><strong>fieri</strong></span> <span class='ocrx_word' id='word_1_89' title='bbox 579 1295 669 1334; x_wconf 78' lang='lat' dir='ltr'><strong>Lex</strong></span> <span class='ocrx_word' id='word_1_90' title='bbox 701 1301 856 1348; x_wconf 77' lang='lat' dir='ltr'><strong>potest,</strong></span> <span class='ocrx_word' id='word_1_91' title='bbox 902 1301 945 1334; x_wconf 91' lang='lat' dir='ltr'><strong>et</strong></span> <span class='ocrx_word' id='word_1_92' title='bbox 983 1294 1092 1334; x_wconf 78' lang='lat' dir='ltr'><strong>bona</strong></span> 
     </span>
     <span class='ocr_line' id='line_1_20' title="bbox 285 1355 1059 1409; baseline -0.001 -15"><span class='ocrx_word' id='word_1_93' title='bbox 285 1370 407 1409; x_wconf 84' lang='lat' dir='ltr'><strong>opera</strong></span> <span class='ocrx_word' id='word_1_94' title='bbox 442 1362 648 1394; x_wconf 86' lang='lat' dir='ltr'><strong>merentur</strong></span> <span class='ocrx_word' id='word_1_95' title='bbox 682 1355 807 1394; x_wconf 82' lang='lat' dir='ltr'><strong>vitam</strong></span> <span class='ocrx_word' id='word_1_96' title='bbox 841 1361 1059 1394; x_wconf 75' lang='lat' dir='ltr'><strong>aeternam.</strong></span> 
     </span>
    </p>
   </div>
   <div class='ocr_carea' id='block_1_8' title="bbox 162 1443 1156 2171">
    <p class='ocr_par' dir='ltr' id='par_1_9' title="bbox 162 1443 1156 2171">
     <span class='ocr_line' id='line_1_21' title="bbox 248 1443 1152 1487; baseline -0.001 -10"><span class='ocrx_word' id='word_1_97' title='bbox 248 1445 451 1486; x_wconf 85' lang='lat' dir='ltr'><strong>Respondeo</strong></span> <span class='ocrx_word' id='word_1_98' title='bbox 477 1445 636 1476; x_wconf 82' lang='lat' dir='ltr'><strong>breviter:</strong></span> <span class='ocrx_word' id='word_1_99' title='bbox 671 1443 834 1487; x_wconf 76' lang='lat' dir='ltr'><strong>intellige,</strong></span> <span class='ocrx_word' id='word_1_100' title='bbox 859 1455 960 1476; x_wconf 84' lang='lat' dir='ltr'><strong>serva</strong></span> <span class='ocrx_word' id='word_1_101' title='bbox 984 1445 1152 1484; x_wconf 87' lang='lat' dir='ltr'><strong>mandata,</strong></span> 
     </span>
     <span class='ocr_line' id='line_1_22' title="bbox 163 1487 1154 1530; baseline -0.002 -9"><span class='ocrx_word' id='word_1_102' title='bbox 163 1489 292 1521; x_wconf 81' lang='lat' dir='ltr'><strong>seilicet</strong></span> <span class='ocrx_word' id='word_1_103' title='bbox 328 1488 582 1530; x_wconf 85' lang='lat' dir='ltr'><strong>complectendo</strong></span> <span class='ocrx_word' id='word_1_104' title='bbox 612 1487 840 1530; x_wconf 80' lang='lat' dir='ltr'><strong>Evangelitnn.</strong></span> <span class='ocrx_word' id='word_1_105' title='bbox 886 1489 969 1519; x_wconf 85' lang='lat' dir='ltr'><strong>Nam</strong></span> <span class='ocrx_word' id='word_1_106' title='bbox 1000 1488 1154 1520; x_wconf 80' lang='lat' dir='ltr'><strong>Christus</strong></span> 
     </span>
     <span class='ocr_line' id='line_1_23' title="bbox 163 1531 1155 1574; baseline -0.002 -9"><span class='ocrx_word' id='word_1_107' title='bbox 163 1533 237 1565; x_wconf 85' lang='lat' dir='ltr'><strong>finis</strong></span> <span class='ocrx_word' id='word_1_108' title='bbox 257 1538 308 1563; x_wconf 84' lang='lat' dir='ltr'><strong>est</strong></span> <span class='ocrx_word' id='word_1_109' title='bbox 331 1532 442 1574; x_wconf 81' lang='lat' dir='ltr'><strong>Legis.</strong></span> <span class='ocrx_word' id='word_1_110' title='bbox 478 1532 529 1564; x_wconf 85' lang='lat' dir='ltr'><strong>Ae</strong></span> <span class='ocrx_word' id='word_1_111' title='bbox 554 1542 686 1573; x_wconf 84' lang='lat' dir='ltr'><strong>semper</strong></span> <span class='ocrx_word' id='word_1_112' title='bbox 698 1531 864 1574; x_wconf 78' lang='lat' dir='ltr'><strong>legalibus</strong></span> <span class='ocrx_word' id='word_1_113' title='bbox 888 1533 985 1563; x_wconf 84' lang='lat' dir='ltr'><strong>dictis</strong></span> <span class='ocrx_word' id='word_1_114' title='bbox 1011 1543 1155 1563; x_wconf 79' lang='lat' dir='ltr'><strong>necesse</strong></span> 
     </span>
     <span class='ocr_line' id='line_1_24' title="bbox 163 1573 1155 1618; baseline -0.001 -11"><span class='ocrx_word' id='word_1_115' title='bbox 163 1583 214 1608; x_wconf 88' lang='lat' dir='ltr'><strong>est</strong></span> <span class='ocrx_word' id='word_1_116' title='bbox 239 1576 363 1607; x_wconf 81' lang='lat' dir='ltr'><strong>addere</strong></span> <span class='ocrx_word' id='word_1_117' title='bbox 393 1587 511 1607; x_wconf 73' lang='lat' dir='ltr'><strong>vocem</strong></span> <span class='ocrx_word' id='word_1_118' title='bbox 540 1573 732 1618; x_wconf 72' lang='lat' dir='ltr'><strong>Evangelii,</strong></span> <span class='ocrx_word' id='word_1_119' title='bbox 764 1576 853 1617; x_wconf 89' lang='lat' dir='ltr'><strong>quod</strong></span> <span class='ocrx_word' id='word_1_120' title='bbox 886 1576 986 1607; x_wconf 86' lang='lat' dir='ltr'><strong>docet</strong></span> <span class='ocrx_word' id='word_1_121' title='bbox 1017 1575 1081 1606; x_wconf 87' lang='lat' dir='ltr'><strong>fide</strong></span> <span class='ocrx_word' id='word_1_122' title='bbox 1105 1588 1155 1607; x_wconf 88' lang='lat' dir='ltr'><strong>re-</strong></span> 
     </span>
     <span class='ocr_line' id='line_1_25' title="bbox 163 1617 1155 1658; baseline 0 -8"><span class='ocrx_word' id='word_1_123' title='bbox 163 1618 334 1651; x_wconf 84' lang='lat' dir='ltr'><strong>conciliari</strong></span> <span class='ocrx_word' id='word_1_124' title='bbox 358 1618 538 1656; x_wconf 85' lang='lat' dir='ltr'><strong>hominem,</strong></span> <span class='ocrx_word' id='word_1_125' title='bbox 563 1625 594 1650; x_wconf 87' lang='lat' dir='ltr'><strong>et</strong></span> <span class='ocrx_word' id='word_1_126' title='bbox 618 1617 714 1649; x_wconf 83' lang='lat' dir='ltr'><strong>simul</strong></span> <span class='ocrx_word' id='word_1_127' title='bbox 742 1619 893 1650; x_wconf 84' lang='lat' dir='ltr'><strong>inchoari</strong></span> <span class='ocrx_word' id='word_1_128' title='bbox 921 1620 1155 1658; x_wconf 73' lang='lat' dir='ltr'><strong>obedientiam,</strong></span> 
     </span>
     <span class='ocr_line' id='line_1_26' title="bbox 162 1661 1156 1704; baseline 0 -10"><span class='ocrx_word' id='word_1_129' title='bbox 162 1670 305 1703; x_wconf 87' lang='lat' dir='ltr'><strong>accepto</strong></span> <span class='ocrx_word' id='word_1_130' title='bbox 351 1663 476 1704; x_wconf 77' lang='lat' dir='ltr'><strong>Spiritu</strong></span> <span class='ocrx_word' id='word_1_131' title='bbox 523 1669 662 1700; x_wconf 84' lang='lat' dir='ltr'><strong>sancto,</strong></span> <span class='ocrx_word' id='word_1_132' title='bbox 708 1669 739 1693; x_wconf 91' lang='lat' dir='ltr'><strong>et</strong></span> <span class='ocrx_word' id='word_1_133' title='bbox 782 1661 917 1703; x_wconf 79' lang='lat' dir='ltr'><strong>placere</strong></span> <span class='ocrx_word' id='word_1_134' title='bbox 967 1663 1156 1694; x_wconf 72' lang='lat' dir='ltr'><strong>inchoatam</strong></span> 
     </span>
     <span class='ocr_line' id='line_1_27' title="bbox 163 1705 1156 1747; baseline 0 -10"><span class='ocrx_word' id='word_1_135' title='bbox 163 1706 385 1737; x_wconf 82' lang='lat' dir='ltr'><strong>obedientiam</strong></span> <span class='ocrx_word' id='word_1_136' title='bbox 405 1711 541 1747; x_wconf 79' lang='lat' dir='ltr'><strong>propter</strong></span> <span class='ocrx_word' id='word_1_137' title='bbox 566 1705 805 1743; x_wconf 83' lang='lat' dir='ltr'><strong>Mediatorem,</strong></span> <span class='ocrx_word' id='word_1_138' title='bbox 837 1707 966 1737; x_wconf 83' lang='lat' dir='ltr'><strong>etiamsi</strong></span> <span class='ocrx_word' id='word_1_139' title='bbox 997 1705 1156 1747; x_wconf 82' lang='lat' dir='ltr'><strong>languida</strong></span> 
     </span>
     <span class='ocr_line' id='line_1_28' title="bbox 163 1749 1155 1790; baseline -0.001 -9"><span class='ocrx_word' id='word_1_140' title='bbox 163 1756 195 1781; x_wconf 88' lang='lat' dir='ltr'><strong>et</strong></span> <span class='ocrx_word' id='word_1_141' title='bbox 219 1750 349 1780; x_wconf 81' lang='lat' dir='ltr'><strong>infirma</strong></span> <span class='ocrx_word' id='word_1_142' title='bbox 374 1756 436 1780; x_wconf 85' lang='lat' dir='ltr'><strong>est.</strong></span> <span class='ocrx_word' id='word_1_143' title='bbox 485 1749 574 1780; x_wconf 83' lang='lat' dir='ltr'><strong>Haec</strong></span> <span class='ocrx_word' id='word_1_144' title='bbox 598 1752 741 1779; x_wconf 71' lang='grc' dir='ltr'><strong><em>ἐπιείκεια</em></strong></span> <span class='ocrx_word' id='word_1_145' title='bbox 766 1760 927 1790; x_wconf 77' lang='lat' dir='ltr'><strong>expressa</strong></span> <span class='ocrx_word' id='word_1_146' title='bbox 952 1756 1015 1788; x_wconf 84' lang='lat' dir='ltr'><strong>est,</strong></span> <span class='ocrx_word' id='word_1_147' title='bbox 1040 1749 1155 1781; x_wconf 81' lang='lat' dir='ltr'><strong>Roma.</strong></span> 
     </span>
     <span class='ocr_line' id='line_1_29' title="bbox 241 1791 1156 1834; baseline 0.002 -12"><span class='ocrx_word' id='word_1_148' title='bbox 241 1792 330 1824; x_wconf 90' lang='lat' dir='ltr'><strong>ldem</strong></span> <span class='ocrx_word' id='word_1_149' title='bbox 361 1793 460 1834; x_wconf 82' lang='lat' dir='ltr'><strong>igitur</strong></span> <span class='ocrx_word' id='word_1_150' title='bbox 498 1791 568 1824; x_wconf 80' lang='lat' dir='ltr'><strong>vult</strong></span> <span class='ocrx_word' id='word_1_151' title='bbox 598 1793 719 1823; x_wconf 90' lang='lat' dir='ltr'><strong>dictum</strong></span> <span class='ocrx_word' id='word_1_152' title='bbox 751 1791 861 1824; x_wconf 83' lang='lat' dir='ltr'><strong>Pauli:</strong></span> <span class='ocrx_word' id='word_1_153' title='bbox 896 1792 1001 1824; x_wconf 82' lang='lat' dir='ltr'><strong>Milita</strong></span> <span class='ocrx_word' id='word_1_154' title='bbox 1035 1794 1156 1824; x_wconf 82' lang='lat' dir='ltr'><strong>bonam</strong></span> 
     </span>
     <span class='ocr_line' id='line_1_30' title="bbox 162 1834 1155 1873; baseline 0 -6"><span class='ocrx_word' id='word_1_155' title='bbox 162 1834 329 1873; x_wconf 88' lang='lat' dir='ltr'><strong>militiam,</strong></span> <span class='ocrx_word' id='word_1_156' title='bbox 367 1836 513 1866; x_wconf 77' lang='lat' dir='ltr'><strong>retinens</strong></span> <span class='ocrx_word' id='word_1_157' title='bbox 550 1835 645 1866; x_wconf 86' lang='lat' dir='ltr'><strong>fidem</strong></span> <span class='ocrx_word' id='word_1_158' title='bbox 680 1842 712 1866; x_wconf 84' lang='lat' dir='ltr'><strong>et</strong></span> <span class='ocrx_word' id='word_1_159' title='bbox 749 1837 868 1866; x_wconf 85' lang='lat' dir='ltr'><strong>bonam</strong></span> <span class='ocrx_word' id='word_1_160' title='bbox 905 1837 1155 1868; x_wconf 70' lang='lat' dir='ltr'><strong>conscientiam.</strong></span> 
     </span>
     <span class='ocr_line' id='line_1_31' title="bbox 162 1878 1156 1921; baseline 0.001 -11"><span class='ocrx_word' id='word_1_161' title='bbox 162 1879 247 1910; x_wconf 89' lang='lat' dir='ltr'><strong>Hine</strong></span> <span class='ocrx_word' id='word_1_162' title='bbox 272 1890 337 1910; x_wconf 91' lang='lat' dir='ltr'><strong>non</strong></span> <span class='ocrx_word' id='word_1_163' title='bbox 362 1880 523 1920; x_wconf 81' lang='lat' dir='ltr'><strong>sequitur,</strong></span> <span class='ocrx_word' id='word_1_164' title='bbox 547 1879 628 1921; x_wconf 84' lang='lat' dir='ltr'><strong>Legi</strong></span> <span class='ocrx_word' id='word_1_165' title='bbox 654 1878 810 1909; x_wconf 81' lang='lat' dir='ltr'><strong>satisfieri</strong></span> <span class='ocrx_word' id='word_1_166' title='bbox 832 1880 865 1910; x_wconf 92' lang='lat' dir='ltr'><strong>in</strong></span> <span class='ocrx_word' id='word_1_167' title='bbox 888 1878 952 1911; x_wconf 86' lang='lat' dir='ltr'><strong>hac</strong></span> <span class='ocrx_word' id='word_1_168' title='bbox 977 1881 1055 1918; x_wconf 66' lang='lat' dir='ltr'><strong>vita,</strong></span> <span class='ocrx_word' id='word_1_169' title='bbox 1079 1881 1156 1921; x_wconf 86' lang='lat' dir='ltr'><strong>quia</strong></span> 
     </span>
     <span class='ocr_line' id='line_1_32' title="bbox 163 1921 1155 1964; baseline 0.001 -11"><span class='ocrx_word' id='word_1_170' title='bbox 163 1933 231 1954; x_wconf 85' lang='lat' dir='ltr'><strong>vox</strong></span> <span class='ocrx_word' id='word_1_171' title='bbox 251 1921 424 1964; x_wconf 80' lang='lat' dir='ltr'><strong>Evangeli</strong></span> <span class='ocrx_word' id='word_1_172' title='bbox 454 1933 615 1964; x_wconf 77' lang='lat' dir='ltr'><strong>expresse</strong></span> <span class='ocrx_word' id='word_1_173' title='bbox 646 1923 739 1953; x_wconf 84' lang='lat' dir='ltr'><strong>dicit:</strong></span> <span class='ocrx_word' id='word_1_174' title='bbox 782 1922 912 1953; x_wconf 87' lang='lat' dir='ltr'><strong>Sensus</strong></span> <span class='ocrx_word' id='word_1_175' title='bbox 945 1925 1055 1954; x_wconf 84' lang='lat' dir='ltr'><strong>carnis</strong></span> <span class='ocrx_word' id='word_1_176' title='bbox 1087 1934 1155 1954; x_wconf 89' lang='lat' dir='ltr'><strong>non</strong></span> 
     </span>
     <span class='ocr_line' id='line_1_33' title="bbox 164 1966 1155 2008; baseline 0.002 -12"><span class='ocrx_word' id='word_1_177' title='bbox 164 1972 216 1997; x_wconf 91' lang='lat' dir='ltr'><strong>est</strong></span> <span class='ocrx_word' id='word_1_178' title='bbox 239 1966 391 1997; x_wconf 87' lang='lat' dir='ltr'><strong>subditus</strong></span> <span class='ocrx_word' id='word_1_179' title='bbox 414 1966 508 2008; x_wconf 79' lang='lat' dir='ltr'><strong>Legi,</strong></span> <span class='ocrx_word' id='word_1_180' title='bbox 533 1977 572 1997; x_wconf 88' lang='lat' dir='ltr'><strong>ac</strong></span> <span class='ocrx_word' id='word_1_181' title='bbox 596 1976 637 1997; x_wconf 94' lang='lat' dir='ltr'><strong>ne</strong></span> <span class='ocrx_word' id='word_1_182' title='bbox 661 1972 772 2006; x_wconf 87' lang='lat' dir='ltr'><strong>potest</strong></span> <span class='ocrx_word' id='word_1_183' title='bbox 797 1966 927 2007; x_wconf 89' lang='lat' dir='ltr'><strong>quidem</strong></span> <span class='ocrx_word' id='word_1_184' title='bbox 952 1967 1061 1998; x_wconf 83' lang='lat' dir='ltr'><strong>subdi.</strong></span> <span class='ocrx_word' id='word_1_185' title='bbox 1104 1967 1155 1998; x_wconf 85' lang='lat' dir='ltr'><strong>Ae</strong></span> 
     </span>
     <span class='ocr_line' id='line_1_34' title="bbox 164 2009 1156 2050; baseline 0.002 -11"><span class='ocrx_word' id='word_1_186' title='bbox 164 2019 230 2040; x_wconf 92' lang='lat' dir='ltr'><strong>non</strong></span> <span class='ocrx_word' id='word_1_187' title='bbox 256 2010 416 2050; x_wconf 82' lang='lat' dir='ltr'><strong>sequitur.</strong></span> <span class='ocrx_word' id='word_1_188' title='bbox 439 2009 535 2040; x_wconf 83' lang='lat' dir='ltr'><strong>Bona</strong></span> <span class='ocrx_word' id='word_1_189' title='bbox 554 2020 657 2050; x_wconf 74' lang='lat' dir='ltr'><strong>opera</strong></span> <span class='ocrx_word' id='word_1_190' title='bbox 680 2020 757 2040; x_wconf 79' lang='grc'>8558</span> <span class='ocrx_word' id='word_1_191' title='bbox 776 2010 926 2040; x_wconf 85' lang='lat' dir='ltr'><strong>meritum</strong></span> <span class='ocrx_word' id='word_1_192' title='bbox 947 2011 1033 2041; x_wconf 79' lang='lat' dir='ltr'><strong>vitae</strong></span> <span class='ocrx_word' id='word_1_193' title='bbox 1053 2017 1156 2041; x_wconf 85' lang='lat' dir='ltr'><strong>aeter—</strong></span> 
     </span>
     <span class='ocr_line' id='line_1_35' title="bbox 163 2052 1156 2095; baseline 0.001 -12"><span class='ocrx_word' id='word_1_194' title='bbox 163 2062 244 2090; x_wconf 89' lang='lat' dir='ltr'><strong>nae,</strong></span> <span class='ocrx_word' id='word_1_195' title='bbox 275 2054 351 2094; x_wconf 87' lang='lat' dir='ltr'><strong>quia</strong></span> <span class='ocrx_word' id='word_1_196' title='bbox 383 2052 466 2083; x_wconf 86' lang='lat' dir='ltr'><strong>fides</strong></span> <span class='ocrx_word' id='word_1_197' title='bbox 496 2052 697 2094; x_wconf 76' lang='lat' dir='ltr'><strong>praelucens</strong></span> <span class='ocrx_word' id='word_1_198' title='bbox 727 2054 831 2095; x_wconf 84' lang='lat' dir='ltr'><strong>gratis</strong></span> <span class='ocrx_word' id='word_1_199' title='bbox 865 2054 983 2094; x_wconf 81' lang='lat' dir='ltr'><strong>accipit</strong></span> <span class='ocrx_word' id='word_1_200' title='bbox 1020 2060 1156 2095; x_wconf 87' lang='lat' dir='ltr'><strong>propter</strong></span> 
     </span>
     <span class='ocr_line' id='line_1_36' title="bbox 164 2095 1154 2138; baseline 0.002 -12"><span class='ocrx_word' id='word_1_201' title='bbox 164 2095 384 2127; x_wconf 64' lang='lat' dir='ltr'><strong>Mediator-em</strong></span> <span class='ocrx_word' id='word_1_202' title='bbox 403 2097 633 2127; x_wconf 69' lang='lat' dir='ltr'><strong>remissionem</strong></span> <span class='ocrx_word' id='word_1_203' title='bbox 656 2103 889 2138; x_wconf 85' lang='lat' dir='ltr'><strong>peccatorum,</strong></span> <span class='ocrx_word' id='word_1_204' title='bbox 914 2103 946 2128; x_wconf 87' lang='lat' dir='ltr'><strong>et.</strong></span> <span class='ocrx_word' id='word_1_205' title='bbox 968 2096 1154 2128; x_wconf 87' lang='lat' dir='ltr'><strong>haeredita-</strong></span> 
     </span>
     <span class='ocr_line' id='line_1_37' title="bbox 165 2140 551 2171; baseline 0 -1"><span class='ocrx_word' id='word_1_206' title='bbox 165 2145 231 2170; x_wconf 88' lang='lat' dir='ltr'><strong>tem</strong></span> <span class='ocrx_word' id='word_1_207' title='bbox 264 2140 352 2170; x_wconf 82' lang='lat' dir='ltr'><strong>vitae</strong></span> <span class='ocrx_word' id='word_1_208' title='bbox 383 2146 551 2171; x_wconf 86' lang='lat' dir='ltr'><strong>aeternae.</strong></span> 
     </span>
    </p>
   </div>
   <div class='ocr_carea' id='block_1_9' title="bbox 436 2305 882 2361">
    <p class='ocr_par' dir='ltr' id='par_1_10' title="bbox 436 2305 882 2361">
     <span class='ocr_line' id='line_1_38' title="bbox 436 2305 882 2361; baseline 0.004 -16"><span class='ocrx_word' id='word_1_209' title='bbox 436 2305 532 2346; x_wconf 84' lang='lat' dir='ltr'><strong>XV.</strong></span> <span class='ocrx_word' id='word_1_210' title='bbox 565 2306 882 2361; x_wconf 80' lang='lat' dir='ltr'><strong>Argumentum.</strong></span> 
     </span>
    </p>
   </div>
   <div class='ocr_carea' id='block_1_10' title="bbox 226 2416 1015 2532">
    <p class='ocr_par' dir='ltr' id='par_1_11' title="bbox 226 2416 1015 2532">
     <span class='ocr_line' id='line_1_39' title="bbox 228 2416 1015 2472; baseline 0.003 -15"><span class='ocrx_word' id='word_1_211' title='bbox 228 2416 309 2468; x_wconf 81' lang='lat' dir='ltr'><strong>Qui</strong></span> <span class='ocrx_word' id='word_1_212' title='bbox 342 2432 424 2457; x_wconf 90' lang='lat' dir='ltr'><strong>non</strong></span> <span class='ocrx_word' id='word_1_213' title='bbox 457 2417 595 2472; x_wconf 88' lang='lat' dir='ltr'><strong>diligit,</strong></span> <span class='ocrx_word' id='word_1_214' title='bbox 629 2425 769 2459; x_wconf 87' lang='lat' dir='ltr'><strong>manet</strong></span> <span class='ocrx_word' id='word_1_215' title='bbox 800 2419 842 2459; x_wconf 86' lang='lat' dir='ltr'><strong>in</strong></span> <span class='ocrx_word' id='word_1_216' title='bbox 872 2425 1015 2459; x_wconf 90' lang='lat' dir='ltr'><strong>morte.</strong></span> 
     </span>
     <span class='ocr_line' id='line_1_40' title="bbox 226 2478 1001 2532; baseline 0.003 -14"><span class='ocrx_word' id='word_1_217' title='bbox 226 2478 334 2532; x_wconf 86' lang='lat' dir='ltr'><strong>Ergo</strong></span> <span class='ocrx_word' id='word_1_218' title='bbox 366 2493 449 2519; x_wconf 88' lang='grc'>11011</span> <span class='ocrx_word' id='word_1_219' title='bbox 481 2479 564 2518; x_wconf 87' lang='lat' dir='ltr'><strong>sola</strong></span> <span class='ocrx_word' id='word_1_220' title='bbox 595 2478 695 2519; x_wconf 86' lang='lat' dir='ltr'><strong>Fide</strong></span> <span class='ocrx_word' id='word_1_221' title='bbox 727 2494 866 2520; x_wconf 83' lang='lat' dir='ltr'><strong>sumus</strong></span> <span class='ocrx_word' id='word_1_222' title='bbox 898 2480 1001 2520; x_wconf 84' lang='lat' dir='ltr'><strong>iusti.</strong></span> 
     </span>
    </p>
   </div>
   <div class='ocr_carea' id='block_1_11' title="bbox 253 2578 1154 2622">
    <p class='ocr_par' dir='ltr' id='par_1_12' title="bbox 253 2578 1154 2622">
     <span class='ocr_line' id='line_1_41' title="bbox 253 2578 1154 2622; baseline 0.001 -12"><span class='ocrx_word' id='word_1_223' title='bbox 253 2578 468 2620; x_wconf 86' lang='lat' dir='ltr'><strong>Respondeo.</strong></span> <span class='ocrx_word' id='word_1_224' title='bbox 502 2578 599 2621; x_wconf 84' lang='lat' dir='ltr'><strong>Nego</strong></span> <span class='ocrx_word' id='word_1_225' title='bbox 617 2581 901 2622; x_wconf 88' lang='lat' dir='ltr'><strong>consequentiam,</strong></span> <span class='ocrx_word' id='word_1_226' title='bbox 925 2580 1003 2622; x_wconf 87' lang='lat' dir='ltr'><strong>quia</strong></span> <span class='ocrx_word' id='word_1_227' title='bbox 1019 2585 1071 2611; x_wconf 86' lang='lat' dir='ltr'><strong>est</strong></span> <span class='ocrx_word' id='word_1_228' title='bbox 1094 2578 1154 2611; x_wconf 89' lang='lat' dir='ltr'><strong>fal-</strong></span> 
     </span>
    </p>
   </div>
   <div class='ocr_carea' id='block_1_12' title="bbox 158 2620 1155 2685">
    <p class='ocr_par' dir='ltr' id='par_1_13' title="bbox 158 2620 1155 2685">
     <span class='ocr_line' id='line_1_42' title="bbox 165 2620 1155 2661; baseline 0.003 -8"><span class='ocrx_word' id='word_1_229' title='bbox 165 2620 254 2654; x_wconf 79' lang='lat' dir='ltr'><strong>lacia</strong></span> <span class='ocrx_word' id='word_1_230' title='bbox 276 2632 298 2654; x_wconf 88' lang='lat' dir='ltr'><strong>a</strong></span> <span class='ocrx_word' id='word_1_231' title='bbox 321 2632 389 2654; x_wconf 91' lang='lat' dir='ltr'><strong>non</strong></span> <span class='ocrx_word' id='word_1_232' title='bbox 403 2632 518 2661; x_wconf 86' lang='lat' dir='ltr'><strong>eausa,</strong></span> <span class='ocrx_word' id='word_1_233' title='bbox 542 2628 578 2653; x_wconf 91' lang='lat' dir='ltr'><strong>ut</strong></span> <span class='ocrx_word' id='word_1_234' title='bbox 603 2633 717 2655; x_wconf 85' lang='lat' dir='ltr'><strong>causa.</strong></span> <span class='ocrx_word' id='word_1_235' title='bbox 736 2623 811 2655; x_wconf 82' lang='lat' dir='ltr'><strong>Etsi</strong></span> <span class='ocrx_word' id='word_1_236' title='bbox 833 2624 920 2656; x_wconf 86' lang='lat' dir='ltr'><strong>enim</strong></span> <span class='ocrx_word' id='word_1_237' title='bbox 945 2624 1155 2656; x_wconf 81' lang='lat' dir='ltr'><strong>verissimum</strong></span> 
     </span>
     <span class='ocr_line' id='line_1_43' title="bbox 158 2668 171 2685; baseline 0 0"><span class='ocrx_word' id='word_1_238' title='bbox 158 2668 171 2685; x_wconf 73' lang='grc'><strong><em>1</em></strong></span> 
     </span>
    </p>
   </div>
   <div class='ocr_carea' id='block_1_13' title="bbox 925 136 1520 171">
    <p class='ocr_par' dir='ltr' id='par_1_14' title="bbox 925 136 1520 171">
     <span class='ocr_line' id='line_1_44' title="bbox 925 136 1520 171; baseline -0.003 0"><span class='ocrx_word' id='word_1_239' title='bbox 925 137 1116 171; x_wconf 81' lang='lat' dir='ltr'><strong>EXAMEN</strong></span> <span class='ocrx_word' id='word_1_240' title='bbox 1140 136 1520 170; x_wconf 85' lang='lat' dir='ltr'><strong>ORDINANDORUM.</strong></span> 
     </span>
    </p>
   </div>
   <div class='ocr_carea' id='block_1_14' title="bbox 2157 138 2200 171">
    <p class='ocr_par' dir='ltr' id='par_1_15' title="bbox 2157 138 2200 171">
     <span class='ocr_line' id='line_1_45' title="bbox 2157 138 2200 171; baseline -0.023 0"><span class='ocrx_word' id='word_1_241' title='bbox 2157 138 2200 171; x_wconf 88' lang='grc'><strong>30</strong></span> 
     </span>
    </p>
   </div>
   <div class='ocr_carea' id='block_1_15' title="bbox 1205 231 2201 829">
    <p class='ocr_par' dir='ltr' id='par_1_16' title="bbox 1205 231 2201 829">
     <span class='ocr_line' id='line_1_46' title="bbox 1206 231 2200 271; baseline 0 -7"><span class='ocrx_word' id='word_1_242' title='bbox 1206 239 1278 271; x_wconf 83' lang='lat' dir='ltr'><strong>est,</strong></span> <span class='ocrx_word' id='word_1_243' title='bbox 1309 232 1521 264; x_wconf 89' lang='lat' dir='ltr'><strong>dilectionem</strong></span> <span class='ocrx_word' id='word_1_244' title='bbox 1551 243 1629 264; x_wconf 83' lang='lat' dir='ltr'><strong>esse</strong></span> <span class='ocrx_word' id='word_1_245' title='bbox 1658 233 1691 263; x_wconf 94' lang='lat' dir='ltr'><strong>in</strong></span> <span class='ocrx_word' id='word_1_246' title='bbox 1717 242 1900 269; x_wconf 76' lang='lat' dir='ltr'><strong>converso,</strong></span> <span class='ocrx_word' id='word_1_247' title='bbox 1930 238 2040 264; x_wconf 88' lang='lat' dir='ltr'><strong>tamen</strong></span> <span class='ocrx_word' id='word_1_248' title='bbox 2066 231 2200 265; x_wconf 89' lang='lat' dir='ltr'><strong>dileetio</strong></span> 
     </span>
     <span class='ocr_line' id='line_1_47' title="bbox 1205 277 2200 317; baseline -0.001 -9"><span class='ocrx_word' id='word_1_249' title='bbox 1205 287 1272 308; x_wconf 91' lang='lat' dir='ltr'><strong>non</strong></span> <span class='ocrx_word' id='word_1_250' title='bbox 1297 284 1347 307; x_wconf 88' lang='lat' dir='ltr'><strong>est</strong></span> <span class='ocrx_word' id='word_1_251' title='bbox 1373 287 1474 307; x_wconf 82' lang='lat' dir='ltr'><strong>causa</strong></span> <span class='ocrx_word' id='word_1_252' title='bbox 1498 287 1557 307; x_wconf 89' lang='grc'>5811</span> <span class='ocrx_word' id='word_1_253' title='bbox 1578 277 1728 307; x_wconf 87' lang='lat' dir='ltr'><strong>meritum</strong></span> <span class='ocrx_word' id='word_1_254' title='bbox 1748 277 1953 307; x_wconf 72' lang='lat' dir='ltr'><strong>remissionis</strong></span> <span class='ocrx_word' id='word_1_255' title='bbox 1974 283 2200 317; x_wconf 84' lang='lat' dir='ltr'><strong>peccatorum,</strong></span> 
     </span>
     <span class='ocr_line' id='line_1_48' title="bbox 1206 318 2200 357; baseline -0.001 -6"><span class='ocrx_word' id='word_1_256' title='bbox 1206 330 1266 351; x_wconf 84' lang='grc'>5811</span> <span class='ocrx_word' id='word_1_257' title='bbox 1290 319 1545 357; x_wconf 76' lang='lat' dir='ltr'><strong>iustificationis,</strong></span> <span class='ocrx_word' id='word_1_258' title='bbox 1569 329 1629 350; x_wconf 84' lang='lat' dir='ltr'><strong>seu</strong></span> <span class='ocrx_word' id='word_1_259' title='bbox 1652 318 1949 351; x_wconf 69' lang='lat' dir='ltr'><strong>reconciliztionis.</strong></span> <span class='ocrx_word' id='word_1_260' title='bbox 1986 319 2040 357; x_wconf 83' lang='lat' dir='ltr'><strong>Ut,</strong></span> <span class='ocrx_word' id='word_1_261' title='bbox 2065 321 2200 351; x_wconf 75' lang='lat' dir='ltr'><strong>verissi-</strong></span> 
     </span>
     <span class='ocr_line' id='line_1_49' title="bbox 1206 362 2200 401; baseline 0 -7"><span class='ocrx_word' id='word_1_262' title='bbox 1206 374 1294 394; x_wconf 89' lang='lat' dir='ltr'><strong>mum</strong></span> <span class='ocrx_word' id='word_1_263' title='bbox 1319 369 1383 401; x_wconf 86' lang='lat' dir='ltr'><strong>est,</strong></span> <span class='ocrx_word' id='word_1_264' title='bbox 1408 362 1471 398; x_wconf 90' lang='lat' dir='ltr'><strong>Qui</strong></span> <span class='ocrx_word' id='word_1_265' title='bbox 1496 373 1561 393; x_wconf 92' lang='lat' dir='ltr'><strong>non</strong></span> <span class='ocrx_word' id='word_1_266' title='bbox 1586 369 1751 400; x_wconf 79' lang='lat' dir='ltr'><strong>movetur,</strong></span> <span class='ocrx_word' id='word_1_267' title='bbox 1776 374 1842 394; x_wconf 91' lang='lat' dir='ltr'><strong>non</strong></span> <span class='ocrx_word' id='word_1_268' title='bbox 1867 362 1966 401; x_wconf 86' lang='lat' dir='ltr'><strong>vivit,</strong></span> <span class='ocrx_word' id='word_1_269' title='bbox 1996 373 2060 393; x_wconf 91' lang='grc'>1188</span> <span class='ocrx_word' id='word_1_270' title='bbox 2091 369 2200 394; x_wconf 89' lang='lat' dir='ltr'><strong>tamen</strong></span> 
     </span>
     <span class='ocr_line' id='line_1_50' title="bbox 1207 407 2201 448; baseline 0 -11"><span class='ocrx_word' id='word_1_271' title='bbox 1207 407 1376 448; x_wconf 87' lang='lat' dir='ltr'><strong>sequitur,</strong></span> <span class='ocrx_word' id='word_1_272' title='bbox 1409 413 1532 436; x_wconf 87' lang='lat' dir='ltr'><strong>motum</strong></span> <span class='ocrx_word' id='word_1_273' title='bbox 1558 417 1692 437; x_wconf 81' lang='lat' dir='ltr'><strong>causam</strong></span> <span class='ocrx_word' id='word_1_274' title='bbox 1717 416 1794 436; x_wconf 81' lang='lat' dir='ltr'><strong>esse</strong></span> <span class='ocrx_word' id='word_1_275' title='bbox 1825 407 1930 443; x_wconf 69' lang='lat' dir='ltr'><strong>vitae,</strong></span> <span class='ocrx_word' id='word_1_276' title='bbox 1967 407 2027 436; x_wconf 88' lang='lat' dir='ltr'><strong>sed</strong></span> <span class='ocrx_word' id='word_1_277' title='bbox 2058 407 2126 437; x_wconf 84' lang='lat' dir='ltr'><strong>vita</strong></span> <span class='ocrx_word' id='word_1_278' title='bbox 2150 412 2201 437; x_wconf 82' lang='lat' dir='ltr'><strong>est</strong></span> 
     </span>
     <span class='ocr_line' id='line_1_51' title="bbox 1206 449 2201 491; baseline 0 -11"><span class='ocrx_word' id='word_1_279' title='bbox 1206 450 1399 480; x_wconf 88' lang='lat' dir='ltr'><strong>immediata</strong></span> <span class='ocrx_word' id='word_1_280' title='bbox 1431 460 1535 480; x_wconf 85' lang='lat' dir='ltr'><strong>causa</strong></span> <span class='ocrx_word' id='word_1_281' title='bbox 1566 456 1694 480; x_wconf 81' lang='lat' dir='ltr'><strong>motus:</strong></span> <span class='ocrx_word' id='word_1_282' title='bbox 1726 450 1773 480; x_wconf 79' lang='lat' dir='ltr'><strong>lta</strong></span> <span class='ocrx_word' id='word_1_283' title='bbox 1805 449 1887 480; x_wconf 89' lang='lat' dir='ltr'><strong>fides</strong></span> <span class='ocrx_word' id='word_1_284' title='bbox 1919 459 2111 491; x_wconf 81' lang='lat' dir='ltr'><strong>agnoscens</strong></span> <span class='ocrx_word' id='word_1_285' title='bbox 2143 451 2201 480; x_wconf 89' lang='lat' dir='ltr'><strong>mi-</strong></span> 
     </span>
     <span class='ocr_line' id='line_1_52' title="bbox 1207 492 2201 533; baseline 0 -10"><span class='ocrx_word' id='word_1_286' title='bbox 1207 493 1427 524; x_wconf 85' lang='lat' dir='ltr'><strong>sericordiam</strong></span> <span class='ocrx_word' id='word_1_287' title='bbox 1463 492 1525 523; x_wconf 90' lang='lat' dir='ltr'><strong>Dei</strong></span> <span class='ocrx_word' id='word_1_288' title='bbox 1562 494 1767 533; x_wconf 82' lang='lat' dir='ltr'><strong>propositam</strong></span> <span class='ocrx_word' id='word_1_289' title='bbox 1797 499 1935 533; x_wconf 73' lang='lat' dir='ltr'><strong>propter</strong></span> <span class='ocrx_word' id='word_1_290' title='bbox 1969 492 2201 531; x_wconf 84' lang='lat' dir='ltr'><strong>Mediatorem,</strong></span> 
     </span>
     <span class='ocr_line' id='line_1_53' title="bbox 1207 535 2201 578; baseline 0 -12"><span class='ocrx_word' id='word_1_291' title='bbox 1207 537 1354 567; x_wconf 77' lang='lat' dir='ltr'><strong>ostendit</strong></span> <span class='ocrx_word' id='word_1_292' title='bbox 1379 536 1559 567; x_wconf 81' lang='lat' dir='ltr'><strong>bonitatem</strong></span> <span class='ocrx_word' id='word_1_293' title='bbox 1578 535 1655 574; x_wconf 83' lang='lat' dir='ltr'><strong>Dei,</strong></span> <span class='ocrx_word' id='word_1_294' title='bbox 1681 547 1745 577; x_wconf 88' lang='lat' dir='ltr'><strong>qua</strong></span> <span class='ocrx_word' id='word_1_295' title='bbox 1770 537 1913 578; x_wconf 78' lang='lat' dir='ltr'><strong>cognita,</strong></span> <span class='ocrx_word' id='word_1_296' title='bbox 1938 537 2132 567; x_wconf 84' lang='lat' dir='ltr'><strong>accenditur</strong></span> <span class='ocrx_word' id='word_1_297' title='bbox 2156 537 2201 566; x_wconf 92' lang='lat' dir='ltr'><strong>di-</strong></span> 
     </span>
     <span class='ocr_line' id='line_1_54' title="bbox 1206 578 2199 620; baseline 0 -10"><span class='ocrx_word' id='word_1_298' title='bbox 1206 578 1305 610; x_wconf 90' lang='lat' dir='ltr'><strong>lectio</strong></span> <span class='ocrx_word' id='word_1_299' title='bbox 1330 579 1406 617; x_wconf 82' lang='lat' dir='ltr'><strong>Det,</strong></span> <span class='ocrx_word' id='word_1_300' title='bbox 1431 586 1462 610; x_wconf 89' lang='lat' dir='ltr'><strong>et</strong></span> <span class='ocrx_word' id='word_1_301' title='bbox 1487 590 1546 610; x_wconf 86' lang='lat' dir='ltr'><strong>cor</strong></span> <span class='ocrx_word' id='word_1_302' title='bbox 1566 580 1696 610; x_wconf 69' lang='lat' dir='ltr'><strong>subiicit</strong></span> <span class='ocrx_word' id='word_1_303' title='bbox 1717 590 1755 609; x_wconf 86' lang='lat' dir='ltr'><strong>se</strong></span> <span class='ocrx_word' id='word_1_304' title='bbox 1779 579 1863 609; x_wconf 75' lang='lat' dir='ltr'><strong>Deo.</strong></span> <span class='ocrx_word' id='word_1_305' title='bbox 1911 579 2002 610; x_wconf 82' lang='lat' dir='ltr'><strong>Haec</strong></span> <span class='ocrx_word' id='word_1_306' title='bbox 2022 580 2199 620; x_wconf 78' lang='lat' dir='ltr'><strong>responsio</strong></span> 
     </span>
     <span class='ocr_line' id='line_1_55' title="bbox 1207 622 2200 664; baseline 0 -11"><span class='ocrx_word' id='word_1_307' title='bbox 1207 624 1247 654; x_wconf 90' lang='lat' dir='ltr'><strong>ad</strong></span> <span class='ocrx_word' id='word_1_308' title='bbox 1274 622 1393 653; x_wconf 81' lang='lat' dir='ltr'><strong>similia</strong></span> <span class='ocrx_word' id='word_1_309' title='bbox 1417 623 1506 653; x_wconf 75' lang='lat' dir='ltr'><strong>dicta</strong></span> <span class='ocrx_word' id='word_1_310' title='bbox 1530 625 1696 664; x_wconf 83' lang='lat' dir='ltr'><strong>congruit.</strong></span> <span class='ocrx_word' id='word_1_311' title='bbox 1729 622 1763 653; x_wconf 83' lang='lat' dir='ltr'><strong>St</strong></span> <span class='ocrx_word' id='word_1_312' title='bbox 1782 624 1909 653; x_wconf 69' lang='lat' dir='ltr'><strong>omnem</strong></span> <span class='ocrx_word' id='word_1_313' title='bbox 1929 622 2026 653; x_wconf 62' lang='lat' dir='ltr'><strong>‘idem</strong></span> <span class='ocrx_word' id='word_1_314' title='bbox 2047 622 2200 660; x_wconf 77' lang='lat' dir='ltr'><strong>habeam,</strong></span> 
     </span>
     <span class='ocr_line' id='line_1_56' title="bbox 1207 664 2200 703; baseline -0.001 -6"><span class='ocrx_word' id='word_1_315' title='bbox 1207 666 1419 698; x_wconf 88' lang='lat' dir='ltr'><strong>dilectionem</strong></span> <span class='ocrx_word' id='word_1_316' title='bbox 1439 672 1549 697; x_wconf 88' lang='lat' dir='ltr'><strong>autem</strong></span> <span class='ocrx_word' id='word_1_317' title='bbox 1568 677 1634 697; x_wconf 86' lang='lat' dir='ltr'><strong>non</strong></span> <span class='ocrx_word' id='word_1_318' title='bbox 1654 667 1805 703; x_wconf 87' lang='lat' dir='ltr'><strong>habeam,</strong></span> <span class='ocrx_word' id='word_1_319' title='bbox 1830 664 1907 696; x_wconf 85' lang='lat' dir='ltr'><strong>nihil</strong></span> <span class='ocrx_word' id='word_1_320' title='bbox 1921 676 2003 696; x_wconf 89' lang='lat' dir='ltr'><strong>sum.</strong></span> <span class='ocrx_word' id='word_1_321' title='bbox 2040 665 2200 697; x_wconf 79' lang='lat' dir='ltr'><strong>Com-edo</strong></span> 
     </span>
     <span class='ocr_line' id='line_1_57' title="bbox 1206 708 2201 750; baseline -0.001 -10"><span class='ocrx_word' id='word_1_322' title='bbox 1206 716 1320 741; x_wconf 86' lang='lat' dir='ltr'><strong>totum.</strong></span> <span class='ocrx_word' id='word_1_323' title='bbox 1368 710 1452 744; x_wconf 79' lang='lat' dir='ltr'><strong>Quia</strong></span> <span class='ocrx_word' id='word_1_324' title='bbox 1487 720 1601 740; x_wconf 76' lang='lat' dir='ltr'><strong>verum</strong></span> <span class='ocrx_word' id='word_1_325' title='bbox 1638 716 1706 746; x_wconf 86' lang='lat' dir='ltr'><strong>est,</strong></span> <span class='ocrx_word' id='word_1_326' title='bbox 1739 716 1894 750; x_wconf 85' lang='lat' dir='ltr'><strong>oportere</strong></span> <span class='ocrx_word' id='word_1_327' title='bbox 1923 709 1954 739; x_wconf 90' lang='lat' dir='ltr'><strong>in</strong></span> <span class='ocrx_word' id='word_1_328' title='bbox 1985 708 2201 739; x_wconf 85' lang='lat' dir='ltr'><strong>reconciliato</strong></span> 
     </span>
     <span class='ocr_line' id='line_1_58' title="bbox 1207 751 2201 794; baseline -0.001 -10"><span class='ocrx_word' id='word_1_329' title='bbox 1207 754 1304 784; x_wconf 83' lang='lat' dir='ltr'><strong>tidem</strong></span> <span class='ocrx_word' id='word_1_330' title='bbox 1318 760 1349 784; x_wconf 89' lang='lat' dir='ltr'><strong>et</strong></span> <span class='ocrx_word' id='word_1_331' title='bbox 1363 752 1573 784; x_wconf 87' lang='lat' dir='ltr'><strong>dilectionem</strong></span> <span class='ocrx_word' id='word_1_332' title='bbox 1591 763 1680 790; x_wconf 68' lang='lat' dir='ltr'><strong>esse,</strong></span> <span class='ocrx_word' id='word_1_333' title='bbox 1705 754 1764 783; x_wconf 81' lang='lat' dir='ltr'><strong>sed</strong></span> <span class='ocrx_word' id='word_1_334' title='bbox 1786 763 1851 783; x_wconf 88' lang='lat' dir='ltr'><strong>non</strong></span> <span class='ocrx_word' id='word_1_335' title='bbox 1870 754 2028 794; x_wconf 83' lang='lat' dir='ltr'><strong>sequitur,</strong></span> <span class='ocrx_word' id='word_1_336' title='bbox 2054 751 2201 783; x_wconf 83' lang='lat' dir='ltr'><strong>dilectio-</strong></span> 
     </span>
     <span class='ocr_line' id='line_1_59' title="bbox 1206 795 2112 829; baseline -0.002 -1"><span class='ocrx_word' id='word_1_337' title='bbox 1206 807 1281 829; x_wconf 89' lang='lat' dir='ltr'><strong>nem</strong></span> <span class='ocrx_word' id='word_1_338' title='bbox 1301 807 1377 828; x_wconf 80' lang='lat' dir='ltr'><strong>esse</strong></span> <span class='ocrx_word' id='word_1_339' title='bbox 1403 807 1538 827; x_wconf 81' lang='lat' dir='ltr'><strong>causam</strong></span> <span class='ocrx_word' id='word_1_340' title='bbox 1562 806 1623 828; x_wconf 89' lang='lat' dir='ltr'><strong>seu</strong></span> <span class='ocrx_word' id='word_1_341' title='bbox 1647 797 1796 828; x_wconf 87' lang='lat' dir='ltr'><strong>meritum</strong></span> <span class='ocrx_word' id='word_1_342' title='bbox 1820 795 2112 827; x_wconf 82' lang='lat' dir='ltr'><strong>reconciliationis.</strong></span> 
     </span>
    </p>
   </div>
   <div class='ocr_carea' id='block_1_16' title="bbox 1177 688 1182 825">
    <p class='ocr_par' dir='ltr' id='par_1_17' title="bbox 1177 688 1182 825">
     <span class='ocr_line' id='line_1_60' title="bbox 1177 688 1182 825; baseline 0 2165"><span class='ocrx_word' id='word_1_343' title='bbox 1177 688 1182 825; x_wconf 95' lang='lat' dir='ltr'><strong> </strong></span> 
     </span>
    </p>
   </div>
   <div class='ocr_carea' id='block_1_17' title="bbox 1478 920 1946 975">
    <p class='ocr_par' dir='ltr' id='par_1_18' title="bbox 1478 920 1946 975">
     <span class='ocr_line' id='line_1_61' title="bbox 1478 920 1946 975; baseline -0.002 -15"><span class='ocrx_word' id='word_1_344' title='bbox 1478 920 1594 961; x_wconf 85' lang='lat' dir='ltr'><strong>XVI.</strong></span> <span class='ocrx_word' id='word_1_345' title='bbox 1628 920 1946 975; x_wconf 78' lang='lat' dir='ltr'><strong>Argumentum.</strong></span> 
     </span>
    </p>
   </div>
   <div class='ocr_carea' id='block_1_18' title="bbox 1267 1015 2139 1252">
    <p class='ocr_par' dir='ltr' id='par_1_19' title="bbox 1268 1015 2139 1190">
     <span class='ocr_line' id='line_1_62' title="bbox 1268 1015 1942 1064; baseline -0.003 -8"><span class='ocrx_word' id='word_1_346' title='bbox 1268 1016 1477 1056; x_wconf 81' lang='lat' dir='ltr'><strong>Naturalia</strong></span> <span class='ocrx_word' id='word_1_347' title='bbox 1512 1022 1607 1055; x_wconf 85' lang='lat' dir='ltr'><strong>sunt</strong></span> <span class='ocrx_word' id='word_1_348' title='bbox 1638 1015 1942 1064; x_wconf 82' lang='lat' dir='ltr'><strong>immutabilia‚.</strong></span> 
     </span>
     <span class='ocr_line' id='line_1_63' title="bbox 1268 1076 2139 1117; baseline -0.003 0"><span class='ocrx_word' id='word_1_349' title='bbox 1268 1077 1482 1117; x_wconf 84' lang='lat' dir='ltr'><strong>Dubitatio</strong></span> <span class='ocrx_word' id='word_1_350' title='bbox 1517 1077 1568 1116; x_wconf 90' lang='lat' dir='ltr'><strong>de</strong></span> <span class='ocrx_word' id='word_1_351' title='bbox 1589 1076 1912 1115; x_wconf 76' lang='lat' dir='ltr'><strong>reconciliatione</strong></span> <span class='ocrx_word' id='word_1_352' title='bbox 1935 1082 1997 1114; x_wconf 84' lang='lat' dir='ltr'><strong>est</strong></span> <span class='ocrx_word' id='word_1_353' title='bbox 2019 1081 2139 1114; x_wconf 84' lang='lat' dir='ltr'><strong>natu-</strong></span> 
     </span>
     <span class='ocr_line' id='line_1_64' title="bbox 1329 1136 2093 1190; baseline -0.003 -13"><span class='ocrx_word' id='word_1_354' title='bbox 1329 1138 1429 1187; x_wconf 78' lang='lat' dir='ltr'><strong>ralis,</strong></span> <span class='ocrx_word' id='word_1_355' title='bbox 1462 1144 1509 1177; x_wconf 85' lang='lat' dir='ltr'><strong>ut</strong></span> <span class='ocrx_word' id='word_1_356' title='bbox 1540 1152 1647 1176; x_wconf 88' lang='lat' dir='ltr'><strong>nune</strong></span> <span class='ocrx_word' id='word_1_357' title='bbox 1681 1136 1849 1190; x_wconf 79' lang='lat' dir='ltr'><strong>quidem</strong></span> <span class='ocrx_word' id='word_1_358' title='bbox 1882 1136 2093 1175; x_wconf 84' lang='lat' dir='ltr'><strong>nascimur.</strong></span> 
     </span>
    </p>

    <p class='ocr_par' dir='ltr' id='par_1_20' title="bbox 1267 1197 1770 1252">
     <span class='ocr_line' id='line_1_65' title="bbox 1267 1197 1770 1252; baseline -0.002 -15"><span class='ocrx_word' id='word_1_359' title='bbox 1267 1197 1375 1252; x_wconf 88' lang='lat' dir='ltr'><strong>Ergo</strong></span> <span class='ocrx_word' id='word_1_360' title='bbox 1406 1204 1468 1237; x_wconf 85' lang='lat' dir='ltr'><strong>est</strong></span> <span class='ocrx_word' id='word_1_361' title='bbox 1497 1197 1770 1237; x_wconf 80' lang='lat' dir='ltr'><strong>immutabilis.</strong></span> 
     </span>
    </p>
   </div>
   <div class='ocr_carea' id='block_1_19' title="bbox 1181 1285 2213 1852">
    <p class='ocr_par' dir='ltr' id='par_1_21' title="bbox 1208 1285 2213 1676">
     <span class='ocr_line' id='line_1_66' title="bbox 1294 1285 2213 1330; baseline -0.001 -11"><span class='ocrx_word' id='word_1_362' title='bbox 1294 1289 1508 1330; x_wconf 82' lang='lat' dir='ltr'><strong>Respondeo.</strong></span> <span class='ocrx_word' id='word_1_363' title='bbox 1546 1288 1704 1320; x_wconf 82' lang='lat' dir='ltr'><strong>Concedo</strong></span> <span class='ocrx_word' id='word_1_364' title='bbox 1724 1298 1801 1319; x_wconf 86' lang='lat' dir='ltr'><strong>esse</strong></span> <span class='ocrx_word' id='word_1_365' title='bbox 1825 1286 2059 1318; x_wconf 86' lang='lat' dir='ltr'><strong>immutabilem</strong></span> <span class='ocrx_word' id='word_1_366' title='bbox 2079 1287 2111 1317; x_wconf 89' lang='lat' dir='ltr'><strong>in</strong></span> <span class='ocrx_word' id='word_1_367' title='bbox 2135 1285 2213 1318; x_wconf 66' lang='lat' dir='ltr'><strong>llac&#39;</strong></span> 
     </span>
     <span class='ocr_line' id='line_1_67' title="bbox 1208 1329 2200 1373; baseline -0.002 -11"><span class='ocrx_word' id='word_1_368' title='bbox 1208 1332 1465 1372; x_wconf 75' lang='lat' dir='ltr'><strong>depravatione,</strong></span> <span class='ocrx_word' id='word_1_369' title='bbox 1496 1334 1568 1363; x_wconf 88' lang='lat' dir='ltr'><strong>sine</strong></span> <span class='ocrx_word' id='word_1_370' title='bbox 1593 1342 1677 1363; x_wconf 65' lang='lat' dir='ltr'><strong>voca</strong></span> <span class='ocrx_word' id='word_1_371' title='bbox 1703 1330 1895 1373; x_wconf 73' lang='lat' dir='ltr'><strong>Evangelii,</strong></span> <span class='ocrx_word' id='word_1_372' title='bbox 1922 1338 1953 1361; x_wconf 88' lang='lat' dir='ltr'><strong>et</strong></span> <span class='ocrx_word' id='word_1_373' title='bbox 1979 1332 2051 1361; x_wconf 85' lang='lat' dir='ltr'><strong>sine</strong></span> <span class='ocrx_word' id='word_1_374' title='bbox 2076 1329 2200 1361; x_wconf 80' lang='lat' dir='ltr'><strong>auxilio</strong></span> 
     </span>
     <span class='ocr_line' id='line_1_68' title="bbox 1208 1374 2202 1407; baseline -0.001 -2"><span class='ocrx_word' id='word_1_375' title='bbox 1208 1376 1332 1406; x_wconf 80' lang='lat' dir='ltr'><strong>divino.</strong></span> <span class='ocrx_word' id='word_1_376' title='bbox 1361 1376 1578 1407; x_wconf 67' lang='lat' dir='ltr'><strong>b&#39;ientAdam</strong></span> <span class='ocrx_word' id='word_1_377' title='bbox 1598 1386 1666 1407; x_wconf 90' lang='grc'>11011</span> <span class='ocrx_word' id='word_1_378' title='bbox 1690 1374 1799 1406; x_wconf 74' lang='lat' dir='ltr'><strong>solum</strong></span> <span class='ocrx_word' id='word_1_379' title='bbox 1824 1376 1855 1405; x_wconf 92' lang='lat' dir='ltr'><strong>in</strong></span> <span class='ocrx_word' id='word_1_380' title='bbox 1881 1375 2087 1405; x_wconf 82' lang='lat' dir='ltr'><strong>dubitatione</strong></span> <span class='ocrx_word' id='word_1_381' title='bbox 2112 1384 2202 1404; x_wconf 79' lang='lat' dir='ltr'><strong>man-</strong></span> 
     </span>
     <span class='ocr_line' id='line_1_69' title="bbox 1209 1418 2202 1460; baseline -0.002 -11"><span class='ocrx_word' id='word_1_382' title='bbox 1209 1419 1330 1456; x_wconf 81' lang='lat' dir='ltr'><strong>sisset,</strong></span> <span class='ocrx_word' id='word_1_383' title='bbox 1356 1419 1415 1449; x_wconf 83' lang='lat' dir='ltr'><strong>sed</strong></span> <span class='ocrx_word' id='word_1_384' title='bbox 1440 1420 1538 1449; x_wconf 78' lang='lat' dir='ltr'><strong>etiam</strong></span> <span class='ocrx_word' id='word_1_385' title='bbox 1558 1429 1742 1460; x_wconf 84' lang='lat' dir='ltr'><strong>oppressus</strong></span> <span class='ocrx_word' id='word_1_386' title='bbox 1768 1424 1858 1448; x_wconf 70' lang='lat' dir='ltr'><strong>esset</strong></span> <span class='ocrx_word' id='word_1_387' title='bbox 1883 1424 2020 1448; x_wconf 85' lang='lat' dir='ltr'><strong>aeterna</strong></span> <span class='ocrx_word' id='word_1_388' title='bbox 2046 1418 2202 1457; x_wconf 72' lang='lat' dir='ltr'><strong>despera-</strong></span> 
     </span>
     <span class='ocr_line' id='line_1_70' title="bbox 1208 1460 2202 1504; baseline -0.001 -12"><span class='ocrx_word' id='word_1_389' title='bbox 1208 1462 1317 1500; x_wconf 82' lang='lat' dir='ltr'><strong>tione,</strong></span> <span class='ocrx_word' id='word_1_390' title='bbox 1348 1462 1376 1492; x_wconf 85' lang='lat' dir='ltr'><strong>si</strong></span> <span class='ocrx_word' id='word_1_391' title='bbox 1406 1463 1584 1503; x_wconf 72' lang='lat' dir='ltr'><strong>promissio</strong></span> <span class='ocrx_word' id='word_1_392' title='bbox 1616 1463 1744 1504; x_wconf 85' lang='lat' dir='ltr'><strong>gratiae</strong></span> <span class='ocrx_word' id='word_1_393' title='bbox 1772 1472 1839 1492; x_wconf 90' lang='lat' dir='ltr'><strong>non</strong></span> <span class='ocrx_word' id='word_1_394' title='bbox 1875 1460 2005 1502; x_wconf 86' lang='lat' dir='ltr'><strong>prolata</strong></span> <span class='ocrx_word' id='word_1_395' title='bbox 2039 1467 2129 1492; x_wconf 86' lang='lat' dir='ltr'><strong>esset</strong></span> <span class='ocrx_word' id='word_1_396' title='bbox 2161 1471 2202 1491; x_wconf 80' lang='lat' dir='ltr'><strong>ex</strong></span> 
     </span>
     <span class='ocr_line' id='line_1_71' title="bbox 1208 1503 2203 1546; baseline -0.001 -10"><span class='ocrx_word' id='word_1_397' title='bbox 1208 1506 1282 1536; x_wconf 77' lang='lat' dir='ltr'><strong>sinu</strong></span> <span class='ocrx_word' id='word_1_398' title='bbox 1306 1507 1433 1536; x_wconf 85' lang='lat' dir='ltr'><strong>aeterni</strong></span> <span class='ocrx_word' id='word_1_399' title='bbox 1459 1506 1587 1543; x_wconf 81' lang='lat' dir='ltr'><strong>Patris,</strong></span> <span class='ocrx_word' id='word_1_400' title='bbox 1620 1512 1651 1536; x_wconf 77' lang='lat' dir='ltr'><strong>et</strong></span> <span class='ocrx_word' id='word_1_401' title='bbox 1681 1516 1740 1546; x_wconf 89' lang='lat' dir='ltr'><strong>per</strong></span> <span class='ocrx_word' id='word_1_402' title='bbox 1764 1506 1902 1535; x_wconf 70' lang='lat' dir='ltr'><strong>verbnm</strong></span> <span class='ocrx_word' id='word_1_403' title='bbox 1926 1503 2020 1535; x_wconf 87' lang='lat' dir='ltr'><strong>Deus</strong></span> <span class='ocrx_word' id='word_1_404' title='bbox 2051 1504 2203 1535; x_wconf 70' lang='lat' dir='ltr'><strong>flexisset</strong></span> 
     </span>
     <span class='ocr_line' id='line_1_72' title="bbox 1210 1546 2202 1589; baseline -0.002 -9"><span class='ocrx_word' id='word_1_405' title='bbox 1210 1560 1268 1580; x_wconf 87' lang='lat' dir='ltr'><strong>cor</strong></span> <span class='ocrx_word' id='word_1_406' title='bbox 1300 1548 1422 1589; x_wconf 81' lang='lat' dir='ltr'><strong>Spiritu</strong></span> <span class='ocrx_word' id='word_1_407' title='bbox 1454 1556 1573 1580; x_wconf 88' lang='lat' dir='ltr'><strong>sancto</strong></span> <span class='ocrx_word' id='word_1_408' title='bbox 1598 1550 1640 1579; x_wconf 90' lang='lat' dir='ltr'><strong>ad</strong></span> <span class='ocrx_word' id='word_1_409' title='bbox 1665 1549 1918 1585; x_wconf 71' lang='lat' dir='ltr'><strong>assensionem,</strong></span> <span class='ocrx_word' id='word_1_410' title='bbox 1950 1554 1982 1579; x_wconf 89' lang='lat' dir='ltr'><strong>et</strong></span> <span class='ocrx_word' id='word_1_411' title='bbox 2014 1549 2063 1578; x_wconf 83' lang='lat' dir='ltr'><strong>sic</strong></span> <span class='ocrx_word' id='word_1_412' title='bbox 2088 1549 2119 1578; x_wconf 89' lang='lat' dir='ltr'><strong>in</strong></span> <span class='ocrx_word' id='word_1_413' title='bbox 2145 1546 2202 1578; x_wconf 86' lang='lat' dir='ltr'><strong>illa</strong></span> 
     </span>
     <span class='ocr_line' id='line_1_73' title="bbox 1210 1590 2202 1633; baseline -0.002 -10"><span class='ocrx_word' id='word_1_414' title='bbox 1210 1591 1439 1623; x_wconf 82' lang='lat' dir='ltr'><strong>consolatione</strong></span> <span class='ocrx_word' id='word_1_415' title='bbox 1460 1592 1560 1623; x_wconf 87' lang='lat' dir='ltr'><strong>Filius</strong></span> <span class='ocrx_word' id='word_1_416' title='bbox 1586 1602 1672 1624; x_wconf 80' lang='lat' dir='ltr'><strong>voce</strong></span> <span class='ocrx_word' id='word_1_417' title='bbox 1696 1590 1870 1633; x_wconf 76' lang='lat' dir='ltr'><strong>Evangelii</strong></span> <span class='ocrx_word' id='word_1_418' title='bbox 1896 1592 2020 1632; x_wconf 80' lang='lat' dir='ltr'><strong>primos</strong></span> <span class='ocrx_word' id='word_1_419' title='bbox 2045 1597 2202 1632; x_wconf 86' lang='lat' dir='ltr'><strong>parentes</strong></span> 
     </span>
     <span class='ocr_line' id='line_1_74' title="bbox 1210 1634 2201 1676; baseline -0.001 -10"><span class='ocrx_word' id='word_1_420' title='bbox 1210 1637 1403 1667; x_wconf 79' lang='lat' dir='ltr'><strong>retraxisset</strong></span> <span class='ocrx_word' id='word_1_421' title='bbox 1436 1647 1477 1667; x_wconf 64' lang='lat' dir='ltr'><strong>ex</strong></span> <span class='ocrx_word' id='word_1_422' title='bbox 1507 1644 1624 1667; x_wconf 89' lang='lat' dir='ltr'><strong>morte.</strong></span> <span class='ocrx_word' id='word_1_423' title='bbox 1678 1636 1750 1667; x_wconf 88' lang='lat' dir='ltr'><strong>Hoc</strong></span> <span class='ocrx_word' id='word_1_424' title='bbox 1781 1634 1967 1676; x_wconf 74' lang='lat' dir='ltr'><strong>exemplum</strong></span> <span class='ocrx_word' id='word_1_425' title='bbox 2003 1635 2201 1672; x_wconf 82' lang='lat' dir='ltr'><strong>intueamur,</strong></span> 
     </span>
    </p>

    <p class='ocr_par' dir='ltr' id='par_1_22' title="bbox 1181 1676 2202 1721">
     <span class='ocr_line' id='line_1_75' title="bbox 1181 1676 2202 1721; baseline -0.002 -11"><span class='ocrx_word' id='word_1_426' title='bbox 1181 1676 1185 1703; x_wconf 79' lang='lat' dir='ltr'><strong>l</strong></span> <span class='ocrx_word' id='word_1_427' title='bbox 1210 1680 1299 1721; x_wconf 88' lang='lat' dir='ltr'><strong>quod</strong></span> <span class='ocrx_word' id='word_1_428' title='bbox 1324 1680 1487 1713; x_wconf 80' lang='lat' dir='ltr'><strong>ostendit.</strong></span> <span class='ocrx_word' id='word_1_429' title='bbox 1514 1680 1681 1721; x_wconf 90' lang='lat' dir='ltr'><strong>quomodo</strong></span> <span class='ocrx_word' id='word_1_430' title='bbox 1708 1679 1761 1709; x_wconf 68' lang='lat' dir='ltr'><strong>fiat</strong></span> <span class='ocrx_word' id='word_1_431' title='bbox 1786 1678 1870 1709; x_wconf 84' lang='lat' dir='ltr'><strong>haec</strong></span> <span class='ocrx_word' id='word_1_432' title='bbox 1895 1677 2079 1709; x_wconf 72' lang='lat' dir='ltr'><strong>consolatio</strong></span> <span class='ocrx_word' id='word_1_433' title='bbox 2104 1685 2135 1708; x_wconf 88' lang='lat' dir='ltr'><strong>et</strong></span> <span class='ocrx_word' id='word_1_434' title='bbox 2166 1677 2202 1708; x_wconf 94' lang='lat' dir='ltr'><strong>li-</strong></span> 
     </span>
    </p>

    <p class='ocr_par' dir='ltr' id='par_1_23' title="bbox 1181 1705 2202 1852">
     <span class='ocr_line' id='line_1_76' title="bbox 1181 1705 2202 1763; baseline -0.002 -9"><span class='ocrx_word' id='word_1_435' title='bbox 1181 1705 1185 1748; x_wconf 83' lang='lat' dir='ltr'><strong>l</strong></span> <span class='ocrx_word' id='word_1_436' title='bbox 1211 1724 1339 1754; x_wconf 75' lang='lat' dir='ltr'><strong>bei-atio</strong></span> <span class='ocrx_word' id='word_1_437' title='bbox 1364 1734 1383 1754; x_wconf 89' lang='lat' dir='ltr'><strong>a</strong></span> <span class='ocrx_word' id='word_1_438' title='bbox 1407 1724 1624 1761; x_wconf 80' lang='lat' dir='ltr'><strong>dubitatione,</strong></span> <span class='ocrx_word' id='word_1_439' title='bbox 1649 1729 1679 1754; x_wconf 79' lang='lat' dir='ltr'><strong>et</strong></span> <span class='ocrx_word' id='word_1_440' title='bbox 1705 1723 1801 1753; x_wconf 89' lang='lat' dir='ltr'><strong>docet</strong></span> <span class='ocrx_word' id='word_1_441' title='bbox 1824 1723 2079 1763; x_wconf 65' lang='lat' dir='ltr'><strong>promissiaenem</strong></span> <span class='ocrx_word' id='word_1_442' title='bbox 2094 1721 2202 1752; x_wconf 79' lang='lat' dir='ltr'><strong>Evan-</strong></span> 
     </span>
     <span class='ocr_line' id='line_1_77' title="bbox 1210 1765 2201 1808; baseline -0.001 -11"><span class='ocrx_word' id='word_1_443' title='bbox 1210 1765 1286 1808; x_wconf 83' lang='lat' dir='ltr'><strong>gelii</strong></span> <span class='ocrx_word' id='word_1_444' title='bbox 1312 1777 1376 1797; x_wconf 92' lang='lat' dir='ltr'><strong>non</strong></span> <span class='ocrx_word' id='word_1_445' title='bbox 1403 1777 1480 1797; x_wconf 85' lang='lat' dir='ltr'><strong>esse</strong></span> <span class='ocrx_word' id='word_1_446' title='bbox 1507 1773 1622 1797; x_wconf 75' lang='lat' dir='ltr'><strong>natura</strong></span> <span class='ocrx_word' id='word_1_447' title='bbox 1647 1773 1770 1803; x_wconf 78' lang='lat' dir='ltr'><strong>notam,</strong></span> <span class='ocrx_word' id='word_1_448' title='bbox 1791 1773 1819 1796; x_wconf 89' lang='lat' dir='ltr'><strong>et</strong></span> <span class='ocrx_word' id='word_1_449' title='bbox 1845 1767 2098 1797; x_wconf 72' lang='lat' dir='ltr'><strong>discernendam</strong></span> <span class='ocrx_word' id='word_1_450' title='bbox 2123 1775 2201 1796; x_wconf 89' lang='lat' dir='ltr'><strong>esse</strong></span> 
     </span>
     <span class='ocr_line' id='line_1_78' title="bbox 1210 1809 1958 1852; baseline -0.003 -11"><span class='ocrx_word' id='word_1_451' title='bbox 1210 1821 1230 1841; x_wconf 85' lang='lat' dir='ltr'><strong>a</strong></span> <span class='ocrx_word' id='word_1_452' title='bbox 1253 1810 1346 1852; x_wconf 81' lang='lat' dir='ltr'><strong>Lege</strong></span> <span class='ocrx_word' id='word_1_453' title='bbox 1370 1817 1402 1841; x_wconf 90' lang='lat' dir='ltr'><strong>et</strong></span> <span class='ocrx_word' id='word_1_454' title='bbox 1426 1812 1467 1842; x_wconf 78' lang='lat' dir='ltr'><strong>ab</strong></span> <span class='ocrx_word' id='word_1_455' title='bbox 1493 1809 1565 1842; x_wconf 78' lang='lat' dir='ltr'><strong>aliis</strong></span> <span class='ocrx_word' id='word_1_456' title='bbox 1586 1809 1795 1842; x_wconf 85' lang='lat' dir='ltr'><strong>naturalibus</strong></span> <span class='ocrx_word' id='word_1_457' title='bbox 1820 1810 1958 1840; x_wconf 82' lang='lat' dir='ltr'><strong>notitiis.</strong></span> 
     </span>
    </p>
   </div>
   <div class='ocr_carea' id='block_1_20' title="bbox 1460 1960 1944 2015">
    <p class='ocr_par' dir='ltr' id='par_1_24' title="bbox 1460 1960 1944 2015">
     <span class='ocr_line' id='line_1_79' title="bbox 1460 1960 1944 2015; baseline -0.002 -15"><span class='ocrx_word' id='word_1_458' title='bbox 1460 1960 1596 2000; x_wconf 85' lang='lat' dir='ltr'>XVII.</span> <span class='ocrx_word' id='word_1_459' title='bbox 1628 1960 1944 2015; x_wconf 78' lang='lat' dir='ltr'><strong>Argumentum.</strong></span> 
     </span>
    </p>
   </div>
   <div class='ocr_carea' id='block_1_21' title="bbox 1269 2063 2139 2240">
    <p class='ocr_par' dir='ltr' id='par_1_25' title="bbox 1269 2063 2139 2240">
     <span class='ocr_line' id='line_1_80' title="bbox 1270 2063 2139 2118; baseline -0.001 -14"><span class='ocrx_word' id='word_1_460' title='bbox 1270 2064 1550 2105; x_wconf 83' lang='lat' dir='ltr'><strong>Remittuntur</strong></span> <span class='ocrx_word' id='word_1_461' title='bbox 1589 2064 1625 2103; x_wconf 89' lang='lat' dir='ltr'><strong>ei</strong></span> <span class='ocrx_word' id='word_1_462' title='bbox 1657 2071 1826 2118; x_wconf 81' lang='lat' dir='ltr'><strong>peceat-a</strong></span> <span class='ocrx_word' id='word_1_463' title='bbox 1858 2064 2004 2115; x_wconf 79' lang='lat' dir='ltr'><strong>multa,</strong></span> <span class='ocrx_word' id='word_1_464' title='bbox 2046 2063 2139 2117; x_wconf 86' lang='lat' dir='ltr'><strong>quia</strong></span> 
     </span>
     <span class='ocr_line' id='line_1_81' title="bbox 1332 2125 1690 2164; baseline 0 0"><span class='ocrx_word' id='word_1_465' title='bbox 1332 2125 1475 2164; x_wconf 72' lang='lat' dir='ltr'><strong>dilexit</strong></span> <span class='ocrx_word' id='word_1_466' title='bbox 1506 2125 1690 2164; x_wconf 84' lang='lat' dir='ltr'><strong>multum.</strong></span> 
     </span>
     <span class='ocr_line' id='line_1_82' title="bbox 1269 2185 2138 2240; baseline -0.001 -15"><span class='ocrx_word' id='word_1_467' title='bbox 1269 2185 1377 2240; x_wconf 80' lang='lat' dir='ltr'><strong>Ergo</strong></span> <span class='ocrx_word' id='word_1_468' title='bbox 1401 2192 1566 2240; x_wconf 84' lang='lat' dir='ltr'><strong>propter</strong></span> <span class='ocrx_word' id='word_1_469' title='bbox 1590 2185 1849 2225; x_wconf 86' lang='lat' dir='ltr'><strong>dilectionem</strong></span> <span class='ocrx_word' id='word_1_470' title='bbox 1873 2185 1920 2225; x_wconf 78' lang='lat' dir='ltr'><strong>fit</strong></span> <span class='ocrx_word' id='word_1_471' title='bbox 1945 2185 2138 2225; x_wconf 79' lang='lat' dir='ltr'><strong>remissio.</strong></span> 
     </span>
    </p>
   </div>
   <div class='ocr_carea' id='block_1_22' title="bbox 1176 2275 2200 2667">
    <p class='ocr_par' dir='ltr' id='par_1_26' title="bbox 1206 2275 2200 2579">
     <span class='ocr_line' id='line_1_83' title="bbox 1295 2275 2199 2319; baseline 0 -12"><span class='ocrx_word' id='word_1_472' title='bbox 1295 2276 1510 2318; x_wconf 85' lang='lat' dir='ltr'><strong>RespondeO.</strong></span> <span class='ocrx_word' id='word_1_473' title='bbox 1545 2276 1681 2319; x_wconf 79' lang='lat' dir='ltr'><strong>Duplex</strong></span> <span class='ocrx_word' id='word_1_474' title='bbox 1707 2283 1758 2308; x_wconf 88' lang='lat' dir='ltr'><strong>est</strong></span> <span class='ocrx_word' id='word_1_475' title='bbox 1782 2276 1961 2308; x_wconf 86' lang='lat' dir='ltr'><strong>absolutio.</strong></span> <span class='ocrx_word' id='word_1_476' title='bbox 1998 2275 2113 2309; x_wconf 87' lang='lat' dir='ltr'><strong>Altera</strong></span> <span class='ocrx_word' id='word_1_477' title='bbox 2135 2277 2199 2317; x_wconf 86' lang='lat' dir='ltr'><strong>pri-</strong></span> 
     </span>
     <span class='ocr_line' id='line_1_84' title="bbox 1208 2319 2200 2352; baseline -0.001 0"><span class='ocrx_word' id='word_1_478' title='bbox 1208 2326 1286 2352; x_wconf 86' lang='lat' dir='ltr'><strong>vata</strong></span> <span class='ocrx_word' id='word_1_479' title='bbox 1318 2321 1544 2352; x_wconf 71' lang='lat' dir='ltr'><strong>conscientiae</strong></span> <span class='ocrx_word' id='word_1_480' title='bbox 1576 2320 1734 2352; x_wconf 86' lang='lat' dir='ltr'><strong>luctantis</strong></span> <span class='ocrx_word' id='word_1_481' title='bbox 1766 2331 1839 2351; x_wconf 86' lang='grc'>811111</span> <span class='ocrx_word' id='word_1_482' title='bbox 1871 2322 1919 2351; x_wconf 89' lang='lat' dir='ltr'><strong>ira</strong></span> <span class='ocrx_word' id='word_1_483' title='bbox 1948 2320 2023 2351; x_wconf 88' lang='lat' dir='ltr'><strong>Dei.</strong></span> <span class='ocrx_word' id='word_1_484' title='bbox 2068 2320 2103 2350; x_wconf 87' lang='lat' dir='ltr'><strong>In</strong></span> <span class='ocrx_word' id='word_1_485' title='bbox 2136 2319 2200 2351; x_wconf 86' lang='lat' dir='ltr'><strong>hae</strong></span> 
     </span>
     <span class='ocr_line' id='line_1_85' title="bbox 1207 2362 2199 2405; baseline -0.001 -10"><span class='ocrx_word' id='word_1_486' title='bbox 1207 2362 1419 2395; x_wconf 83' lang='lat' dir='ltr'><strong>absolutione</strong></span> <span class='ocrx_word' id='word_1_487' title='bbox 1443 2374 1585 2395; x_wconf 83' lang='lat' dir='ltr'><strong>necesse</strong></span> <span class='ocrx_word' id='word_1_488' title='bbox 1609 2371 1660 2395; x_wconf 80' lang='lat' dir='ltr'><strong>est</strong></span> <span class='ocrx_word' id='word_1_489' title='bbox 1684 2363 1834 2405; x_wconf 81' lang='lat' dir='ltr'><strong>intelligi,</strong></span> <span class='ocrx_word' id='word_1_490' title='bbox 1859 2364 1947 2405; x_wconf 91' lang='lat' dir='ltr'><strong>quod</strong></span> <span class='ocrx_word' id='word_1_491' title='bbox 1973 2365 2038 2394; x_wconf 85' lang='lat' dir='ltr'><strong>tide</strong></span> <span class='ocrx_word' id='word_1_492' title='bbox 2058 2364 2199 2404; x_wconf 86' lang='lat' dir='ltr'><strong>accipia-</strong></span> 
     </span>
     <span class='ocr_line' id='line_1_86' title="bbox 1207 2406 2197 2449; baseline -0.001 -11"><span class='ocrx_word' id='word_1_493' title='bbox 1207 2413 1261 2438; x_wconf 84' lang='lat' dir='ltr'><strong>tur</strong></span> <span class='ocrx_word' id='word_1_494' title='bbox 1290 2408 1462 2445; x_wconf 76' lang='lat' dir='ltr'><strong>remissie,</strong></span> <span class='ocrx_word' id='word_1_495' title='bbox 1492 2418 1558 2438; x_wconf 90' lang='lat' dir='ltr'><strong>non</strong></span> <span class='ocrx_word' id='word_1_496' title='bbox 1590 2415 1728 2449; x_wconf 85' lang='lat' dir='ltr'><strong>propter</strong></span> <span class='ocrx_word' id='word_1_497' title='bbox 1758 2413 1892 2438; x_wconf 82' lang='lat' dir='ltr'><strong>nostras</strong></span> <span class='ocrx_word' id='word_1_498' title='bbox 1921 2408 2074 2438; x_wconf 74' lang='lat' dir='ltr'><strong>virtutes,</strong></span> <span class='ocrx_word' id='word_1_499' title='bbox 2120 2406 2197 2437; x_wconf 90' lang='lat' dir='ltr'><strong>Ideo</strong></span> 
     </span>
     <span class='ocr_line' id='line_1_87' title="bbox 1208 2449 2196 2492; baseline 0.001 -11"><span class='ocrx_word' id='word_1_500' title='bbox 1208 2457 1240 2481; x_wconf 86' lang='lat' dir='ltr'><strong>et</strong></span> <span class='ocrx_word' id='word_1_501' title='bbox 1263 2450 1317 2481; x_wconf 90' lang='lat' dir='ltr'><strong>hic</strong></span> <span class='ocrx_word' id='word_1_502' title='bbox 1348 2451 1452 2492; x_wconf 87' lang='lat' dir='ltr'><strong>inquit</strong></span> <span class='ocrx_word' id='word_1_503' title='bbox 1476 2450 1654 2482; x_wconf 83' lang='lat' dir='ltr'><strong>Dominus:</strong></span> <span class='ocrx_word' id='word_1_504' title='bbox 1689 2452 1787 2483; x_wconf 89' lang='lat' dir='ltr'><strong>Fides</strong></span> <span class='ocrx_word' id='word_1_505' title='bbox 1812 2457 1868 2481; x_wconf 90' lang='lat' dir='ltr'><strong>tua</strong></span> <span class='ocrx_word' id='word_1_506' title='bbox 1892 2449 2020 2481; x_wconf 77' lang='lat' dir='ltr'><strong>salvam</strong></span> <span class='ocrx_word' id='word_1_507' title='bbox 2044 2456 2076 2481; x_wconf 89' lang='lat' dir='ltr'><strong>te</strong></span> <span class='ocrx_word' id='word_1_508' title='bbox 2107 2449 2196 2482; x_wconf 85' lang='lat' dir='ltr'><strong>fecit.</strong></span> 
     </span>
     <span class='ocr_line' id='line_1_88' title="bbox 1206 2493 2198 2531; baseline -0.001 -6"><span class='ocrx_word' id='word_1_509' title='bbox 1206 2494 1279 2525; x_wconf 91' lang='lat' dir='ltr'><strong>Nec</strong></span> <span class='ocrx_word' id='word_1_510' title='bbox 1302 2495 1416 2525; x_wconf 92' lang='lat' dir='ltr'><strong>nititur</strong></span> <span class='ocrx_word' id='word_1_511' title='bbox 1435 2494 1517 2525; x_wconf 87' lang='lat' dir='ltr'><strong>fides</strong></span> <span class='ocrx_word' id='word_1_512' title='bbox 1542 2494 1720 2526; x_wconf 84' lang='lat' dir='ltr'><strong>dilectione</strong></span> <span class='ocrx_word' id='word_1_513' title='bbox 1743 2500 1874 2531; x_wconf 77' lang='lat' dir='ltr'><strong>nostra,</strong></span> <span class='ocrx_word' id='word_1_514' title='bbox 1906 2494 1966 2524; x_wconf 88' lang='lat' dir='ltr'><strong>sed</strong></span> <span class='ocrx_word' id='word_1_515' title='bbox 1989 2499 2116 2524; x_wconf 86' lang='lat' dir='ltr'><strong>tantum</strong></span> <span class='ocrx_word' id='word_1_516' title='bbox 2140 2493 2198 2524; x_wconf 91' lang='lat' dir='ltr'><strong>mi-</strong></span> 
     </span>
     <span class='ocr_line' id='line_1_89' title="bbox 1207 2537 2198 2579; baseline -0.002 -10"><span class='ocrx_word' id='word_1_517' title='bbox 1207 2538 1391 2569; x_wconf 85' lang='lat' dir='ltr'><strong>sericordia</strong></span> <span class='ocrx_word' id='word_1_518' title='bbox 1414 2539 1581 2579; x_wconf 82' lang='lat' dir='ltr'><strong>promissa</strong></span> <span class='ocrx_word' id='word_1_519' title='bbox 1600 2545 1737 2579; x_wconf 84' lang='lat' dir='ltr'><strong>propter</strong></span> <span class='ocrx_word' id='word_1_520' title='bbox 1761 2537 1988 2568; x_wconf 82' lang='lat' dir='ltr'><strong>Mediatorem.</strong></span> <span class='ocrx_word' id='word_1_521' title='bbox 2034 2537 2106 2568; x_wconf 91' lang='lat' dir='ltr'><strong>Nec</strong></span> <span class='ocrx_word' id='word_1_522' title='bbox 2131 2537 2198 2567; x_wconf 80' lang='lat' dir='ltr'><strong>cxi-</strong></span> 
     </span>
    </p>

    <p class='ocr_par' dir='ltr' id='par_1_27' title="bbox 1176 2579 2197 2667">
     <span class='ocr_line' id='line_1_90' title="bbox 1176 2579 2195 2642; baseline 0 -30"><span class='ocrx_word' id='word_1_523' title='bbox 1176 2586 1182 2642; x_wconf 72' lang='grc' dir='ltr'>Ι</span> <span class='ocrx_word' id='word_1_524' title='bbox 1207 2588 1297 2612; x_wconf 74' lang='lat' dir='ltr'><strong>stet-e</strong></span> <span class='ocrx_word' id='word_1_525' title='bbox 1321 2580 1452 2612; x_wconf 88' lang='lat' dir='ltr'><strong>dileetio</strong></span> <span class='ocrx_word' id='word_1_526' title='bbox 1475 2588 1603 2623; x_wconf 85' lang='lat' dir='ltr'><strong>potest,</strong></span> <span class='ocrx_word' id='word_1_527' title='bbox 1635 2582 1698 2612; x_wconf 88' lang='lat' dir='ltr'><strong>nisi</strong></span> <span class='ocrx_word' id='word_1_528' title='bbox 1728 2582 1771 2612; x_wconf 90' lang='lat' dir='ltr'><strong>sit</strong></span> <span class='ocrx_word' id='word_1_529' title='bbox 1796 2579 2006 2622; x_wconf 85' lang='lat' dir='ltr'><strong>apprehensa</strong></span> <span class='ocrx_word' id='word_1_530' title='bbox 2030 2581 2195 2612; x_wconf 85' lang='lat' dir='ltr'><strong>remissio.</strong></span> 
     </span>
     <span class='ocr_line' id='line_1_91' title="bbox 1207 2623 2197 2667; baseline -0.003 -10"><span class='ocrx_word' id='word_1_531' title='bbox 1207 2624 1282 2657; x_wconf 85' lang='lat' dir='ltr'><strong>Huc</strong></span> <span class='ocrx_word' id='word_1_532' title='bbox 1303 2625 1449 2667; x_wconf 85' lang='lat' dir='ltr'><strong>pertinet</strong></span> <span class='ocrx_word' id='word_1_533' title='bbox 1472 2626 1613 2657; x_wconf 87' lang='lat' dir='ltr'><strong>dictum:</strong></span> <span class='ocrx_word' id='word_1_534' title='bbox 1643 2624 1730 2656; x_wconf 84' lang='lat' dir='ltr'><strong>Huic</strong></span> <span class='ocrx_word' id='word_1_535' title='bbox 1753 2635 1869 2655; x_wconf 86' lang='lat' dir='ltr'><strong>omnes</strong></span> <span class='ocrx_word' id='word_1_536' title='bbox 1893 2623 2083 2665; x_wconf 85' lang='lat' dir='ltr'><strong>Prophetae</strong></span> <span class='ocrx_word' id='word_1_537' title='bbox 2106 2624 2197 2655; x_wconf 84' lang='lat' dir='ltr'><strong>testi-</strong></span> 
     </span>
    </p>
   </div>
  </div>
 </body>
</html>
