2383 2990
96 146 162 178 429

97 241 269 273 effectibus
290 240 444 270 desnmta
471 244 539 276 est,
565 248 706 280 quorum
725 236 779 268 alii
804 238 882 268 boni
909 243 1005 275 sunt,
1035 234 1089 267 alii

95 283 185 317 mali.
231 283 282 314 De
312 283 376 314 hac
404 288 476 313 tota
507 282 703 323 quaestione
739 282 881 312 studiosi
916 279 1090 322 diligenter

97 328 263 370 cogitent,
284 333 315 358 et
331 326 520 357 testimonia
541 325 663 356 deDeo
680 326 714 356 in
727 332 845 356 natura
860 325 1088 355 considerent:

183 396 260 428 Dixi
278 401 387 427 autem
399 393 611 437 Decalogum
630 401 721 426 rec-te
740 393 988 435 intelligendum
1003 403 1090 431 esse,

95 446 131 472 ut
155 451 228 472 cum
254 440 390 471 dicitur:
415 439 487 469 Non
509 439 753 475 moechaberis,
779 436 1092 478 comprehendenda

97 490 174 515 sunt
198 484 308 515 omnia
340 489 517 524 praecepta
547 483 588 513 de
618 483 714 523 vagis
744 480 948 512 libidinibus.
996 479 1092 510 Levi-

96 529 152 559 tici
179 527 230 558 lS.
255 536 419 567 expressa
445 532 475 557 et
500 524 577 556 alibi
634 527 712 556 item
744 535 817 555 cum
842 524 978 555 dicitur:
1016 523 1092 554 Non

97 571 246 608 occides,
273 569 509 611 comprehendi
541 579 682 600 necesse
716 576 766 599 est
794 568 1027 608 exceptionem
1051 567 1092 597 de

96 614 312 656 Magi-stratu,
337 614 391 654 qui
416 620 466 644 est
492 614 636 644 vicarius
661 611 741 649 Dei,
766 618 797 642 et
822 612 946 642 occidit.
973 616 1089 641 sontes

96 659 254 689 mandato
280 658 412 695 divino,
448 657 480 687 id
505 657 601 687 etiam
633 656 716 686 ratio
742 654 902 686 naturalis
928 653 1091 695 intelligit.

97 700 244 732 Primum
269 702 344 742 quia
368 701 431 740 ipsi
455 701 624 731 cruciatus
643 700 868 730 conscientiae
890 699 921 729 in
943 708 1025 729 nece
1046 699 1092 728 in-

97 745 195 782 iusta,
214 745 269 786 qui
295 742 490 775 naturaliter
514 750 711 785 sequuntur,
737 744 917 773 ostendunt
942 741 1020 773 talia
1045 740 1092 772 sa—

98 795 154 820 cta
176 788 296 819 iniusta
321 797 408 818 esse.

185 857 316 888 Deinde
329 859 452 897 στοργαὶ
475 857 505 887 in
531 862 649 887 natura
672 855 815 886 humana
840 861 998 896 appetunt
1014 865 1093 885 con-

98 901 324 932 servationem
348 911 496 931 suorum.
542 899 583 930 Et
616 910 805 941 quanquam
831 898 885 929 alii
911 905 987 929 sunt
1017 909 1093 940 pro-

97 947 222 987 piores,
246 943 300 974 alii
325 943 459 986 longius
484 944 607 974 distant
632 955 650 973 a
675 943 792 983 stirpe:
819 951 927 973 tamen
949 953 1093 973 commu-

98 990 151 1019 nis
184 989 340 1030 cognatio
373 994 423 1017 est
455 987 540 1017 inter
571 997 687 1017 omnes
719 985 880 1017 homines.
928 986 1092 1026 Expetunt

98 1038 208 1063 autem
233 1034 356 1072 στοργαὶ
380 1029 621 1068 defensionem,
643 1030 718 1061 ideo
737 1029 853 1061 volunt
878 1030 1007 1071 reprimi
1028 1037 1094 1060 tur-

97 1076 218 1106 bantes
243 1075 449 1105 societatem.
497 1073 567 1104 Etsi
592 1080 701 1104 autem
734 1073 797 1104 liae
822 1074 1094 1104 ratiocinationes

99 1119 296 1150 verissimae
319 1124 408 1155 sunt,
434 1124 465 1148 et
484 1118 514 1148 in
536 1124 654 1148 natura
678 1118 809 1159 integra
833 1118 1010 1158 perspicue
1033 1114 1094 1147 sui-

100 1163 240 1193 sissent:
272 1168 381 1192 tamen
413 1162 444 1192 in
476 1162 540 1192 hac
570 1167 710 1192 naturae
742 1162 905 1202 pravitate
935 1167 1010 1191 sunt
1037 1161 1094 1191 ob-

99 1206 288 1242 scuriores,
322 1211 355 1235 et
378 1206 409 1235 in
433 1205 623 1235 hominibus
648 1203 758 1235 efferis
783 1204 949 1236 Diabolus
974 1203 1092 1235 confir-

98 1255 167 1280 mat
192 1248 405 1280 caecitatem:
439 1248 516 1278 ideo
541 1247 716 1278 manifesta
739 1258 825 1279 voce
852 1248 943 1280 Deus
975 1249 1007 1278 in
1032 1246 1094 1279 Ec·

102 1291 207 1323 clesia
231 1302 333 1332 saepe
358 1292 510 1333 repetivit
539 1291 683 1332 Legem,
720 1298 751 1322 et
782 1292 914 1333 quoties
939 1292 979 1322 dc
1004 1291 1095 1332 Lege

98 1341 238 1367 naturae
263 1334 402 1376 loquor,
439 1340 542 1369 (nunc
567 1335 701 1365 omissis
737 1335 1094 1369 demonstrationibus)

100 1379 249 1409 breviter
277 1379 412 1409 nomino
437 1376 668 1419 Decalogum‚
696 1379 771 1419 quia
796 1379 1006 1409 verissimum
1033 1384 1098 1416 est,

98 1421 188 1453 hanc
216 1420 325 1452 lucem
359 1428 496 1452 naturae
524 1422 664 1462 primum
696 1422 727 1451 in
760 1423 929 1452 creatione
964 1422 1096 1453 insitam

98 1465 215 1497 fuisse.
251 1465 303 1495 Fit
321 1472 428 1496 autem
449 1465 604 1496 assensio
625 1464 750 1496 firmior
774 1472 807 1496 et
831 1465 997 1502 stabilior,
1022 1476 1096 1497 cum

98 1519 216 1541 vocem
240 1508 384 1539 divinam
408 1510 462 1550 pie
485 1509 667 1546 intuemur,
700 1509 776 1550 quia
802 1509 1004 1550 disputando
1029 1515 1096 1540 tur<

99 1553 200 1584 batur
230 1553 315 1583 ratio
346 1553 379 1583 in
404 1553 467 1583 hac
491 1550 718 1583 imbecillitate
747 1554 963 1593 praesertim,
995 1553 1097 1584 loter-

100 1596 177 1627 dum
201 1596 287 1627 enim
311 1594 398 1626 falsa
417 1596 530 1637 specie
555 1602 724 1634 movetur,
759 1602 809 1634 ut,
842 1597 917 1638 quia
943 1596 1098 1628 differun-

99 1646 153 1671 tur
176 1649 319 1682 poenae,
349 1639 501 1670 homines
527 1646 741 1670 contemnunt
766 1640 919 1671 iudicium
946 1639 1027 1679 Dei,
1063 1646 1099 1672 ut

99 1682 274 1726 Diogenes
299 1684 340 1714 de
365 1683 512 1724 Harpalo
537 1684 629 1721 dixit,
655 1684 710 1725 qui
734 1693 807 1714 cum
833 1684 995 1715 maximos
1027 1683 1099 1715 the-

101 1737 225 1758 sauros
238 1725 432 1758 Alexandro
453 1726 583 1758 furatus·
605 1734 707 1765 esset,
733 1728 786 1758 diu
800 1728 832 1758 in
847 1726 967 1758 Rhodo
988 1727 1099 1769 splen—

104 1771 180 1801 dide
205 1771 297 1801 vixit.
334 1770 411 1801 ldeo
436 1771 538 1813 inquit
564 1769 757 1812 Diogenes,
782 1769 962 1812 Harpalum
988 1772 1100 1803 dicere

102 1814 213 1845 vivum
247 1814 469 1845 testimonium
505 1822 623 1845 contra
653 1814 771 1846 Deum.
840 1814 881 1846 Et
913 1822 1022 1846 tamen
1046 1814 1100 1846 hic

101 1856 272 1899 Harpalus
302 1856 473 1899 aliquanto
496 1864 573 1899 post
596 1868 616 1889 a
638 1858 709 1889 suis
733 1857 930 1890 interfectus
954 1865 1015 1890 est.

191 1926 346 1957 Sciamus
370 1927 469 1968 igitur
492 1928 567 1959 ideo
588 1927 714 1969 Legem
739 1938 902 1970 expressa
926 1939 1011 1960 voce
1024 1927 1099 1967 Det,

101 1980 206 2011 saepe
230 1971 402 2012 repetitam
428 1981 505 2002 esse
528 1972 559 2001 in
585 1970 752 2009 Ecclesia,
789 1978 820 2003 et
846 1973 879 2004 in
903 1971 996 2004 Sinai
1016 1973 1100 2004 inter

101 2012 245 2045 illustria
268 2014 469 2052 testimonia,
494 2015 651 2046 audiente
674 2014 894 2054 multitudine,
919 2016 1099 2048 duodecies

105 2064 237 2089 centum
264 2056 399 2089 millium
419 2057 607 2090 hominum:
633 2059 716 2095 Quia
733 2059 826 2091 Deus
839 2059 1002 2102 singulari
1021 2071 1101 2092 con·

103 2100 180 2132 silio
208 2100 311 2132 voluit.
336 2112 506 2143 opponere
530 2104 655 2134 nostris
681 2104 942 2135 dubitationibus
963 2114 1100 2145 expres-

102 2155 174 2176 sam
198 2155 328 2183 vocem,
352 2152 382 2176 et
407 2145 598 2177 firmissima
622 2147 822 2179 testimonia.

190 2214 388 2256 Quanquam
414 2216 497 2246 enim
522 2216 658 2247 notitiae
682 2216 853 2249 naturales
872 2228 938 2248 non
959 2227 1099 2259 prorsus

103 2259 271 2289 extinctae
295 2265 384 2297 sunt,
408 2265 517 2290 tamen
543 2258 754 2292 manifestum
779 2267 843 2299 est,
867 2261 1098 2292 assensionem

103 2302 143 2333 de
177 2302 385 2343 providentia
408 2302 600 2345 languidam
635 2314 729 2343 esse,
764 2311 796 2335 et
832 2303 930 2337 valde
966 2306 1099 2337 concuti

103 2346 378 2377 dubitationibus.
424 2345 537 2382 Quare
562 2345 684 2379 Paulus
704 2348 809 2390 inquit
833 2348 929 2380 Rom.
945 2349 972 2379 l.
1004 2348 1100 2380 Veri-

102 2395 204 2421 tatem
222 2389 286 2420 Dei
311 2389 463 2420 homines
487 2391 518 2421 in
543 2391 702 2423 iniustitia
727 2393 891 2433 captivam
916 2398 1044 2431 tencre,
1067 2393 1099 2424 id

104 2439 172 2471 est,
202 2431 353 2464 homines
388 2432 513 2464 habere
543 2435 673 2476 quidem
705 2446 803 2467 veras
835 2436 968 2467 notitias
997 2435 1098 2478 Legis

104 2477 249 2514 divinae,
275 2477 398 2518 quibus
423 2475 623 2519 intelligunt,
649 2480 738 2521 quod
762 2480 806 2510 sit
828 2480 936 2518 Deus,
962 2486 994 2511 et
1018 2491 1098 2522 qua-

102 2518 145 2550 lis
169 2521 211 2551 sit
238 2519 350 2559 Deus,
385 2527 417 2551 et
442 2521 530 2562 quod
556 2520 634 2552 velit
658 2523 720 2553 sibi
746 2525 911 2564 praestari
941 2524 1098 2555 obedien-

104 2564 181 2595 tiam
204 2564 296 2595 imtta
320 2574 380 2595 eas
403 2563 529 2607 Leges.
552 2565 614 2597 sed
637 2571 745 2597 tamen
770 2568 875 2599 corda
898 2577 1097 2610 repugnare.

191 2642 368 2674 Postremo
403 2649 436 2674 et
476 2643 562 2675 haec
602 2643 881 2677 commonefactio
917 2646 1099 2687 repetenda

737 141 779 173 V.
804 140 1076 172 EXPLICATIO
1101 140 1301 172 SYMssoLl
1331 138 1492 171 NICENI.

1115 327 1120 359 t

1118 1274 1125 1344 —-

2069 136 2134 169 430

1143 242 1208 274 est,
1234 237 1275 267 de
1298 237 1495 268 testimoniis
1508 233 1696 266 Ecclesiae.
1732 233 1840 275 Saepe
1853 233 2066 275 cogitandum
2083 239 2136 265 est

1142 279 1208 311 hoc
1233 279 1362 311 illustre
1387 287 1417 310 et
1443 280 1571 311 firmum
1595 285 1837 320 argumentum.

1232 349 1329 379 Ratio
1353 347 1513 380 n'aturalis
1539 347 1711 389 intelligit,
1741 357 1799 378 eos
1823 356 2034 388 nequaquam
2059 355 2137 377 esse

1144 391 1304 434 populum
1328 391 1402 432 Dei,
1428 393 1482 434 qui
1507 393 1628 422 docent
1653 391 1820 422 contraria
1844 390 1924 432 Legi
1945 390 2088 420 «lionae.

1235 462 1365 492 Ethnici
1390 468 1499 492 autem
1518 458 1748 492 universaliter
1768 461 1952 491 docuerunt
1972 459 2139 490 contraria

1145 506 1251 547 primo
1276 512 1307 536 et
1333 512 1428 536 sexto
1456 504 1655 545 Praecepto:
1690 504 1869 534 finxerunt
1894 504 2025 534 turbam
2050 501 2138 533 Deo-

1146 561 1229 587 rum,
1254 555 1285 579 et
1311 554 1553 580 concesserunt
1578 548 1765 578 teterrimas
1791 545 2007 578 confusiones
2032 545 2138 576 libidi-

1145 604 1232 624 num.
1280 592 1372 623 Sicut
1404 599 1433 622 et
1466 591 1564 622 hodie
1589 591 1845 621 mahometis-tae
1875 590 2016 621 faciunt:
2045 588 2138 630 Ergo

1146 637 1178 667 in
1214 634 1279 667 illis
1315 636 1636 677 congregationibus
1680 645 1745 665 non
1788 640 1837 664 est
1880 633 2023 674 populus
2064 632 2137 663 Dei.

1147 680 1287 721 Semper
1311 687 1420 710 autem
1445 686 1570 710 tantuin
1596 678 1628 708 in
1657 688 1738 708 vera
1762 675 1915 708 Ecclesia
1945 677 2064 708 mansit
2090 676 2138 707 in-

1148 732 1305 765 corrupta
1329 724 1479 754 doctrina
1493 722 1606 764 Legis.
1644 721 1696 753 Ac
1720 731 1807 752 nunc
1831 731 1964 762 quoque
1984 720 2140 761 Papistae

1147 768 1267 799 docent
1301 768 1467 797 contraria
1498 767 1604 808 primo
1640 772 1671 796 et
1700 773 1796 796 sexto
1828 764 2029 804 Praecepto,
2065 764 2140 805 quia

1147 810 1330 842 defendunt
1343 811 1585 842 invocationem
1598 808 1766 840 hominum
1780 815 1999 845 mortuorum,
2012 814 2044 838 et
2063 817 2139 848 pro-

1147 856 1259 887 hibent
1286 855 1454 897 coniugia.

1358 1023 1473 1063 Haec
1507 1023 1558 1062 de
1592 1021 1759 1062 articulo
1793 1020 1925 1075 Legis.

1147 1154 1222 1195 DE
1262 1152 1581 1194 LIBERTATE
1621 1149 1992 1192 VOLUNTATIS
2040 1149 2144 1191 HU-

1150 1214 1373 1265 ΜΑΝΑΕ,
1407 1213 1510 1255 SEU
1528 1213 1602 1253 DE
1625 1211 1833 1253 LIBERO
1853 1209 2143 1252 ARBITRIO.

1237 1326 1403 1357 Diversae
1427 1324 1645 1366 quaestiones
1669 1329 1764 1360 sunt,
1800 1332 1963 1364 quaerere
1995 1322 2036 1352 de
2067 1331 2146 1352 con-

1149 1370 1332 1411 tingentia,
1355 1378 1417 1399 seu
1442 1378 1483 1399 an
1508 1378 1624 1399 omnes
1650 1374 1760 1398 motus
1784 1366 1929 1397 omnium
1951 1375 2079 1403 rerum,
2113 1365 2146 1395 in

1153 1412 1250 1445 coelo
1275 1420 1306 1445 et
1325 1418 1426 1450 terra,
1450 1411 1615 1452 pecudum
1639 1418 1669 1442 et
1695 1410 1885 1447 hominum,
1912 1409 1988 1440 boni
2012 1414 2045 1440 et
2068 1407 2146 1439 mali

1151 1457 1347 1489 necessario
1371 1455 1463 1491 fiant,
1486 1456 1572 1486 sicut
1597 1454 1703 1486 Stoici
1729 1455 1904 1488 tinxerunt,
1928 1460 1959 1484 et
1985 1461 2148 1494 quaerere

1151 1502 1192 1532 de
1217 1501 1342 1531 viribus
1366 1498 1534 1537 humanis,
1558 1509 1620 1536 an,
1644 1505 1675 1530 et
1701 1504 1866 1540 quatenus
1896 1496 2034 1528 obedire
2064 1495 2148 1538 Legi

1150 1543 1216 1576 Dei
1240 1544 1383 1585 possint,
1411 1550 1442 1574 et
1466 1553 1508 1574 an
1534 1541 1686 1573 homines
1710 1541 1800 1580 Lege
1823 1539 1888 1572 Dei
1912 1541 1989 1571 iusti
2013 1539 2101 1571 fiant.

1239 1613 1365 1644 Harum
1395 1613 1628 1655 quaestionum
1657 1612 1884 1643 diversitatem
1918 1619 2060 1642 necesse
2095 1614 2148 1640 est

1153 1658 1382 1694 considerare,
1406 1667 1447 1687 ac
1470 1666 1572 1698 supra
1595 1655 1813 1687 refutavimus
1838 1655 1987 1692 Stoicos,
2010 1660 2043 1685 et
2067 1653 2149 1684 dixi-

1152 1711 1245 1739 muS,
1291 1701 1437 1732 Stoicam
1479 1700 1716 1731 necessitatem
1758 1696 2036 1730 contumeliosam
2071 1706 2149 1728 esse

1153 1751 1271 1776 contra
1294 1743 1414 1778 Deum,
1439 1750 1472 1775 et
1494 1744 1719 1785 perniciosam
1743 1743 1902 1774 moribus.

1240 1814 1338 1846 Nunc
1363 1814 1509 1845 breviter
1533 1813 1641 1845 dicam
1666 1813 1707 1844 de
1726 1811 1831 1844 altera
1849 1812 2059 1854 quaestione,
2083 1810 2149 1842 sci-

1151 1857 1230 1890 licet
1255 1858 1298 1890 de
1323 1859 1449 1890 viribus
1474 1857 1639 1889 humanis.
1687 1857 1832 1888 Primum
1856 1863 1967 1887 autem
1992 1862 2072 1887 nota
2105 1855 2149 1886 sit

1151 1900 1292 1945 puerilis
1317 1902 1473 1933 doctrina
1497 1902 1537 1933 de
1560 1901 1718 1943 potentiis
1742 1901 1882 1931 animae.
1930 1901 2015 1931 Sunt
2038 1904 2149 1930 autem

1153 1947 1240 1978 duae
1265 1956 1455 1988 supremae,
1480 1956 1620 1988 quarum
1644 1943 1750 1976 alera
1775 1951 1826 1976 est
1849 1944 1997 1985 potentia
2021 1953 2148 1985 cogno-

1154 2001 1269 2029 scenS,
1306 2000 1392 2032 quae
1422 1991 1610 2021 nominatur
1632 1987 1825 2020 intellectus
1850 1998 1911 2019 seu
1945 1997 2053 2025 menS‚
2087 1996 2149 2018 seu

1152 2035 1329 2066 iudicium:
1360 2033 1478 2065 Altera
1501 2039 1553 2064 est
1576 2033 1724 2075 potentia
1746 2031 1866 2064 volens
1890 2041 1951 2063 seu
1974 2037 2149 2073 appetens,

1155 2088 1243 2120 quae
1267 2078 1457 2109 nominatur
1480 2075 1649 2115 volonum,
1685 2082 1717 2107 et
1737 2087 1810 2107 cum
1835 2082 1887 2107 est
1911 2076 2001 2106 seria
2024 2086 2066 2116 ap
2092 2074 2150 2106 eti-

1152 2123 1216 2159 ῑίο,
1250 2122 1439 2153 nominatur
1469 2131 1529 2152 cor
1563 2121 1595 2151 in
1627 2120 1840 2162 Propheticis
1874 2125 1907 2150 et
1943 2120 2073 2160 Aposto
2088 2119 2148 2149 icis

1151 2166 1297 2207 scriptis,
1344 2164 1419 2196 Non
1445 2165 1531 2195 enim
1554 2174 1688 2206 semper
1710 2165 1742 2195 in
1767 2164 1956 2195 actionibus
1977 2162 2148 2204 Imperatis

1152 2214 1344 2251 congruunt
1378 2206 1535 2239 voluntas
1570 2214 1603 2239 et
1638 2218 1718 2239 cor:
1752 2206 1796 2239 Ut
1832 2218 1905 2239 cum
1930 2206 2035 2238 Sinon
2060 2206 2149 2248 apud

1153 2252 1347 2295 vtrgilium,
1372 2250 1537 2283 simulans
1561 2262 1600 2283 se
1624 2262 1702 2283 esse
1731 2252 1874 2283 amicum
1897 2250 2063 2289 Troianis,
2091 2251 2149 2281 im-

1151 2304 1247 2339 perat
1268 2295 1416 2338 linguae,
1441 2302 1476 2327 ut
1500 2294 1587 2327 falsa
1611 2297 1710 2327 dicat.
1741 2295 1872 2326 Nomen
1893 2295 2031 2326 rationis
2049 2295 2149 2325 inter-

1152 2341 1229 2372 dum
1253 2338 1317 2371 soli
1340 2340 1562 2382 cognoscenti
1586 2340 1757 2381 potentiae
1781 2339 1950 2377 tribuitur,
1981 2338 2149 2370 Interdum

1151 2382 1383 2425 complectitur
1405 2383 1586 2425 potentiam
1616 2389 1877 2426 cognoscentem
1907 2388 1939 2413 et
1962 2380 2147 2413 volentem:

1149 2427 1193 2459 Et
1211 2428 1295 2460 haec
1309 2427 1461 2465 Phrasis,
1485 2425 1627 2458 liberum
1645 2427 1831 2465 arbitrium,
1855 2424 2021 2468 significat
2033 2431 2149 2467 poten-

1150 2472 1229 2503 tiam
1253 2478 1516 2514 cognoscentem
1539 2476 1572 2501 et
1596 2468 1777 2510 volentem,
1811 2480 1873 2502 seu
1905 2468 2045 2501 liberam
2081 2468 2148 2502 ele-

1151 2516 1296 2548 ctionem
1319 2514 1435 2546 harum
1459 2514 1692 2557 potentiarum.

1238 2602 1371 2635 Deinde
1391 2602 1571 2644 quaeritur,
1595 2608 1761 2644 quatenus
1778 2600 1937 2634 voluntas
1956 2602 1990 2633 in
2012 2600 2147 2633 homine

1152 2646 1195 2678 sit
1228 2645 1346 2678 libera.
1405 2645 1497 2678 Haeo
1531 2646 1573 2678 de
1606 2644 1784 2678 vocabulis
1817 2645 1960 2688 primum
1994 2645 2147 2678 conside·
