2383 2990
166 146 231 177 5⁷1

165 241 250 271 sicut
272 248 346 270 eam
368 237 462 269 Deus
487 235 661 268 ordinavit.
698 235 873 266 Ordinavit.
894 240 1015 273 autem,
1037 240 1073 266 ut
1097 235 1152 266 de·

166 284 284 315 beatur
313 281 501 313 obedientia
530 280 689 310 ministiis
719 277 894 320 Evangelii
923 279 956 309 in
987 278 1152 316 omnibus,

166 336 251 368 quae
275 331 352 356 sunt
386 324 466 355 iuris
490 323 607 360 divini,
631 323 722 354 iura
746 322 850 353 dicta:
874 321 937 357 Qui
962 331 1023 352 vos
1047 322 1149 360 audit,

164 380 218 401 me
241 369 342 406 audit,
368 367 431 402 Qui
455 377 517 397 vos
541 367 680 406 spernit,
703 376 756 396 nie
779 366 916 406 spernit.
948 364 1039 395 Haec
1063 365 1151 396 dicta

165 418 292 444 tantum
323 412 365 442 ad
397 410 581 441 doctrinam
611 415 643 440 et
665 409 819 440 mandata
847 409 928 440 iuris
952 408 1052 439 divini
1075 418 1150 449 per—

165 456 280 492 tinent,
305 460 338 485 et
361 463 429 484 non
453 453 658 483 constituunt
675 452 850 493 Episcopis
875 458 930 483 aut
953 451 1158 487 pastoribus,

164 508 303 540 regumn
327 503 420 528 extra
443 496 669 527 ministerium.

251 583 305 614 De
338 583 485 624 ipsorum
521 588 631 613 autem
668 581 900 613 traditionibus
932 579 1151 623 Evangelium

166 627 232 659 hoc
256 627 377 663 sancit,
403 625 638 656 Ordinationes
667 624 811 655 humana
835 624 1011 656 autoritate
1042 623 1151 655 factas

165 669 407 712 intelligendas
421 679 499 700 esse
522 669 593 699 sine
617 668 772 709 opinione
792 667 902 699 cultus
934 674 966 699 et
989 668 1059 698 sine
1084 667 1152 708 opi-

166 714 265 745 nione
287 713 513 750 necessitatis,
539 718 574 743 ut
597 718 674 743 sunt
698 712 889 742 observatio
908 710 1081 748 festorum,
1104 709 1150 741 le·-

167 758 311 788 ottonum
345 762 409 787 etc.
457 756 525 787 Sed
559 765 634 786 cum
663 756 840 796 opponitur
874 753 1060 795 exemplum
1088 753 1151 783 Le-

166 811 243 842 gum
262 799 482 841 politicarum,
507 805 701 830 constanter
718 799 987 839 respondendum
1000 802 1062 834 est,
1087 797 1152 827 dis-

166 843 274 875 simile
300 853 395 881 8558,
419 850 452 874 et
476 853 577 873 causa
599 841 684 872 haec
708 848 770 880 est,
795 842 870 882 quia
893 840 987 871 Deus
1011 840 1153 870 armavit

121 890 129 893 Α
164 892 366 928 potestatem
396 885 565 927 politicam
594 886 768 916 autoritate
805 884 968 915 condendi
998 884 1152 924 proprias

164 929 273 971 legeS,
297 939 382 972 quae
405 940 473 960 non
495 934 644 970 pugnant
673 939 747 959 cum
773 928 842 959 iure
862 927 990 965 divino,
1020 932 1053 957 et
1084 925 1152 957 vult

164 972 222 1004 illo
246 972 381 1004 vinculo
405 973 561 1004 munitam
585 982 662 1002 8558
676 981 804 1012 pacem,
827 968 982 1001 videlicet
997 970 1153 1001 obedien-

164 1018 209 1048 tia
234 1017 343 1048 debita
373 1015 525 1048 honestis
554 1014 684 1056 legibus
719 1021 751 1045 et
780 1014 953 1045 sententiis
975 1012 1152 1055 Magistra-

164 1067 266 1091 tuum.

252 1129 315 1160 Sed
335 1128 506 1159 ministros
529 1125 705 1168 Evangelii
728 1136 936 1168 nequaquam
966 1127 1035 1157 vult
1062 1126 1151 1156 insti-

168 1179 260 1203 tuere
284 1181 392 1202 novos
418 1169 543 1209 cultus,
573 1177 605 1201 et
636 1171 664 1200 si
688 1171 767 1211 quid
790 1170 869 1200 boni
895 1169 1019 1199 ordinis
1050 1179 1152 1199 causa

167 1215 358 1253 instituitur,
377 1220 413 1245 ut
436 1215 542 1245 series
566 1214 739 1251 festorum,
764 1211 833 1244 vult
852 1222 892 1243 ea
915 1211 1056 1254 intelligi
1080 1212 1152 1242 sine

167 1259 323 1300 opinione
357 1256 466 1288 cultus
501 1262 533 1288 et
562 1257 786 1288 necessitatis.

166 1302 199 1333 in
222 1300 408 1343 Evangelio
433 1301 597 1332 sancitam
619 1299 711 1331 nulla
733 1299 876 1331 humana
899 1299 1059 1330 autoritas
1082 1309 1151 1330 mu-

166 1351 236 1376 tare
259 1349 381 1387 potest.
427 1343 520 1376 Haec
543 1345 631 1377 scire
653 1353 794 1375 necesse
818 1348 887 1374 esta

377 1507 440 1540 DE
464 1507 632 1549 QUINTO
657 1505 935 1539 PRAECEPTO,

506 1624 603 1664 Non
634 1623 803 1663 occides.

255 1741 341 1773 Tota
364 1742 449 1773 haec
477 1752 556 1782 pars
579 1739 747 1782 Decalogi
776 1740 980 1771 constituens
1009 1737 1155 1780 politiam

169 1787 202 1817 in
226 1791 362 1816 externa
382 1786 622 1826 gubernatione
645 1783 854 1815 manifestam
885 1782 986 1814 habet
1009 1781 1156 1813 necessi-

170 1834 280 1860 tatem.
310 1828 351 1859 Et
374 1828 430 1859 hic
453 1830 524 1870 ipse
547 1826 702 1869 politicus
727 1824 809 1858 ordo
833 1826 1042 1858 manifestum
1066 1826 1156 1856 testi-

169 1873 313 1904 monium
336 1878 397 1911 est,
433 1872 522 1913 quod
556 1872 599 1902 sit
621 1870 735 1908 Deus,
771 1876 802 1901 et
825 1870 913 1912 quod
937 1870 981 1900 sit
1003 1869 1102 1900 iudex
1124 1874 1157 1899 et

169 1916 310 1954 vindex,
343 1917 419 1957 quia
442 1915 537 1946 Deus
561 1913 734 1945 manifeste
759 1919 812 1945 est
834 1918 1017 1954 exequutor
1040 1911 1157 1943 harum

168 1957 291 2000 legum,
329 1958 455 1990 etiamsi
489 1958 707 2000 Magistratus
741 1968 809 1988 non
842 1956 969 1988 faciunt
998 1954 1156 1993 osticium,

170 2008 225 2033 aut
248 2012 315 2033 non
343 2007 485 2044 possunt
513 2000 627 2033 faeere
657 2001 747 2032 iuxta
776 2001 915 2031 dictum:
951 1999 1065 2030 Omnis
1101 1999 1157 2040 qui

170 2046 335 2086 acceperit
359 2044 530 2088 gladium,
549 2043 660 2087 gladio
688 2045 818 2086 peribit.
863 2043 942 2074 Ideo
972 2048 1003 2074 et
1026 2041 1157 2074 Ethnici

171 2089 322 2120 dixerunt
345 2089 434 2120 hunc
459 2089 606 2119 ordinem
626 2088 771 2119 iustitiae
785 2087 929 2118 divinum
954 2096 1042 2125 esse,
1065 2092 1101 2117 ut
1124 2086 1157 2116 in

169 2132 324 2163 versibus
346 2131 561 2173 Empedoclis
585 2131 716 2162 dicitur:

213 2208 292 2240 ἀλλὰ
314 2208 346 2240 τὸ
370 2212 423 2249 μὲν
446 2210 567 2251 πρῶτον
586 2209 711 2248 νόμιμον
735 2208 786 2239 διὰ
808 2208 832 2238 τ’
856 2207 1068 2249 εὐρυμεδόιτος

298 2253 424 2294 αἴθερος
448 2252 574 2291 ἠνεκέως
595 2257 711 2283 τέταται
728 2255 778 2283 καὶ
801 2251 926 2282 ἀπλέτου
949 2250 1051 2290 αὐγῗς.

257 2355 591 2397 Comprehendantur
613 2362 723 2387 autem
746 2356 779 2386 in
802 2356 867 2387 hac
879 2354 1041 2395 Decalogi
1064 2360 1158 2395 parte

169 2399 268 2430 etiam
293 2400 381 2431 dicta
393 2400 435 2431 de
447 2399 704 2442 Magistratuum
728 2399 854 2437 officio,
874 2409 959 2441 quos
982 2397 1076 2429 Deus
1089 2395 1159 2428 vult

171 2449 366 2474 executores
391 2453 469 2474 esse
493 2454 686 2484 poenarum.
754 2442 817 2478 Qui
848 2453 922 2474 cum
945 2452 1011 2473 non
1035 2440 1159 2472 iaciunt

171 2483 330 2523 officium,
356 2485 450 2518 Deus
474 2492 585 2517 tamen
609 2496 737 2527 poenas
761 2487 953 2528 exequitur,
988 2491 1021 2516 et
1045 2489 1159 2515 servat

171 2528 340 2569 regulam:
361 2529 476 2561 Omnis
501 2530 557 2570 qui
583 2529 730 2571 gladium
753 2529 931 2571 acceperit,
952 2528 1062 2570 gladio
1086 2537 1159 2568 per-

171 2572 241 2603 ibit.
299 2572 395 2604 Item:
426 2573 541 2604 Omnis
566 2574 688 2612 anima,
712 2583 797 2614 quae
820 2573 936 2604 fecerit
959 2573 1019 2603 has
1036 2573 1160 2603 abomi-

172 2616 337 2654 nationes,
359 2617 594 2648 eradicabitur.

839 1255 934 1286 Hanc
964 1254 1161 1286 libertatem·

797 140 911 172 PHIL.
934 139 1037 172 MEL.
1061 139 1251 172 SCRIPTA
1272 139 1553 172 DOGMATICA.

2127 141 2193 173 572

1294 234 1490 278 Cogitentur
1513 236 1611 266 etiam
1634 236 1668 266 in
1689 235 1742 266 his
1769 236 1958 277 praeceptis
1981 246 2049 267 non
2072 235 2193 268 utilita-

1204 284 1255 310 tes
1274 284 1410 317 tantum,
1434 279 1520 309 sicut
1542 277 1773 310 Iurisconsulti
1787 280 1952 321 cogitanS,
1975 279 2070 321 pacis
2090 289 2194 311 causa

1204 322 1373 363 prohiberi
1397 322 1534 353 caedem
1557 328 1590 353 et
1613 321 1792 360 adulteria,
1822 323 1883 353 sed
1906 323 2092 354 intueamur
2117 333 2194 354 cau—

1204 375 1261 396 sas
1280 366 1426 406 priores:
1451 365 1544 396 Deus
1569 364 1641 396 vult
1665 364 1930 396 conformitatem
1955 376 2029 397 cum
2053 376 2115 397 suo
2140 376 2193 397 or-

1204 409 1290 440 dine.
1337 409 1412 450 lpse
1435 414 1545 440 autem
1568 408 1674 450 diligit
1696 407 1813 439 Filium
1836 407 2017 446 Christum,
2040 409 2195 450 prohibet

1204 453 1343 483 iniustas
1368 452 1490 483 caedes
1516 452 1547 482 in
1571 457 1642 483 toto
1666 461 1790 493 genere
1812 452 1969 484 humano.
1992 451 2053 483 Est
2067 458 2194 492 castuS,

1204 496 1277 526 ideo
1302 494 1371 526 vult
1395 501 1427 526 et
1450 506 1512 525 nos
1538 501 1653 525 castos
1677 505 1766 533 esse,
1791 500 1824 525 et
1847 495 1987 526 destruit
2011 495 2190 528 contraria.

1204 539 1295 577 Item,
1318 539 1463 569 sciamus
1488 538 1584 569 etiam
1608 538 1914 579 interpretationem
1936 537 2104 569 aChristo
2127 545 2194 570 tra-

1205 582 1305 613 ditam
1328 581 1445 612 Matth.
1470 581 1501 612 5.
1526 580 1684 612 videlicet
1708 592 1774 612 non
1787 587 1915 612 tantum
1928 587 2066 613 externa
2090 591 2194 622 opera

1206 625 1375 656 contraria
1398 624 1493 666 Legi,
1516 626 1657 656 iniustas
1682 625 1804 655 caedes
1828 630 1861 666 et
1883 623 2054 656 libidinum
2078 623 2193 656 confu-

1205 669 1321 699 siones
1344 667 1524 708 prohiberi,
1558 668 1618 698 sed
1642 667 1739 698 etiam
1763 667 1936 699 interiores
1960 667 2112 699 flammas
2134 679 2193 710 pu-

1205 718 1347 752 gnantes
1368 721 1442 742 cum
1464 711 1557 753 Lege
1580 710 1656 742 Dei.

1293 779 1445 810 Sciamus
1469 780 1578 817 etiam,
1602 779 1770 820 quomodo
1793 779 2065 820 respondendum
2088 780 2131 811 sit
2142 779 2193 811 Iu-

1205 821 1294 853 liano
1329 828 1360 853 et
1395 821 1487 860 aliis,
1521 823 1576 864 qui
1599 823 1851 864 disputaverunt
1874 822 2050 864 Evangelii
2073 824 2194 854 doctri-

1204 876 1280 896 nam
1304 866 1484 897 absurdam
1507 872 1538 896 et
1561 867 1783 907 perniciosam
1807 876 1883 896 esse
1904 866 1991 897 vitae
2015 865 2193 904 humanae,

1205 910 1282 951 quia
1304 909 1479 950 prohibeat
1497 910 1686 940 vindictam.
1731 909 2015 950 Respondendum
2034 915 2086 940 est
2108 910 2194 941 enim

1206 952 1377 993 prohiberi
1400 953 1579 983 vindictam
1603 953 1765 993 privatam
1788 962 1849 983 seu
1878 963 1945 984 non
1965 953 2151 984 ordinatam
2173 964 2194 984 a

1205 996 1293 1033 Deo,
1316 996 1529 1027 severissime
1548 1006 1628 1026 vero
1642 996 1788 1037 praecipi
1813 1002 1845 1026 et
1867 996 1986 1027 muniri
2009 996 2193 1027 ordinatam

1205 1050 1225 1070 a
1248 1038 1334 1077 Deo,
1354 1038 1508 1071 videlicet
1533 1038 1677 1070 officium
1700 1038 1966 1080 Magistratuum.

1292 1125 1383 1156 Haec
1407 1125 1482 1166 ipsa
1506 1125 1672 1156 distinctio
1696 1123 1872 1156 utilissima
1895 1131 1946 1156 est
1968 1125 2126 1166 imperiis,
2161 1130 2194 1156 et

1205 1169 1351 1200 ostendit
1384 1169 1607 1210 praesentiam
1644 1167 1708 1198 Dei
1741 1168 1774 1198 in
1810 1167 1988 1199 dilectione
2022 1168 2195 1200 societatis

1204 1211 1379 1243 humanae.
1443 1212 1536 1242 Haec
1559 1217 1633 1242 tota.
1652 1212 1805 1242 doctrina
1827 1213 2004 1252 perspicue
2026 1212 2059 1242 in
2077 1210 2196 1245 Eccle-

1205 1256 1262 1287 siis
1285 1255 1410 1286 nostris
1435 1254 1599 1296 explicata
1623 1260 1674 1286 est
1693 1254 1758 1286 Dei
1776 1254 1951 1293 beneficio,
1976 1260 2007 1286 et
2019 1253 2196 1286 refutanda

1204 1306 1281 1330 sunt
1317 1298 1531 1330 deliramenta
1563 1297 1807 1330 Monachorum
1831 1304 1863 1329 et
1885 1298 2195 1339 Anabaptistarum,

1205 1343 1248 1374 ad
1272 1353 1413 1384 quorum
1436 1348 1631 1384 argumenta
1654 1342 1782 1373 erudite
1805 1342 2074 1383 respondendum
2098 1346 2162 1373 est.

1266 1414 1380 1454 Deus
1413 1414 1530 1453 dicit:
1563 1413 1667 1453 Mihi
1698 1413 1922 1454 vindictam
1955 1420 1998 1453 et
2019 1427 2097 1469 ego
2128 1427 2194 1454 re—

1327 1475 1515 1515 tribuam.

1267 1536 1376 1593 Ergo
1414 1550 1490 1576 nec
1530 1534 1793 1589 Magistratus
1831 1540 2024 1575 exerceat
2059 1534 2196 1575 vindi-

1329 1602 1447 1636 ctam.

1295 1695 1512 1737 Respondeo:
1546 1695 1643 1737 Nego
1667 1696 1953 1736 consequentiam,
1984 1695 2060 1737 quia
2082 1696 2116 1726 in
2138 1705 2195 1726 an-

1209 1740 1384 1770 tecedente
1408 1738 1698 1780 comprehenditur
1721 1737 1866 1770 officium
1878 1738 2110 1781 Magistratus,
2132 1749 2196 1780 ego

1209 1784 1389 1814 retribuam
1413 1781 1467 1814 vel
1490 1793 1549 1824 per
1572 1792 1625 1813 me
1648 1782 1844 1821 immediate,
1866 1788 1901 1813 ut
1926 1793 2001 1813 cum
2023 1780 2116 1813 Deus
2141 1782 2196 1814 de·

1209 1825 1256 1857 let
1290 1826 1512 1867 Pharaonem,
1547 1826 1739 1863 Sodomam,
1773 1825 1828 1857 vel
1851 1826 2006 1864 mediate,
2039 1831 2076 1857 ut
2098 1825 2194 1858 Deus

1209 1870 1301 1912 punit
1326 1868 1499 1901 Catilinam
1523 1879 1583 1911 per
1602 1867 1779 1901 Consules.

1442 2041 1502 2074 DE
1525 2041 1669 2073 SEXTO
1692 2040 1967 2074 PRAECEPTO.

1490 2149 1586 2189 Non
1623 2149 1912 2189 moechaberis.

1298 2266 1422 2309 Legem
1458 2272 1489 2297 et
1524 2267 1665 2298 virtutes
1699 2266 1769 2298 vult
1802 2266 1897 2298 Deus
1920 2265 2073 2308 intelligi,
2106 2272 2198 2299 utet

1213 2311 1370 2348 sciamus,
1395 2308 1502 2351 qualis
1525 2310 1597 2351 ipse
1611 2311 1664 2349 sit,
1691 2316 1722 2342 et
1745 2310 1778 2341 in
1791 2310 2006 2342 Invocatione
2029 2310 2198 2342 discerna-

1212 2364 1285 2385 mus
1310 2364 1384 2384 eum
1408 2364 1427 2384 a
1450 2351 1545 2384 malis
1569 2354 1708 2385 naturis.
1732 2353 1824 2385 Facit
1848 2360 1956 2385 autem
1979 2352 2108 2385 illustre
2132 2353 2198 2385 dis-

1213 2398 1356 2435 crimen,
1391 2395 1551 2435 castitas,
1587 2408 1685 2438 quam
1721 2404 1878 2439 quantum
1907 2395 1986 2428 velit
2010 2396 2115 2436 Deus,
2139 2397 2198 2428 du-

1212 2439 1341 2482 pliciter
1362 2438 1499 2482 intelligi
1524 2447 1645 2481 potest,
1670 2447 1701 2471 et
1725 2442 1801 2482 quia
1824 2441 1897 2482 ipse
1916 2439 2118 2471 horribiliter
2140 2451 2198 2481 pu-

1212 2485 1259 2515 nit
1282 2482 1498 2515 consusiones
1533 2483 1714 2522 libidinum,
1749 2490 1781 2515 et
1805 2484 1881 2525 quia
1904 2483 2038 2514 Diaboli
2061 2490 2127 2515 tam
2149 2483 2199 2515 fu-

1213 2533 1326 2559 renter
1349 2525 1521 2567 impellunt
1540 2527 1711 2565 homines,
1747 2533 1783 2558 ut
1806 2527 1897 2558 varie
1920 2528 2196 2566 contaminentur,

1213 2572 1303 2612 quod
1326 2570 1462 2608 faciunt,
1486 2581 1552 2602 non
1577 2571 1653 2613 quia
1676 2569 1833 2612 voluptas
1857 2569 1973 2601 similis
1993 2571 2034 2601 sit
2049 2571 2081 2601 in
2104 2570 2197 2612 ipsis,

1214 2620 1248 2645 ut
1271 2615 1303 2645 in
1328 2613 1453 2646 carnali
1478 2620 1606 2652 natura,
1626 2614 1687 2645 sed
1711 2615 1787 2645 odio
1811 2613 1886 2653 Dei,
1904 2621 1940 2646 ut
1962 2614 2069 2656 magis
2098 2613 2198 2645 offen-
