2383 2990
148 166 212 198 597
594 161 650 193 Vl.
675 160 738 192 DE
761 158 979 191 ECCLESIA
1007 157 1064 189 ET
1087 156 1149 189 DE
1173 153 1460 187 AUTORITATE
1485 151 1623 185 VERBI
1647 150 1734 182 DEI.
2129 149 2194 182 598

147 260 313 293 audienda
342 259 396 297 sit,
431 268 472 289 ac
499 258 651 299 probatis
685 256 884 288 testimoniis
907 255 1079 291 utendum,
1114 258 1145 284 et

148 311 259 336 tamen
280 304 433 335 doctrina
456 303 634 339 iudicanda
659 312 699 332 ex
725 301 828 331 verbo
854 299 928 336 Dei,
953 305 986 330 ut
1011 302 1145 328 01311031

149 358 277 380 summa
312 347 474 378 autoritas
509 346 601 376 verbi
633 345 707 383 Dei,
741 345 831 375 iuxta
867 342 963 374 illud:
1000 341 1035 372 Si
1070 341 1144 382 quis

148 391 240 424 aliud
263 389 485 433 Evangelium
510 390 674 426 docuerit,
698 385 876 419 anathema
900 387 952 417 sit.

237 477 384 509 Primum
418 483 541 514 autem,
576 486 651 507 cum
682 475 816 506 nomino
840 471 1042 509 Ecclesiam,
1075 480 1143 501 non

148 521 301 563 intelligo
337 521 536 558 Pontifices,
572 519 781 560 Episcopos,
817 523 850 548 et
885 523 1053 553 caeteros,
1089 515 1143 556 qui

149 567 293 608 probant
318 566 468 606 ipsorum
504 564 690 605 opiniones,
724 562 809 593 Nam
844 560 877 591 hi
912 565 989 590 sunt
1025 558 1143 589 hostes

150 619 252 641 verae
284 607 471 645 Ecclesiae,
506 608 623 648 partim
657 605 820 646 Epicurei,
853 604 972 645 partim
1002 600 1145 633 11101013-

149 659 223 685 1130
245 651 423 690 manifesti,
458 651 524 682 Sed
559 660 644 682 voco
668 648 868 684 Ecclesiam,
903 653 1035 678 coetum
1066 655 1146 677 vere

151 697 370 733 credentium,
395 695 449 737 qui
470 695 592 725 habent
618 691 838 734 Evangelium
863 697 894 721 et
915 692 1144 726 Sacramenta,

151 746 184 771 et
219 739 473 771 sanctificantur
507 738 631 778 Spiritu
666 742 798 773 sancto,
833 735 918 765 510111
953 733 1077 775 Ephes.
1114 732 1142 763 5.

151 784 353 815 describitur
377 781 544 819 Ecclesia,
568 787 598 812 et
623 780 739 811 lohan.
770 780 817 810 10.
853 780 945 809 Oves
970 788 1063 808 meae
1087 787 1146 807 vo-

153 837 230 860 cem
253 837 362 858 meam
388 826 536 857 audiunt.

239 913 313 945 Etsi
337 920 445 945 autem
464 921 607 943 necesse
632 915 693 946 est,
719 909 806 939 hanc
830 918 944 939 veram
956 906 1146 937 Ecclesiam

152 965 286 997 semper
309 955 441 992 durare,
466 955 543 995 quia
566 963 704 994 regnum
719 952 842 982 (‘liristi
864 959 911 981 est
938 957 1146 992 perpetuum,

152 1005 185 1031 et
203 999 364 1040 scriptum
389 1004 456 1029 est:
492 996 636 1028 Manebo
672 996 847 1027 vobiscum
871 1005 978 1036 usque
1002 995 1043 1025 ad
1068 1004 1147 1025 con-

152 1043 408 1073 summationem
444 1039 562 1078 seculi,
598 1047 708 1071 tamen
744 1040 914 1070 ¹sciendum
952 1044 1015 1076 est,
1058 1038 1146 1068 hanc

151 1096 266 1118 veram
290 1084 478 1116 Ecclesiam
503 1095 569 1115 non
595 1094 728 1125 semper
757 1084 882 1124 pariter
917 1082 1050 1119 florere,
1085 1081 1146 1111 sed

152 1140 255 1171 saepe
280 1130 459 1160 admodum
489 1129 641 1169 exiguam
667 1137 755 1164 esse,
789 1138 830 1158 30
854 1127 995 1157 subinde
1020 1125 1147 1156 restitui

153 1174 322 1211 divinitus,
347 1174 459 1203 missis
483 1173 573 1203 veris
597 1172 805 1208 doctoribus,
832 1178 861 1201 ut
878 1170 972 1201 Noae
996 1176 1148 1211 tempore

152 1216 212 1248 suit
235 1223 379 1259 angusta
403 1215 557 1247 Ecclesia
581 1222 613 1246 et
636 1226 819 1257 paucorum
844 1220 971 1245 coetus.

240 1303 289 1335 lta
330 1310 407 1344 post
443 1302 601 1334 diluvium
642 1302 775 1333 retinuit
811 1311 924 1332 veram
961 1301 1148 1331 doctrinam

151 1346 423 1384 Melchisedech,
459 1347 513 1388 qui
538 1346 597 1377 fuit
623 1345 713 1383 Sem,
756 1344 843 1375 tilius
867 1345 971 1379 Noae,
1007 1350 1037 1375 et
1074 1355 1148 1375 cmn

151 1390 346 1423 Idololatria
372 1391 460 1431 apud
485 1389 678 1421 Chaldaeos
703 1390 881 1426 crevisset,
905 1399 945 1419 ac
971 1398 1056 1430 pene
1080 1388 1149 1418 ubi-

151 1445 216 1477 que
251 1435 397 1465 extincta
433 1439 525 1465 esset
560 1444 641 1464 vera
676 1433 844 1470 doctrina,
879 1431 973 1463 Deus
1009 1437 1149 1463 renovat

150 1477 341 1510 Ecclesiam
365 1483 487 1510 vocato
511 1475 693 1508 Abraham.
741 1475 864 1507 Postea
895 1474 1017 1506 13011113
1041 1476 1149 1506 Abra-

150 1523 227 1561 hae,
263 1528 295 1553 et
327 1522 422 1563 pauci
460 1522 531 1552 eius
565 1521 736 1551 auditores
769 1526 847 1551 sunt
871 1519 1039 1557 Ecclesia,
1075 1530 1148 1550 00111

151 1566 280 1598 interim
312 1564 474 1597 Chaldaei
499 1570 530 1596 et
560 1564 718 1606 Aegyptii
743 1562 967 1606 gloriarentur
1002 1574 1038 1594 se
1073 1573 1150 1593 esse

151 1616 308 1652 posteros
346 1616 488 1651 patrum,
524 1618 560 1639 se
594 1609 739 1639 retinere
774 1614 903 1649 patrum
934 1606 1086 1648 exempla
1118 1612 1150 1637 01

153 1652 288 1692 cultum,
313 1660 343 1684 et
369 1653 602 1693 praedicarent
627 1662 665 1682 50
689 1662 767 1682 esse
792 1650 949 1692 populum
975 1650 1050 1689 Dei,
1077 1661 1150 1681 cum

152 1699 292 1729 verbum
322 1696 386 1727 Dei
417 1706 483 1727 non
515 1696 742 1732 retinuissent,
778 1696 905 1726 etiamsi
941 1695 1150 1726 ceremonias

152 1741 371 1778 retinuerant,
413 1741 534 1781 quibus
581 1745 692 1769 tamen
734 1737 935 1770 affinxerunt
969 1748 1150 1781 perversas

154 1784 342 1824 opinioneS,
368 1790 399 1814 et
424 1783 618 1814 addiderant
644 1780 882 1813 idololatriam.

242 1869 407 1911 Tempore
420 1868 536 1900 Achaz
556 1868 615 1900 fuit
640 1870 671 1900 in
698 1867 801 1900 lsrael
825 1869 969 1899 extincta
984 1867 1152 1907 Ecclesia,

153 1920 273 1956 postea
309 1924 368 1955 per
392 1912 498 1944 Eliam
535 1920 567 1944 et
596 1911 767 1944 Elisaeum
802 1922 922 1944 rursus
957 1919 1058 1944 aucta
1089 1919 1152 1951 est,

154 1958 275 1990 deinde
299 1958 418 1989 iterum
443 1956 596 1999 collapsa
620 1963 681 1988 est.

243 2044 326 2076 Cum
350 2051 550 2076 nasceretur
574 2044 750 2082 Christus,
782 2042 841 2075 suit
873 2044 905 2075 in
931 2043 1010 2075 Iuda
1040 2044 1152 2075 admo-

155 2089 232 2120 dum
257 2089 379 2130 exigua
392 2088 559 2126 Ecclesia,
583 2088 703 2126 Maria,
729 2088 862 2128 loseph,
887 2086 1009 2118 familia
1025 2087 1152 2118 Zacha-

154 2134 233 2168 riae,
259 2132 408 2169 Simeon,
433 2132 543 2170 Anna,
568 2131 741 2170 Pastores,
762 2138 791 2163 et
810 2133 907 2172 pauci
928 2130 994 2162 alii.
1025 2131 1153 2162 interea

154 2177 302 2218 regimen
339 2175 619 2207 Ecclesiasticum
653 2175 712 2206 fuit
746 2187 851 2217 penes
882 2175 1085 2206 Pharisaeos
1120 2182 1150 2205 et

155 2220 390 2257 Sadducaeos,
432 2219 488 2260 qui
526 2225 620 2249 crant
661 2218 771 2259 palam
806 2220 905 2260 impii.
965 2219 1153 2249 Sadducaei

156 2265 255 2295 etiam
291 2268 386 2294 crant
422 2262 593 2304 Epicurei,
637 2269 669 2292 et
705 2269 815 2293 tamen
850 2263 1055 2303 arrogabant
1089 2262 1152 2292 sibi

155 2308 336 2350 praecipue
360 2305 489 2338 titulum
512 2304 626 2347 populi
649 2305 724 2337 Dei.

246 2394 302 2426 Sic
327 2400 360 2425 et
383 2399 533 2435 tempore
557 2392 800 2434 Prophetarum
828 2393 948 2434 exigua
981 2389 1040 2422 11111
1072 2401 1153 2422 vera

157 2437 331 2476 Ecclesia,
365 2437 487 2468 Esaiae
521 2437 642 2478 primo:
677 2436 749 2467 Nisi
774 2436 937 2467 Dominus
962 2435 1154 2476 reliquisset

158 2483 256 2514 nobis
280 2492 407 2519 semen,
431 2482 517 2512 51001
540 2480 689 2511 Sodoma
709 2487 741 2511 et
766 2480 934 2511 Gomorra
957 2478 1037 2510 facti
1062 2489 1153 2509 esse-

158 2536 242 2558 mus.
290 2525 382 2556 Haec
406 2526 510 2556 verba
535 2524 733 2566 gratissime
756 2530 892 2556 monent
926 2533 1001 2560 nOS,
1039 2533 1081 2553 ne
1112 2523 1153 2560 de

158 2568 314 2602 Ecclesia
339 2570 543 2611 cogitemus,
581 2574 745 2610 tanquam*
764 2569 805 2601 de
835 2568 1003 2599 mundana
1026 2566 1153 2607 politia,

158 2625 201 2645 ne
230 2624 302 2645 03111
337 2612 559 2644 successione
589 2611 853 2653 Episcoporum,
889 2617 944 2642 aut
980 2611 1088 2652 gradu
1123 2616 1155 2641 et

158 2656 236 2690 loeo
260 2656 458 2689 Pontificum
482 2657 668 2694 metiamur,
703 2656 764 2687 sed
787 2656 877 2697 apud
900 2664 960 2687 eos
984 2665 1063 2686 esse
1087 2660 1154 2685 sta·

1198 258 1330 282 tuamus
1354 248 1556 288 Ecclesiam,
1591 249 1645 290 qui
1679 247 1824 279 retinent
1858 256 1974 277 veram
2009 246 2194 278 doctrinam

1197 293 1383 336 Evangelii.
1426 296 1459 325 In
1482 293 1548 324 hoc
1574 298 1672 324 coetu
1695 301 1772 322 esse
1795 289 1926 332 aliquos
1951 300 2032 321 vere
2055 291 2195 321 creden-

1197 345 1249 369 tes
1284 348 1427 368 necesse
1462 344 1524 374 est,
1548 337 1632 367 Nam
1666 336 1710 366 ad
1744 334 1832 365 hunc
1867 340 1999 365 coetum
2029 334 2194 374 pertinent

1197 382 1449 423 promissiones.
1497 380 1574 411 11100
1588 380 1710 410 Esaias
1734 378 1877 409 detrahit
1901 376 1992 408 illum
2016 384 2195 419 augustum

1197 424 1325 456 titulum
1362 426 1432 456 suis
1467 424 1674 465 principibus
1711 429 1741 453 et
1768 421 1999 459 PontificibuS,
2023 427 2055 452 et
2078 422 2194 462 inquit,

1198 470 1355 510 exiguum
1391 479 1505 499 semen
1530 467 1693 508 reliquum
1717 476 1796 497 esse
1819 466 1853 497 in
1876 464 1934 497 ilio
1958 465 2033 506 ipso
2057 464 2196 507 populo,

1198 514 1253 554 qui
1277 513 1462 544 vocabatur
1484 510 1629 553 populus
1653 510 1728 541 Dei.

1237 634 1248 640 -
1285 599 1327 630 Et
1350 598 1508 630 Ieremiae
1531 603 1699 639 tempore,
1734 607 1807 628 cum
1831 596 1861 627 ei
1883 595 1996 637 Reges
2020 601 2052 626 et
2077 595 2196 627 Sacer-

1199 644 1295 674 dotes
1320 643 1593 679 adversarentur,
1624 652 1690 671 non
1722 647 1790 671 erat
1817 638 1973 671 Ecclesia
1999 645 2117 670 coetus
2142 650 2196 670 sa-

1200 687 1383 724 cerdotum,
1407 686 1467 716 sed
1491 683 1550 722 illi,
1576 685 1629 726 qui
1656 684 1837 715 credebant
1862 683 2081 714 concionibus
2111 682 2196 714 lere-

1199 732 1293 762 miae.
1341 730 1447 761 Amos
1471 727 1501 759 3.
1534 728 1587 759 Sic
1611 726 1805 759 liberabitur
1829 725 1945 765 lsrael,
1970 733 2004 757 ut
2029 727 2056 758 si
2080 733 2198 768 pastor

1199 775 1265 806 duo
1291 784 1389 805 crura
1426 771 1514 803 leoni
1535 782 1576 802 ex
1600 770 1753 802 faucibus
1779 771 1906 812 eripiat.
1952 769 2109 812 Denique
2133 768 2194 801 fuit

1200 818 1321 860 exigua
1348 815 1504 847 Ecclesia
1538 826 1619 857 prae
1653 813 1861 846 multitudine
1895 814 2087 855 impiorum,
2122 824 2197 845 00111

1200 871 1317 893 omnes
1355 867 1473 891 ventes
1507 866 1642 901 praeter
1665 857 1824 900 populum
1848 858 1929 890 Iuda
1952 868 2095 899 prorsus
2119 857 2198 889 ami-

1199 906 1323 936 sissent
1345 905 1495 935 notitiam
1519 903 1593 934 Dei.

1288 991 1455 1023 Praedicit
1486 996 1518 1022 et
1553 990 1721 1030 scriptura
1755 987 1885 1021 futuras
1909 994 1989 1030 post
2012 987 2199 1029 Apostolos

1199 1033 1377 1067 Ecclesiae
1401 1034 1528 1072 clades,
1563 1032 1681 1064 Matth.
1704 1033 1755 1063 14.
1801 1031 1897 1064 Multi
1923 1032 2199 1074 Pseudoprophe-

1201 1087 1254 1110 tae
1279 1086 1431 1121 surgent,
1452 1084 1483 1109 et
1509 1078 1672 1119 decipient
1699 1075 1832 1108 multos.
1879 1075 1976 1108 Item:
2002 1075 2085 1107 Cum
2110 1076 2200 1107 vidc-

1202 1124 1278 1154 bitis
1291 1123 1572 1154 abominationem
1593 1119 1812 1152 desolationis
1833 1127 1976 1151 stantem
1990 1120 2020 1151 111
2034 1119 2110 1150 1000
2123 1130 2200 1150 san-

1203 1173 1269 1198 cto.
1315 1167 1377 1198 Hic
1411 1165 1589 1208 significat,
1620 1166 1652 1196 in
1677 1163 1844 1202 Ecclesia,
1879 1174 1965 1206 quae
1996 1164 2045 1195 sic
2070 1164 2200 1202 dicitur,

1203 1211 1362 1242 orituram
1386 1221 1463 1241 0550
1483 1207 1721 1245 Idololatriam,
1741 1219 1807 1250 qua
1830 1209 2016 1239 obruentur
2040 1218 2120 1238 vera
2143 1207 2201 1238 do-

1203 1255 1309 1285 ctrina
1339 1260 1371 1285 et
1396 1254 1465 1285 veri
1489 1251 1618 1290 cultus,
1650 1258 1681 1283 01
1705 1252 1760 1283 fiet
1784 1250 1959 1283 Ecclesiae
1982 1252 2144 1289 vastitas,
2168 1251 2201 1282 id

1203 1305 1266 1335 est,
1291 1297 1438 1329 solitudo
1458 1307 1519 1328 seu
1544 1297 1717 1327 extinctio.
1748 1296 1858 1336 Atque
1877 1296 1922 1326 ita
1945 1295 2077 1326 accidit.
2102 1294 2201 1326 Post-

1203 1352 1302 1384 quarn
1335 1343 1463 1372 abusus
1484 1340 1662 1371 Missarum
1699 1345 1731 1370 et
1767 1339 1876 1370 001105
1901 1339 2113 1370 traditionum
2137 1338 2202 1369 orti

1203 1391 1299 1424 sunt,
1330 1391 1468 1416 secutae
1498 1390 1576 1415 sunt
1598 1384 1758 1414 tenebrae
1784 1384 1824 1414 de
1848 1383 1936 1414 veris
1967 1381 2130 1421 cultibus,
2161 1382 2203 1413 de

1203 1430 1280 1467 fide,
1316 1430 1357 1460 de
1380 1428 1595 1460 invocatione
1617 1427 1650 1458 in
1676 1426 1759 1465 11110,
1793 1427 1834 1457 de
1859 1424 1980 1457 officiis
2004 1425 2202 1457 vocationis.

1204 1474 1290 1509 Quia
1314 1473 1520 1505 conscientia
1543 1472 1676 1502 intuens
1701 1471 1732 1502 in
1756 1471 1893 1512 propria
1915 1470 2045 1507 merita,
2064 1480 2131 1500 non
2143 1480 2203 1511 po-

1202 1523 1267 1548 test
1292 1516 1522 1548 remissionem
1546 1521 1761 1557 peccatorum
1786 1512 1985 1555 intelligere,
2007 1524 2071 1545 nec
2089 1524 2204 1545 veram

1203 1561 1449 1593 invocationem
1474 1566 1507 1591 et
1531 1559 1798 1601 expectationem
1821 1557 1933 1589 31011111
1957 1558 2059 1589 divini
2083 1563 2148 1589 etc.

1291 1648 1390 1679 Item:
1411 1647 1549 1678 Facient
1574 1646 1672 1688 signa
1697 1652 1728 1677 et
1752 1645 1918 1687 prodigia,
1941 1650 1987 1683 ut,
2001 1645 2029 1675 si
2042 1643 2113 1675 fieri
2126 1654 2204 1685 pos-

1204 1698 1267 1729 set,
1291 1692 1497 1723 seducantur
1520 1690 1618 1721 etiam
1643 1689 1754 1728 electi,
1778 1690 1809 1721 2.
1831 1688 1986 1720 Thessal.
2006 1689 2037 1719 2.
2083 1687 2205 1719 Veniet

1204 1735 1349 1767 defectio
1374 1742 1438 1766 etc.
1464 1734 1546 1765 Luc.
1573 1734 1621 1765 18.
1668 1734 1789 1771 Putas,
1822 1733 1912 1775 quod
1936 1733 2076 1764 veniens
2100 1730 2203 1763 Filius

1203 1780 1346 1811 hominis
1377 1779 1523 1809 inveniet
1548 1778 1668 1808 tidem?
1710 1776 1800 1808 Psal.
1829 1777 1882 1809 88.
1927 1776 2095 1818 Numquid
2117 1785 2204 1807 vane

1205 1823 1404 1855 constituisti
1436 1821 1523 1852 filios
1559 1822 1726 1853 hominum
1751 1828 1814 1852 ete.
1861 1820 1922 1852 Est
1957 1821 2041 1851 enim
2066 1818 2205 1861 querela

1205 1868 1245 1898 110
1269 1873 1432 1898 venturae
1456 1864 1633 1897 Ecclesiae
1653 1866 1757 1895 ruina.
1795 1865 1889 1896 Haec
1914 1864 2003 1895 dicta
2027 1869 2204 1902 testantur,

1205 1911 1333 1942 etiamsi
1369 1910 1563 1941 conservari
1596 1908 1784 1940 Ecclesiam
1819 1918 1963 1939 necesse
1993 1913 2063 1945 est,
2088 1913 2204 1938 tamen

1204 1955 1401 1997 praesertim
1427 1960 1598 1995 postremo
1619 1959 1769 1994 tempore
1793 1953 1972 1983 admodum
1997 1951 2151 1993 exiguam
2171 1956 2205 1981 et

1204 2009 1386 2041 paucorum
1411 2004 1541 2029 coetum
1566 2007 1655 2034 esse,
1681 1997 1735 2039 qui
1760 2002 1837 2028 sunt
1861 1996 1964 2038 spreti
1988 2001 2019 2026 01
2038 1994 2159 2026 abiecti
2170 1994 2204 2025 in

1204 2043 1269 2074 hac
1292 2043 1370 2080 vita,
1391 2042 1476 2073 sicut
1497 2042 1602 2083 inquit
1626 2040 1769 2072 Paulus:
1799 2040 1875 2071 Non
1905 2037 1997 2070 multi
2022 2039 2205 2080 sapientes,

1205 2098 1273 2118 non
1298 2085 1390 2117 multi
1413 2092 1567 2128 potentes
1588 2090 1652 2116 etc.

1294 2173 1388 2204 Haec
1412 2171 1603 2203 testimonia
1624 2181 1663 2202 eo
1684 2171 1796 2209 citavi,
1821 2176 1856 2202 ut
1873 2170 2014 2212 primum
2029 2169 2205 2211 cogitetur,

1207 2217 1285 2259 quid
1305 2218 1348 2247 sit
1371 2215 1537 2254 Ecclesia,
1562 2215 1804 2249 etabducatur
1826 2215 1955 2245 animus
1980 2211 2205 2245 acarnalibus

1207 2261 1436 2301 opinionibus,
1473 2270 1558 2301 quae
1582 2259 1712 2301 fingunt
1741 2257 1932 2289 E:clesiam
1956 2267 2035 2288 esse
2057 2254 2206 2298 politiam

1208 2304 1425 2341 Pontificum,
1460 2309 1491 2334 et
1513 2301 1653 2345 alligant
1676 2313 1747 2333 eam
1771 2303 1813 2333 ad
1838 2302 2040 2332 ordinariam
2070 2309 2205 2331 succes-

1207 2351 1335 2379 sionem
1359 2347 1621 2389 Episcoporum,
1656 2347 1743 2377 sicut
1778 2346 1914 2387 imperia
1949 2344 2139 2376 consistunt
2172 2343 2204 2374 in

1207 2391 1376 2423 ordinaria
1400 2391 1621 2422 successione
1645 2389 1847 2430 Principum.
1880 2388 1949 2419 Sed
1967 2386 2123 2419 Ecclesia
2145 2386 2205 2418 ali-

1206 2442 1256 2467 ter
1275 2446 1313 2467 50
1336 2434 1447 2466 habet.
1479 2433 1541 2465 Est
1565 2435 1652 2465 enim
1672 2439 1788 2465 coetus
1812 2443 1880 2464 non
1903 2430 2061 2474 alligatus
2084 2431 2128 2462 ad
2151 2441 2204 2462 or-

1207 2480 1368 2510 dinariam
1399 2478 1670 2515 successionem,
1707 2477 1767 2507 sed
1797 2477 1839 2506 ad
1870 2476 2009 2507 verbum
2035 2475 2110 2506 Dei.
2157 2474 2205 2506 lbi

1206 2523 1394 2554 renascitur
1412 2520 1581 2559 Ecclesia,
1599 2521 1656 2552 ubi
1670 2520 1764 2551 Deus
1788 2519 1932 2550 restituit
1951 2519 2150 2557 doctrinam,
2173 2523 2205 2549 et

1207 2567 1263 2598 dat
1288 2567 1443 2607 Spiritum
1473 2570 1637 2596 sanctum.
1684 2563 1727 2594 Et
1745 2564 1812 2595 hoc
1834 2563 1934 2594 modo
1955 2563 2027 2605 regi
2061 2567 2094 2593 et
2125 2572 2205 2594 con-

1207 2611 1336 2642 servari
1360 2608 1546 2650 Eoelesias,
1570 2618 1637 2640 non
1662 2607 1830 2645 ordinaria
1849 2608 2080 2645 successione,
2102 2610 2205 2637 testa-

1207 2660 1261 2686 tur
1280 2652 1406 2686 Paulus
1429 2652 1536 2695 Ephe.
1560 2652 1592 2683 4.
1637 2651 1737 2683 Dedit
1761 2652 1850 2683 dona
1872 2650 2082 2688 hominibus,
2112 2649 2205 2691 Apo-

1995 2712 2046 2736 38⁸
