2383 2990
164 107 230 140 369

250 203 383 236 Tertius
407 204 526 235 modus
550 209 603 236 est
625 205 829 246 praesentia,
853 216 919 247 qua
942 205 975 236 in
992 204 1058 236 hac
1076 216 1164 236 mor-

162 246 220 280 tali
243 248 311 280 vita
334 247 429 279 Deus
453 247 583 279 habitat
614 248 645 279 in
669 248 824 287 Sanctis,
855 260 922 291 qua
950 260 1017 281 non
1053 247 1164 280 solum

163 297 345 324 conservat
368 293 580 324 substantias
605 302 733 331 eorum,
764 293 825 325 sed
850 293 948 324 etiam
971 292 1164 324 sanctificat

161 345 223 369 eas
247 345 315 369 non
339 335 527 375 visibiliter,
551 336 619 368 Sed
644 342 696 367 est
716 335 835 368 efficax
848 337 881 367 in
895 337 955 375 eis,
980 337 1058 378 quia
1077 346 1163 368 voce

160 380 338 424 Evangelii
361 379 466 412 Filius
489 380 644 412 accendit
672 381 703 412 in
728 382 776 412 eis
811 391 933 411 novam
969 380 1096 419 lucem,
1131 386 1164 412 et

160 424 310 457 vivificat
334 435 407 463 eos,
430 431 463 456 et
487 424 626 456 effundit
649 424 682 455 in
712 435 772 456 eos
803 424 963 466 Spiritum
995 432 1163 462 sanctum,

159 475 196 501 ut
219 479 328 500 novos
351 475 464 500 motus
494 469 556 510 ipsi
592 474 833 510 congruenteS,
870 475 901 499 et
935 467 1094 500 laetitiam
1129 469 1162 499 in

160 513 210 545 eis
233 513 410 551 exuscitet,
446 512 534 544 hanc
568 513 794 555 praesentiam
829 511 1052 553 separabilem
1084 522 1162 543 esse

160 557 336 599 Sciiptura
360 555 517 596 affirmat,
542 562 575 588 et
598 556 780 587 tristissimi
816 555 933 598 lapsus
958 556 1161 587 Sanctorum

160 601 355 639 ostendunt,
379 606 412 632 et
435 610 648 643 nequaquam
673 606 726 631 est
749 600 826 631 unio
852 600 1064 643 hypostatica
1089 598 1161 631 Filii

158 650 217 676 aut
240 645 386 687 Spiritus
410 645 519 676 sancti
544 655 619 676 cum
642 643 777 675 homine
810 649 978 676 converso
1015 654 1074 675 seu
1110 654 1161 675 re-

158 694 252 728 natO,
286 689 348 720 sed
383 689 572 720 nominatur
602 694 730 720 tantum
764 688 927 720 habitatio
951 688 1016 720 Dei
1044 689 1077 720 in
1101 687 1161 719 ho-

158 732 247 764 mine
270 743 452 765 converso.
491 740 495 744 ’

247 819 396 856 Quartus
419 820 539 852 modus
563 817 665 862 longe
688 818 774 851 alius
799 826 862 858 est,
889 830 955 862 quo
979 819 1067 851 haec
1085 817 1161 851 sola

156 873 305 907 persona
341 863 430 903 λόγος
465 864 605 895 assumit
642 865 819 895 humanam
855 872 1025 902 naturam,
1060 865 1161 895 sumit

158 914 285 940 certam
309 918 458 939 massam
483 918 524 939 ex
549 918 674 950 genere
692 907 851 946 humano,
886 920 953 939 non
979 906 1089 939 solum
1113 909 1161 939 in-

157 950 405 994 separabiliter,
441 952 503 983 sed
527 953 627 983 etiam
653 951 710 983 tali
740 953 876 990 unione,
911 959 946 983 ut
981 953 1023 983 sit
1058 963 1159 983 unum

156 995 361 1038 ὕφισιιίμειόν
374 995 461 1036 λόγος
485 1002 516 1027 et
542 1002 694 1027 assumta
718 1002 856 1035 natura,
892 1003 923 1027 et
958 997 1044 1027 sicut
1075 995 1160 1027 haec

154 1050 316 1082 persona,
339 1040 427 1080 λόγος
450 1046 588 1071 aeterna
603 1047 667 1078 est,
686 1040 731 1071 ita
751 1047 871 1081 postea
884 1039 1091 1082 impossihile
1105 1042 1162 1079 sit,

154 1083 243 1116 hanc
267 1094 415 1116 massam
440 1084 502 1126 ipsi
528 1085 688 1116 insertam
713 1095 779 1115 non
805 1083 903 1116 simul
929 1094 1074 1116 manere.
1107 1084 1160 1116 Ao

154 1129 367 1160 notissimum
381 1129 423 1159 sit
445 1130 569 1160 dictum
589 1129 761 1159 omnibus:
786 1128 946 1160 Naturam
968 1128 1160 1166 humanam,

155 1182 254 1215 quam
277 1172 364 1211 λόγος
388 1171 494 1204 semel
522 1173 694 1210 assumsit,
718 1183 888 1214 nunquam
914 1173 1050 1203 deserit.
1087 1172 1159 1203 Etsi

155 1222 268 1248 autem
294 1215 483 1258 exemplum
507 1215 605 1247 huius
629 1216 763 1247 unionis
788 1215 918 1248 nullum
943 1223 995 1248 est
1015 1217 1047 1247 in
1067 1227 1160 1248 crea-

155 1259 239 1291 turis
265 1260 355 1302 quod
389 1270 532 1302 prorsus
557 1266 741 1301 congruat,
778 1266 889 1291 tamen
920 1266 1088 1299 vetustas,
1124 1266 1161 1292 ut

154 1302 267 1345 aliquo
292 1304 393 1335 modo
418 1304 568 1335 declaret
593 1304 681 1335 hanc
711 1304 885 1342 unionem,
921 1306 1066 1336 ostendit
1100 1304 1159 1335 ho-

155 1348 289 1385 minem,
315 1348 405 1379 sicut
428 1348 538 1379 anima
563 1347 707 1378 hominis
733 1354 762 1378 et
805 1358 929 1388 corpus
955 1355 1031 1379 sunt
1058 1359 1159 1380 unum

153 1389 358 1433 ὑφιστάμενον
382 1390 594 1433 completum,
619 1397 652 1422 et
677 1401 802 1432 corpus
827 1390 1026 1423 dissolvitur
1045 1393 1160 1423 deser-

152 1440 223 1467 tum
257 1435 300 1466 ab
337 1435 458 1473 anima,
494 1435 539 1466 ita
575 1434 661 1475 λόγος
692 1440 723 1465 61
756 1442 909 1467 assumta
938 1442 1057 1467 natura
1082 1442 1160 1467 sunt

152 1489 257 1511 unum
291 1478 509 1521 ὑφιστάμενον,
547 1485 580 1510 61
615 1479 826 1521 redigeretur
861 1480 893 1511 in
929 1478 1066 1511 nihilum
1103 1479 1160 1511 illa

152 1533 287 1561 massa,
322 1524 351 1554 si
375 1533 443 1554 non
468 1524 518 1555 sic
542 1529 736 1565 gestaretur
760 1534 780 1554 a
804 1523 894 1567 λόγῳ.
943 1523 1036 1555 111166
1071 1524 1160 1555 simi—

152 1564 257 1599 litudo
282 1572 371 1598 extat
385 1568 473 1609 apud
487 1566 724 1605 Athanasium,
749 1566 912 1610 Cyrillum
937 1573 969 1599 et
988 1567 1158 1600 lustinum.

154 1610 211 1643 Sic
224 1611 326 1654 igitur
340 1611 543 1643 describitur
562 1612 640 1643 unio
656 1611 883 1654 hypostatica,
908 1612 997 1654 qnod
1011 1613 1053 1643 sit
1068 1613 1159 1651 unio,

152 1665 218 1697 qua
242 1665 390 1697 persona
414 1657 551 1687 assumit
567 1662 733 1693 naturam,
753 1657 797 1687 ita
820 1662 856 1687 ut
880 1662 1050 1688 sustentet
1073 1667 1159 1695 eam,

155 1709 242 1741 quae
266 1698 391 1742 alioqui
415 1710 483 1731 non
507 1706 614 1738 esset,
638 1699 702 1731 nisi
722 1700 772 1731 sic
796 1706 1056 1732 sustentaretur.

242 1785 391 1818 Utuntur
410 1792 443 1818 et
461 1785 515 1818 his
535 1787 665 1819 verbis:
690 1786 842 1819 Persona
861 1789 1015 1819 terminat
1036 1788 1158 1830 depen-

155 1831 301 1863 dentiam
326 1837 466 1863 naturae
490 1838 674 1869 assumtae,
706 1832 739 1863 id
764 1838 829 1869 est,
853 1832 982 1863 Natura
1007 1839 1159 1863 assumta

154 1874 257 1907 talem
282 1875 383 1906 habet
408 1875 558 1906 ordinem
583 1876 625 1906 ad
654 1883 835 1918 personam
858 1882 1100 1914 assumentem,
1125 1882 1159 1908 ut

151 1929 268 1951 massa
291 1917 349 1950 illa
371 1929 440 1950 non
464 1926 568 1958 esset,
591 1920 656 1951 nisi
680 1921 730 1952 sic
755 1927 907 1951 assumta
931 1926 1033 1951 esset.
1070 1919 1158 1952 Con-

153 1964 344 1995 siderentur
362 1970 396 1995 et
419 1964 509 1995 modi
534 1962 706 2005 loquendi.
744 1963 849 1995 Recte
873 1970 903 1995 et
929 1965 1054 1996 usitate
1079 1964 1158 1996 dici-

151 2013 224 2040 tur:
266 2017 417 2049 persona
459 2007 546 2048 λόγος
579 2009 739 2039 assumsit
776 2007 956 2039 humanam
992 2014 1156 2040 naturam.

150 2051 229 2084 Non
254 2052 392 2084 dicitur:
425 2051 556 2083 Natura
575 2052 687 2084 divina
710 2053 872 2084 assumsit
896 2052 1075 2084 humanam
1099 2063 1157 2084 na-

151 2101 272 2128 turam.
318 2096 437 2138 Neque
460 2096 527 2127 1106
550 2096 687 2128 dicitur:
723 2103 844 2128 natura
880 2097 993 2128 divina
1028 2103 1080 2128 est
1103 2107 1154 2128 as-

152 2146 273 2179 sumta,
308 2150 372 2171 nec
397 2140 536 2172 dicitur:
575 2139 669 2172 Deus
700 2141 861 2172 assumsit
897 2140 1077 2179 hominem,
1108 2146 1156 2172 ta-

150 2185 250 2216 metsi
269 2185 436 2217 interdum
460 2190 614 2216 vetustas
632 2185 677 2216 ita
697 2182 811 2217 locuta
831 2185 884 2216 sit.
913 2184 952 2216 Et
973 2185 1005 2216 in
1024 2185 1155 2217 cantico

152 2228 288 2260 dicitur:
322 2227 373 2260 Tu
408 2234 632 2269 suscepturus
667 2227 854 2269 hominem,
889 2240 957 2259 non
993 2228 1156 2260 horruisti

151 2272 292 2315 virginis
315 2278 459 2304 uterum.
505 2272 587 2304 ltem
621 2274 755 2314 poetica
790 2279 878 2304 sunt.
927 2273 1021 2304 Deus
1051 2273 1155 2304 induit

149 2315 332 2348 humanam
353 2322 518 2348 naturam.
550 2316 734 2349 Praeterea
757 2318 881 2349 usitate
902 2317 1035 2356 dicitur,
1066 2316 1154 2349 Unio

151 2361 293 2392 duarum
327 2366 533 2392 naturarum.
591 2360 683 2399 Item,
717 2361 846 2393 Natura
881 2361 1026 2393 humana
1062 2362 1155 2393 unita

151 2410 204 2436 est
232 2410 373 2436 naturae
409 2404 555 2442 divinae,
592 2411 624 2437 et
648 2404 771 2437 Graeci
795 2411 828 2437 et
851 2404 960 2437 Latini
985 2404 1154 2437 vocabulo

150 2447 295 2481 Unionis
330 2447 470 2480 multum
504 2448 557 2480 usi
587 2455 676 2480 sunt.
724 2449 818 2481 Haec
850 2450 997 2481 breviter
1028 2450 1153 2488 addidi,

150 2498 188 2524 ut
210 2492 360 2524 iuniores
390 2502 556 2531 moneam,
591 2499 628 2525 ut
662 2494 730 2525 sint
764 2494 1001 2535 circumspecti
1036 2494 1069 2525 in
1105 2492 1154 2526 lo-

151 2536 306 2578 quendo,
351 2542 385 2569 et
418 2537 584 2568 retineant
617 2538 773 2569 usitatam
806 2537 946 2580 phrasin
982 2544 1154 2579 receptam

152 2581 249 2622 gravi
282 2581 478 2621 autoritate,
512 2581 591 2627 quia
624 2582 763 2614 mutatio
797 2583 885 2624 parit
915 2583 1153 2625 ambiguitates

152 2630 186 2658 et
207 2625 310 2657 rixas.

311 2695 460 2714 MELARTH.
470 2695 552 2715 OPER.
567 2695 630 2715 voL.
642 2695 729 2717 xxlu.

809 108 852 140 v.
884 98 1158 140 EXPLtcATt'o
1184 109 1387 142 SYMBoLI
1408 110 1571 144 NicENi.

1186 494 1192 714 Ξ

2153 114 2219 148 370

1305 205 1439 239 Causae
1463 209 1560 239 etiam
1584 208 1839 241 considerentur
1862 210 1960 240 huius
1979 211 2119 241 mirandi
2138 220 2218 242 con-

1216 249 1303 288 silii,
1338 258 1373 282 ut
1409 252 1484 283 inde
1521 251 1772 283 consolationes
1797 263 1986 291 sumamuS,
2033 259 2066 285 et
2106 252 2219 287 officia

1217 293 1345 326 Christi
1370 295 1478 336 magis
1504 294 1742 337 intelligamus.

1305 363 1415 394 Prima
1446 370 1517 402 est,
1545 375 1587 396 ne
1618 372 1709 397 esset
1735 366 1868 408 quidem
1893 376 2001 408 genus
2025 366 2218 407 humanum,

1217 407 1278 439 sed
1303 418 1381 439 mox·
1405 418 1546 449 prorsus
1572 410 1753 441 interiisset
1779 417 1857 452 post
1880 409 2012 452 lapsum
2036 412 2218 453 primorum

1216 458 1405 493 parentum,
1430 452 1492 483 nisi
1518 451 1641 485 factum
1667 461 1757 485 esset
1782 455 1965 494 decretum,
1987 462 2022 486 ut
2053 455 2140 495 λόγος
2163 466 2218 486 as-

1216 502 1364 527 sumeret
1399 507 1570 534 massam,
1613 504 1645 528 ct
1686 504 1823 539 propter
1858 498 1944 529 hanc
1976 499 2220 531 assumtionem

1216 539 1381 582 reliquum
1405 551 1515 583 genus
1539 540 1718 572 humanum
1744 548 1834 573 esset
1860 549 2047 583 superstes.

1305 601 1483 640 Secunda,
1507 602 1585 644 quia
1610 603 1761 633 homines
1786 610 2028 644 peccaverant,
2053 614 2219 646 congrue-

1217 646 1273 677 bat
1297 644 1465 677 hominem
1490 657 1568 677 esse
1592 648 1647 688 (11ιί
1672 658 1814 688 poenam
1839 649 2032 686 sustineret,
2063 654 2098 680 ut
2126 649 2220 680 iusti·

1215 690 1280 721 tiae
1305 689 1368 720 Dei
1393 690 1584 728 satisfieret,
1620 696 1651 722 et
1686 691 1763 733 quia
1794 691 1847 722 hic
1872 691 2053 723 Redemtor
2088 691 2148 724 suit
2171 693 2219 724 in-

1215 744 1357 772 nocens,
1381 745 1491 775 poena
1516 735 1548 765 in
1574 735 1682 775 ipsum
1707 736 1857 766 derivata
1880 734 1970 767 valet
1993 747 2054 778 pro
2078 735 2162 768 aliis.

1304 803 1428 842 Tertia,
1465 810 1498 835 ut
1531 811 1640 835 antem
1665 810 1757 836 esset
1781 804 2000 847 aequivalens
2026 817 2088 838 seu
2113 807 2220 838 maius

1215 848 1368 888 pretium,
1394 848 1446 879 hic
1472 847 1652 880 Redemtor
1676 860 1743 881 11011
1768 856 1897 881 tantum
1922 856 1973 881 est
2005 850 2123 889 homo,
2158 851 2220 882 sed

1214 892 1314 923 etiam
1338 891 1445 924 Deus.

1303 961 1442 1000 Quarta,
1466 961 1560 994 nulla
1585 971 1742 994 creatura
1768 961 1843 995 sola
1863 964 2028 995 sustinere
2046 964 2134 995 hanc
2153 974 2221 995 ma·

1215 1006 1420 1047 gnitudinem
1445 1007 1514 1038 irae
1540 1006 1603 1037 Dei
1639 1008 1823 1049 potuisset,
1854 1008 1929 1039 ideo
1960 1008 2014 1039 hic
2039 1007 2222 1040 Redemtor

1214 1060 1282 1080 non
1307 1056 1434 1081 tantum
1459 1057 1508 1081 est
1534 1050 1646 1083 homo,
1673 1052 1733 1082 sed
1759 1052 1857 1083 ctiam
1880 1052 1987 1083 Deus.

1304 1110 1439 1149 Quinta,
1477 1110 1580 1143 voluit
1613 1111 1708 1143 Deus
1743 1112 1833 1144 1111116
1868 1113 2107 1145 Redemtorem
2143 1122 2222 1144 esse
2252 1141 2258 1144 ,

1213 1153 1386 1186 Victorem
1408 1157 1536 1195 mortis,
1568 1163 1597 1187 ct
1624 1157 1882 1188 instauratorem
1918 1158 2017 1196 vitae,
2053 1158 2141 1189 sicut
2165 1167 2220 1188 ex-

1214 1210 1333 1240 presse
1357 1200 1477 1230 dicitnr
1508 1201 1539 1230 in
1570 1200 1674 1241 prima
1709 1202 1952 1243 promissione:
1996 1204 2116 1234 Semen
2151 1212 2221 1232 mu-

1214 1241 1307 1274 lieris
1349 1242 1562 1275 conculcabit
1607 1251 1705 1286 caput
1741 1246 1921 1287 serpentis.
1988 1245 2073 1277 Sunt
2109 1251 2222 1276 autem

1214 1286 1299 1318 haec
1320 1288 1557 1329 omnipotentis
1583 1296 1736 1328 naturae,
1762 1290 1898 1321 vincere
1922 1296 2075 1328 mortem,
2101 1294 2133 1320 61
2146 1289 2221 1321 red-

1214 1331 1293 1362 dere
1319 1332 1420 1362 vitam
1446 1338 1476 1363 et
1503 1332 1672 1363 iustitiam.
2083 1335 2091 1344 ”

1302 1394 1415 1431 Sexta,
1452 1393 1507 1424 hic
1532 1392 1716 1424 Redemtor
1751 1400 1800 1424 est
1825 1393 2012 1433 Sacerdos,
2047 1399 2082 1425 ut
2120 1394 2222 1435 igitur

1213 1436 1326 1467 videat
1352 1438 1456 1467 corda
1493 1438 1732 1476 invocantium,
1768 1443 1800 1468 et
1836 1439 2005 1477 exaudiat,
2040 1445 2073 1470 ct
2109 1439 2222 1469 videat

1214 1479 1391 1511 consilium
1427 1482 1555 1512 aeterni
1592 1481 1715 1519 Patris,
1752 1493 1818 1512 non
1856 1488 1984 1513 tantum
2021 1487 2073 1513 est
2107 1481 2220 1523 homo,

1214 1524 1282 1555 Sed
1307 1525 1406 1555 etiam
1432 1524 1538 1557 Deus,
1571 1531 1599 1555 ct
1627 1526 1760 1567 quidem
1786 1526 1839 1557 hic
1865 1525 1970 1557 Filius
1994 1527 2107 1557 statim
2128 1526 2220 1557 initio

1213 1569 1339 1599 missus
1371 1575 1421 1599 est
1459 1570 1499 1599 ad
1528 1567 1716 1600 Ecclesiam
1741 1570 1829 1600 edita
1852 1571 1959 1611 prima
1981 1571 2220 1612 promissione,

1213 1612 1304 1643 iuxta
1329 1613 1470 1643 dictum:
1492 1612 1595 1644 filius
1621 1614 1676 1655 (11ιί
1702 1620 1752 1644 est
1778 1614 1810 1644 in
1835 1615 1911 1649 sinu
1927 1615 2048 1652 Patris,
2074 1615 2146 1656 ipse
2170 1623 2220 1645 re-

1213 1655 1337 1687 velavit
1364 1657 1473 1697 nobis,
1510 1664 1541 1688 et
1572 1658 1657 1688 sicut
1683 1658 1774 1688 initio
1800 1668 1934 1699 semper
1958 1656 2016 1689 fuit
2043 1659 2132 1700 apud
2156 1657 2220 1689 Ec-

1214 1699 1365 1739 clesiam,
1398 1700 1489 1731 Sicut
1515 1699 1641 1733 Paulus
1669 1701 1773 1743 inquit
1797 1703 1839 1732 ad
1861 1701 2076 1740 Corinthios,
2112 1701 2220 1734 fuisse

1213 1756 1288 1775 eum
1313 1745 1344 1775 in
1371 1745 1506 1775 deserto
1532 1746 1621 1788 apud
1641 1744 1814 1787 populum,
1840 1746 1884 1777 ita
1908 1746 2070 1787 deinceps
2085 1756 2220 1787 semper

1211 1790 1360 1831 protegit
1385 1788 1576 1821 Ecclesiam
1601 1791 1801 1828 immediate,
1827 1790 1918 1821 iuxta
1944 1791 2085 1822 dictum:
2111 1790 2218 1821 Nemo

1212 1834 1319 1874 rapiet
1349 1844 1432 1864 oves
1462 1844 1554 1864 meas
1579 1845 1620 1865 cx
1645 1835 1799 1865 titanibus
1824 1835 1918 1865 meis.
1966 1834 2058 1865 llaec
2083 1843 2219 1876 quoque

1212 1883 1289 1907 sunt
1315 1884 1455 1908 naturae
1471 1879 1722 1920 omnipotentis.
1749 1878 1958 1910 Athanasius
1983 1879 2104 1920 inquit:
2130 1878 2218 1909 Con-

1212 1922 1354 1963 gruebat
1391 1920 1508 1953 Filium
1543 1933 1718 1953 assumere
1755 1922 1933 1953 humanam
1969 1929 2136 1961 naturam,
2181 1927 2219 1953 ut

1210 1965 1295 1996 haec
1319 1976 1477 2007 persona,
1505 1977 1591 2008 quae
1616 1973 1664 1997 est
1698 1965 1932 1997 substantialis
1952 1967 2064 2008 imago
2087 1966 2217 1998 aeterni
2252 1966 2255 1969 ’

1210 2010 1329 2051 patris,
1355 2011 1544 2042 restitueret
1570 2011 1748 2053 imaginem
1772 2010 1837 2042 Dei
1863 2011 1895 2041 in
1916 2011 2027 2042 nobis.

1274 2176 1336 2207 DE
1363 2175 1755 2207 1)11()1)111Ε’1“Α’1Ί111ῗὸ
1779 2176 2080 2215 NATURARUM,
2104 2176 2149 2208 ΙΝ

1208 2219 1402 2252 Cthls'so
1423 2220 1545 2252 Nx'ro
1572 2220 1629 2251 EX
1657 2221 1856 2259 vintutx‘ii,
1881 2221 1936 2252 ΕΤ
1960 2221 2022 2252 DE
2037 2220 2215 2253 COMMU-

1437 2264 1687 2296 MCA'rloNl-:
1711 2265 1987 2297 lDlOMATUM.

1295 2360 1469 2393 Assumsit
1494 2367 1603 2393 autem
1628 2362 1714 2402 λόγος
1739 2373 1864 2404 corpus
1901 2368 1931 2394 et
1966 2362 2110 2393 animam
2141 2363 2214 2395 sine

1206 2412 1362 2447 peccato,
1388 2406 1448 2436 sed
1469 2404 1625 2437 habentia
1646 2408 1863 2448 proprietates
1883 2405 2067 2444 naturales,
2091 2407 2123 2437 id
2148 2412 2212 2447 est,

1208 2460 1325 2481 omues
1351 2451 1441 2481 vires
1467 2457 1499 2481 et
1523 2451 1748 2492 appetitiones
1779 2457 1918 2482 naturae
1944 2449 2111 2482 humanae
2135 2462 2213 2492 pro-

1206 2495 1298 2535 prias
1334 2500 1366 2525 et
1402 2494 1595 2533 ordinatas,
1633 2501 1666 2526 ut
1707 2495 1851 2533 Famem,
1885 2495 1988 2532 Sitim,
2024 2494 2212 2535 Laetitiam,

1206 2537 1405 2577 Tristitiam,
1447 2537 1607 2570 Dolores.
1666 2538 1746 2569 Item
1782 2549 1841 2569 eas
1876 2538 2087 2570 infirmitates
2123 2549 2212 2581 quae

1207 2589 1285 2616 sunt
1308 2593 1451 2624 poenae,
1476 2593 1543 2614 non
1562 2589 1715 2624 peccata,
1740 2582 1897 2614 videlicet
1920 2589 2075 2615 naturam
2094 2583 2210 2615 huma-

1206 2637 1282 2658 nam
1305 2626 1502 2669 passibilem
1526 2633 1559 2659 et
1581 2626 1769 2666 mortalem,
1788 2628 1987 2659 sentientem
2014 2625 2151 2659 dolores
2177 2633 2211 2660 et

1999 2690 2033 2714 24
