2383 2990
157 146 199 174 55

758 137 870 169 PHlL.
894 137 995 168 MEL.
1019 130 1207 169 SCRt'PTA
1230 135 1510 168 DOGMAth'A.

2126 135 2169 167 56

155 236 270 279 polluti
290 235 485 273 sceleribus,
511 245 595 275 quae
617 233 743 274 passim
762 231 840 263 nota
864 239 968 271 erant,
990 244 1062 265 cum
1086 243 1136 264 re·
1160 248 1165 280 3
1189 232 1372 269 annuntiet,
1396 241 1456 262 seu
1479 229 1601 268 multis,
1625 240 1686 261 seu
1709 229 1861 272 singulis.
1899 229 1941 260 Et
1962 229 2048 261 haec
2071 230 2170 262 abso-

156 281 252 311 ‹lituri
286 280 328 310 ad
365 278 550 309 Ecclesiam
585 278 740 317 petebant
774 286 812 306 se
840 277 959 317 recipi,
994 287 1136 307 comme·
1160 287 1165 322 Ι
1190 274 1270 305 lotio
1295 275 1328 305 fit
1354 275 1482 305 ratione
1504 274 1693 311 ministerii,
1717 279 1749 303 et
1772 279 1823 303 est
1847 271 2033 304 consolatio
2057 283 2170 303 coram

154 323 325 353 mol-abant
344 332 402 351 sna
424 320 552 356 delicta,
572 327 618 357 w,
632 321 717 350 sicut
738 325 816 350 tunc
834 321 1041 351 consuetudo
1054 324 1136 356 erat,
1160 327 1164 358 ff
1189 317 1274 348 Deo.

155 376 214 406 per
237 364 359 405 aliquot
385 365 455 394 dies
472 369 599 393 starent
624 363 653 392 in
679 361 814 403 templo,
838 373 912 393 cum
935 364 1040 405 signis
1065 372 1135 393 rea-

154 415 220 446 tuS‚
246 415 277 438 et
301 407 418 437 deinde
442 405 571 446 publice
595 406 831 446 reciperentur.

240 483 311 514 Hoc
330 482 555 523 spectaculum
575 483 806 513 nominabatur
823 481 955 522 publica
968 482 1135 523 poeniten·

154 528 216 563 tia,
251 534 280 556 et
312 527 497 565 pertinebat
530 532 655 556 tantum
685 526 726 556 ad
761 524 904 565 pollutos
939 524 1134 560 sceleribus,

153 579 237 610 quae
260 569 383 609 passim
407 575 484 599 nota
510 575 619 605 erant,
650 575 681 598 et
711 578 918 609 nequaquam
949 568 1135 597 merebatur

152 613 378 642 remissionem
404 618 630 652 peccaturum,
655 621 762 652 neque
786 610 903 651 culpae
927 620 1035 651 neque
1057 619 1135 649 poe-

152 665 233 691 nae,
261 655 321 684 sed
346 653 619 684 commonefactio
649 660 717 684 erat
742 654 827 693 apud
857 652 942 683 alios
972 653 1133 688 homines,

152 705 185 729 ut
212 704 324 727 essent
356 696 582 737 diligentiores
608 697 638 726 in
664 697 820 726 cavendis
846 695 994 736 lapsibus
1026 702 1057 725 et.
1080 705 1134 724 co-

153 741 293 780 gitarent
318 741 358 769 de
377 741 602 781 magnitudine
623 746 843 779 peccatorum,
869 746 931 769 etc.
959 738 1048 775 ltem‚
1070 737 1134 767 Ex-

152 782 293 823 ploratio
318 788 407 820 erat,
442 792 527 823 quae
551 783 764 819 ostendebat,
793 782 874 812 istos
905 781 992 811 serio
1024 786 1135 821 petere

152 836 392 856 remissionem.

153 973 277 1013 Estne
311 973 559 1012 enumeratio
593 972 772 1010 omnium
807 978 877 1010 aut
909 971 1135 1024 aliquorum

383 1033 619 1072 delictorum
651 1030 902 1070 necessaria?

241 1123 453 1163 Respondeo.
499 1121 593 1152 Nulla
626 1122 827 1151 enumeratio
859 1120 1054 1151 delictorum
1078 1094 1165 1154 ηεξ-Ι

154 1167 298 1197 cessaria
322 1173 390 1203 est,
415 1166 489 1206 quia
514 1163 722 1198 manifestum
746 1170 814 1201 est,
834 1174 995 1204 nusquam
1020 1170 1136 1194 extare

153 1216 361 1250 praeceptum
394 1209 537 1238 divinum
568 1208 608 1238 (le
632 1207 887 1237 Enumeratione
917 1205 1135 1247 singulorum.

154 1253 192 1283 Et
217 1252 420 1282 enumeratio
445 1252 587 1281 omnium
612 1257 661 1280 est
685 1249 916 1290 impossibilis,
940 1250 1024 1279 sicut
1055 1249 1135 1279 scri-

152 1303 240 1336 ptum
263 1301 327 1324 est:
358 1293 490 1324 Delicta
520 1295 592 1334 quis
621 1291 795 1334 intelligit?
841 1293 905 1323 Sed
931 1293 1043 1333 petitio
1067 1291 1136 1322 Ab·
1160 1304 1164 1333 Ι

153 1336 326 1368 solutionis
361 1338 508 1376 privatae
544 1336 715 1366 retinenda
756 1341 807 1365 est
845 1342 980 1375 propter
1014 1333 1135 1365 multas

153 1381 369 1422 gravissimas
394 1389 526 1410 causas.
572 1379 655 1409 Nam
680 1388 745 1408 vox
771 1377 944 1418 Evangelii
969 1384 1000 1408 et
1024 1376 1134 1407 multis

153 1430 183 1453 et
208 1421 365 1463 singulis,
397 1423 452 1463 qui
479 1423 522 1453 ad
544 1421 652 1452 Deum
677 1428 930 1458 convertuntur,
960 1426 992 1450 et
1016 1430 1135 1451 conso-
1160 1414 1165 1479 Ι

152 1465 307 1496 lationem
321 1471 446 1505 petunt,
471 1465 698 1495 remissionem
717 1470 930 1504 peccatorum
950 1464 1135 1500 annuntiat,

152 1510 241 1540 iuxta
265 1509 401 1538 dictum:
426 1508 574 1542 Quorum
592 1508 785 1538 remiseritis
799 1513 947 1547 peccata,
972 1506 1135 1536 remitten-

152 1559 205 1583 tur
229 1552 286 1582 eis.
321 1551 360 1581 Et
386 1550 464 1581 nihil
488 1551 621 1581 dubium
641 1556 703 1588 est,
727 1550 943 1580 Sacramenta
963 1559 1039 1579 vere
1058 1559 1135 1579 esse

153 1593 404 1635 applicationem
435 1592 601 1636 generalis
636 1593 867 1633 promissionis
897 1593 936 1622 ad
973 1590 1135 1632 singulos,

153 1639 236 1668 sicut
259 1636 380 1668 Paulus
404 1638 519 1678 inquit,
545 1635 839 1667 Circumcisionem
864 1634 968 1666 fuisse
992 1633 1136 1675 sigillum

153 1681 305 1717 iustitiae,
329 1681 359 1710 id
384 1686 444 1717 est,
469 1679 820 1711 commonefactionem
844 1679 886 1709 de
905 1679 1136 1719 promissione,

153 1731 186 1755 et
205 1724 425 1754 testimonium
449 1721 692 1764 applicationis.

215 1788 418 1823 >Praeterea
452 1797 581 1822 retento
616 1791 681 1821 ritu
720 1791 870 1831 privatae
906 1788 1137 1819 Absolutionis

154 1836 258 1877 magis
293 1836 323 1866 in
348 1834 502 1866 Ecclesia
537 1834 738 1874 conspicitur
767 1833 942 1863 discrimen
975 1832 1075 1873 Legis
1107 1838 1138 1862 et

155 1877 340 1919 Evangelii,
365 1885 395 1909 et
419 1878 603 1908 ostenditur
626 1876 847 1907 testimonium
868 1877 948 1915 ipsis
968 1873 1138 1915 exemplis,

155 1923 242 1963 quod
277 1922 308 1951 in
332 1919 516 1962 Evangelio
547 1920 736 1951 mandatum
762 1919 916 1949 traditum
945 1918 988 1948 sit
1017 1918 1057 1948 de
1087 1927 1138 1948 re-

155 1966 313 1996 missione
346 1970 577 2003 peccatorum‚
612 1963 699 1993 sicut
736 1962 855 1992 Petrus
891 1960 1138 1992 Alexandrinus

156 2009 253 2039 ritum
276 2004 443 2047 publicum
467 2007 578 2037 citavit.
601 2011 715 2036 contra
739 2005 956 2035 Novatianos.

569 2154 730 2196 Contra.

218 2233 349 2273 Iudex
363 2248 444 2272 non
467 2238 603 2287 potest
617 2232 838 2280 absolvere,
861 2229 935 2269 nisi
958 2244 1079 2269 causa

280 2293 451 2346 cognita.

219 2354 362 2393 Pastor
394 2358 455 2393 est
480 2352 623 2392 Iudex.

221 2412 328 2466 Ergo
350 2427 514 2452 necesse
538 2419 600 2452 est
621 2411 707 2451 fieri
722 2410 1006 2464 cognitionem,
1029 2409 1082 2448 ad

283 2487 405 2526 quam
443 2472 667 2512 necessaria
711 2478 773 2511 est
810 2469 1080 2509 Enumeratio.

249 2554 461 2594 Respondeo.
506 2554 601 2595 Nego
624 2554 793 2584 minorem.
839 2552 962 2583 Pastor
984 2551 1067 2583 enim
1092 2557 1144 2582 est

165 2598 312 2630 minister
323 2596 505 2638 Evangelii,
523 2596 650 2628 habens
669 2596 870 2634 mandatum,
881 2600 916 2627 ut
927 2593 1144 2636 Evangelium
1167 2583 1171 2619 1

1319 316 1397 348 Alia
1420 323 1471 348 est
1494 314 1660 347 absolutio
1688 316 1719 346 in
1743 316 1952 353 criminibus,
1983 326 2069 357 quae
2093 321 2172 346 nota

1189 367 1282 398 sunt,
1313 370 1398 401 quae
1432 360 1467 390 sit
1490 360 1617 390 ratione
1648 359 1903 394 iurisdictionis,
1938 368 2024 399 quae
2058 358 2171 388 distin·

1189 404 1319 445 guenda
1343 409 1393 434 est
1420 413 1439 432 a
1462 400 1635 442 principali
1659 402 1849 439 ministerio,
1880 408 1913 431 et.
1944 401 2060 442 recipit
2083 411 2169 438 eum,

1188 447 1241 488 qui
1266 446 1371 476 suerat
1395 456 1471 476 reus
1491 444 1698 486 publicorum
1723 444 1892 474 criminum
1912 454 2024 474 coram
2054 441 2172 474 Eccle-

1188 490 1247 520 sia.
1292 489 1384 520 Haec
1407 488 1483 520 alibi
1504 488 1673 529 copiosius
1697 486 1921 518 declarantur.

1643 636 1712 674 ΠΙ.
1735 680 1741 687 ,

1449 696 1512 734 De
1545 695 1903 735 Satissaetionibus.

1274 794 1403 825 Nomen
1439 794 1687 825 Satisfaetionis
1733 805 1753 824 a
1787 793 1981 834 spectaculo
2018 792 2173 833 publicae

1187 837 1410 877 poenitentiae
1434 843 1598 878 sumptum
1624 843 1684 868 est.
1721 836 1804 867 Nam
1826 844 1859 867 ut
1879 847 1979 876 supra
2001 837 2076 875 dixi,
2100 846 2172 867 mos

1189 879 1248 910 fnit
1271 881 1302 910 in
1326 879 1477 910 Ecclesia
1504 887 1645 917 vetusta,
1668 878 1815 920 pollutos
1840 880 2011 909 atrocibus
2043 886 2076 909 et
2106 889 2172 909 ma-

1188 922 1317 953 nilestis
1330 922 1526 959 sceleribus,
1551 934 1624 953 cum
1645 933 1681 952 se
1696 923 1795 962 recipi
1811 923 1978 962 petebant,
2005 920 2173 952 collocare

1189 967 1219 996 in
1250 964 1326 996 loco
1356 973 1447 997 certo
1477 965 1588 1006 templi
1623 966 1824 1006 spectandos·
1848 966 1879 994 in
1912 970 2005 994 veste
2027 964 2171 1005 lugubri.

1189 1008 1280 1039 Sicut
1308 1015 1424 1039 nostro
1450 1015 1598 1049 tempore
1621 1009 1783 1039 interdum
1806 1008 2047 1046 Anabaptistae
2072 1007 2172 1046 depo-

1189 1052 1252 1081 sito
1293 1061 1407 1081 errore
1443 1052 1485 1082 ita
1522 1052 1647 1091 recepti
1687 1057 1783 1087 sunt,
1825 1056 1857 1081 ut
1894 1049 2017 1091 aliquot
2055 1050 2171 1080 diebus

1188 1100 1265 1124 ante
1289 1093 1442 1133 templum
1467 1100 1593 1124 starent
1618 1095 1649 1124 in
1674 1099 1855 1134 conspectu
1878 1092 2002 1133 populi,
2022 1099 2054 1123 et
2076 1093 2173 1134 signa

1189 1146 1270 1166 suae
1288 1137 1511 1177 poenitentiae
1535 1137 1759 1167 ostenderent.

1276 1204 1336 1234 Hic
1362 1214 1435 1234 mos
1459 1214 1666 1245 nequaquam
1699 1204 1949 1233 existimabatur
1976 1204 2093 1233 mereri
2122 1213 2172 1233 re-

1188 1247 1379 1277 missionem
1398 1254 1624 1287 peccatorum,
1648 1256 1707 1276 seu
1732 1245 1849 1286 culpae
1872 1256 1931 1276 seu
1950 1256 2089 1286 poenae,
2113 1245 2173 1275 sed

1189 1296 1257 1320 erat
1294 1289 1519 1330 spectaculum
1560 1288 1746 1329 publicum,
1788 1289 1970 1320 institutum
2011 1289 2053 1319 ad
2089 1287 2174 1318 alios

1191 1332 1557 1369 connnonef'aciendos⁸3
1593 1338 1626 1361 ut
1659 1333 1860 1372 cogitarent,
1897 1330 2022 1361 similes
2057 1330 2173 1371 lapsus

1189 1376 1341 1406 vitandos
1366 1386 1453 1406 esse.
1499 1375 1579 1405 Erat
1597 1375 1693 1404 etiam
1718 1373 1956 1414 qualiscunque
1975 1373 2173 1414 exploratio,

1190 1428 1230 1448 an
1256 1417 1301 1448 illi
1331 1419 1419 1449 serio
1450 1423 1599 1458 peterent
1630 1427 1666 1447 se
1698 1417 1810 1456 recipi,
1856 1416 1929 1446 Fuit
1957 1417 1987 1446 in
2020 1417 2173 1446 omnibus

1190 1462 1289 1491 rebus
1310 1460 1471 1491 Vetustas
1486 1461 1648 1497 severior,
1674 1470 1769 1499 quam
1790 1460 1874 1490 haec
1894 1458 2004 1489 ultima
2020 1466 2051 1489 et
2070 1457 2175 1488 delira

1190 1504 1299 1533 mundi
1324 1510 1427 1533 aetas.
1475 1503 1551 1533 ldeo
1576 1503 1851 1543 excommunicati
1883 1508 2017 1541 propter
2041 1501 2175 1539 caedes,

1188 1553 1308 1586 postea
1329 1548 1527 1577 arcebantur
1550 1556 1568 1575 a
1594 1546 1749 1575 convictu
1775 1544 1915 1575 aliorum
1940 1543 2118 1581 hominum,
2142 1549 2176 1574 et

1190 1590 1349 1629 gerebant
1371 1596 1461 1620 certa
1487 1590 1582 1629 signa
1597 1594 1719 1624 reatus,
1743 1594 1777 1618 ut
1797 1587 1853 1617 alii
1874 1587 2024 1618 homines
2037 1587 2174 1624 scirent,

1190 1642 1303 1663 eorum
1328 1632 1600 1663 consuetudinem
1628 1631 1793 1661 vitandam
1817 1640 1904 1660 esse.

1276 1708 1338 1739 Hic
1363 1720 1434 1739 mos
1453 1708 1541 1738 haud
1561 1708 1659 1738 dubie
1677 1718 1695 1737 a
1715 1707 1828 1748 primis
1847 1707 1995 1747 patribus
2016 1711 2175 1746 aceeptus

1190 1758 1253 1782 est:
1284 1752 1367 1782 Nam
1388 1758 1418 1782 et
1443 1752 1530 1791 apud
1555 1750 1734 1787 Etlinicos,
1760 1751 1847 1791 apud
1871 1760 1955 1790 quos
1981 1749 2104 1780 veteris
2129 1749 2175 1779 di-

1190 1793 1348 1835 sciplinae
1371 1796 1511 1835 vestigia
1535 1799 1662 1824 retenta
1693 1799 1788 1830 sunt,
1823 1794 1936 1823 eadem
1967 1791 2173 1822 consuetudo

1190 1839 1320 1868 mansit.
1368 1834 1507 1867 Orestes
1530 1836 1703 1867 interfecta
1727 1842 1830 1866 matre
1854 1836 1958 1876 gessit
1983 1836 2081 1876 signa
2104 1844 2176 1864 rea-

1191 1887 1263 1917 tus,
1298 1886 1343 1917 ut,
1369 1881 1559 1920 ubicunque
1590 1880 1792 1919 vagabatur,
1827 1878 1948 1908 caeteri
1982 1876 2132 1907 homines
2155 1888 2175 1908 a

1191 1923 1345 1953 conxictu
1374 1923 1444 1953 eius
1478 1923 1693 1953 abstinerent.
1739 1921 1830 1951 Haec
1865 1921 1959 1962 signa
1990 1926 2107 1959 postea
2142 1919 2176 1950 iu

1191 1965 1400 1996 absolutione
1419 1972 1528 1996 amota
1552 1970 1637 1995 sunt.
1684 1963 1741 1994 Sic
1765 1970 1797 1994 et
1820 1963 1987 1994 Adrastus
2011 1962 2099 2003 apud
2112 1961 2176 1993 He-

1190 2009 1341 2040 rodotum
1366 2009 1472 2049 gessit
1495 2009 1592 2049 signa
1615 2012 1737 2037 reatus.

1276 2084 1413 2116 Talibus
1438 2083 1597 2124 exemplis
1612 2089 1761 2114 vetustas
1786 2080 2072 2113 commonefacere
2091 2080 2176 2112 alios

1190 2128 1341 2160 homines
1364 2127 1480 2164 voluit,
1506 2133 1539 2157 ut
1562 2127 1669 2168 magis
1693 2125 1913 2157 abhorrerent
1936 2136 1956 2155 a
1979 2124 2175 2156 sceleribus.

1278 2205 1382 2235 Huius
1407 2204 1527 2235 vetusti
1551 2204 1651 2234 moris
1671 2203 1845 2244 vestigium
1869 2200 1928 2233 suit
1947 2200 2176 2242 spectaculum

1192 2247 1474 2284 satisfactionum,
1510 2252 1545 2277 ut
1580 2247 1820 2276 nominabatur.
1873 2244 1994 2276 Graeci
2030 2245 2176 2275 nomina-

1192 2297 1311 2322 verunt
1341 2295 1492 2328 malma,
1522 2289 1554 2319 id
1574 2296 1642 2327 est,
1674 2289 1922 2330 castigationes.
1968 2288 2035 2318 Sed
2058 2293 2177 2328 postea

1191 2334 1426 2375 superstitione
1445 2338 1621 2363 creverunt
1647 2332 1739 2369 ritus,
1763 2338 1795 2362 ct
1817 2337 2034 2361 accesserunt
2055 2328 2177 2360 stultae

1193 2383 1225 2408 et
1245 2377 1362 2417 impiae
1377 2376 1560 2416 opiniones.
1595 2374 1646 2405 Ae
1665 2373 1830 2412 Monachi,
1853 2375 1929 2415 quia
1953 2372 2062 2404 sontes
2083 2373 2176 2414 iguo·

1164 2421 1327 2457 ‚rabant‚
1358 2424 1572 2460 portentosas
1604 2418 1777 2458 opiniones
1809 2418 1850 2447 de
1883 2415 2176 2448 Satisfactionibus

1193 2462 1371 2493 finxerunt.
1417 2461 1508 2492 Haec
1539 2461 1701 2491 historica
1731 2459 1828 2492 valde
1856 2460 1994 2500 prodest
2023 2458 2176 2489 omnibus

1194 2506 1368 2536 notissima
1398 2514 1493 2541 esse,
1522 2503 1653 2535 facilius
1677 2505 1763 2534 eni-n
1792 2510 1911 2544 postea
1934 2502 2176 2542 disputationes

1195 2549 1236 2578 de
1258 2546 1546 2578 satisfactionibus
1570 2547 1739 2578 diiudicari
1757 2551 1908 2587 possunt.
1956 2544 2097 2575 Primum
2119 2554 2177 2576 au-

1195 2597 1260 2633 tem
1290 2589 1446 2622 refutatio
1469 2592 1551 2622 haec
1574 2590 1718 2621 tenenda
1736 2596 1797 2620 est.
