2383 2990
144 114 212 147 675

147 210 274 242 veteris
304 206 479 240 Ecclesiae
514 207 773 245 consuetudine,
806 206 847 237 Et
877 203 1033 247 paulatim
1062 204 1139 246 plus

148 253 299 285 accessit
332 251 527 295 tyrannidis.
574 250 671 282 Circa
709 256 861 291 tempora
893 248 1049 290 Gregorii
1083 248 1139 290 qui

148 297 317 329 ducebant
338 305 463 327 uxores
485 296 518 326 in
542 294 661 325 Latina
685 292 856 331 Ecclesia,
889 298 1015 323 tantum
1039 301 1059 322 a
1081 291 1140 322 mi-

147 340 296 372 nisteriis
331 339 606 370 removebantur:
648 338 773 368 Postea
812 336 1015 367 exacerbata
1049 333 1138 377 lege,

147 394 289 425 prorsus
306 383 470 414 ademtum
489 387 540 412 est
559 381 749 422 coniugium
768 379 1018 411 sacerdotibus:
1042 377 1140 409 Nunc

148 427 395 458 interficiuntur
419 425 474 466 qui
498 425 620 456 ducunt
645 433 786 462 uxoreS,
817 433 890 454 cum
914 423 947 453 in
970 420 1140 453 Ecclesia-

150 471 236 502 stica
262 470 504 512 gubernatione
527 468 675 509 inprimis
698 466 818 498 lenitas
842 465 1030 497 adhibenda
1052 464 1105 495 sit.

236 555 308 587 Etsi
328 560 437 587 autem
460 554 544 586 11366
568 564 672 586 631153
695 554 779 584 adeo
810 552 989 594 perspicua
1011 556 1082 588 est,
1104 555 1141 581 ut

148 610 215 632 non
239 599 362 630 habeat
380 608 465 640 opus
484 596 585 640 longa
605 597 840 638 disputatione,
860 602 968 627 tamen
982 592 1141 635 colligam

148 643 339 675 testimonia
362 642 444 673 iuris
469 642 588 679 divini,
623 650 708 683 quac
731 641 871 678 docent,
905 638 1142 670 sacerdotibus

149 697 217 719 non
243 685 486 728 prohibendum
510 695 587 716 esse
611 684 812 726 coniugium,
833 692 972 724 eamque
995 679 1141 722 prohibi-

149 731 274 762 tionem
299 729 431 771 impiam
455 735 487 760 et
511 729 668 759 iniustam
691 737 781 765 esse,
816 732 909 766 recte
931 725 1045 756 iacere
1067 724 1141 764 pios

151 773 361 811 sacerdotes,
386 772 441 814 qui
466 772 589 803 ducunt
614 781 750 809 uxores,
773 780 814 801 ac
836 769 1003 810 pertinere
1025 767 1069 798 ad
1093 764 1142 798 os-

150 817 259 848 ficium
284 815 494 856 Principum,
530 813 668 846 abolere
697 813 953 856 prohibitionem
981 809 1070 841 illam
1094 810 1143 840 in-

150 861 271 892 iustam
296 866 328 891 et
350 860 569 902 tyrannicam.

239 945 410 977 Vocamus
435 952 545 976 autem
574 944 784 985 coniugium,
813 941 991 982 legitimam
1014 946 1047 970 et
1069 949 1144 980 per·

152 996 285 1032 petuam
312 989 579 1021 coniunctionem
602 988 699 1019 unius
724 986 804 1023 viri,
834 992 867 1016 et
895 984 993 1016 unius
1017 988 1143 1014 tantum

152 1034 318 1066 foeminae
338 1033 494 1063 divinitus
517 1032 698 1062 institutam
722 1028 947 1072 generationis
971 1037 1088 1065 causa,
1110 1032 1143 1056 et

153 1077 335 1109 ordinatam
359 1076 400 1106 ad
424 1076 580 1106 vitandas
598 1073 751 1106 libidines
775 1072 972 1114 prohibitas,
995 1069 1144 1101 111513ᾶί-

154 1128 244 1152 ctum
270 1119 367 1151 illud:
399 1118 504 1150 Emnt
528 1118 593 1149 duo
617 1119 649 1149 in
675 1127 776 1147 carne
799 1126 880 1154 una,
904 1112 1076 1152 videlicet,
1109 1118 1145 1144 ut

155 1165 188 1195 in
213 1174 251 1194 ea
276 1163 451 1194 vocatione
474 1161 550 1193 Deo
577 1161 740 1193 conditori
764 1169 890 1191 morem
914 1163 1049 1201 gerant,
1085 1156 1144 1187 ob-

153 1213 336 1248 temperent
372 1206 443 1237 eius
479 1205 697 1243 ordinationi,
732 1204 837 1235 vitent.
874 1212 918 1233 ne
953 1199 1145 1243 polluantur

154 1259 271 1283 contra
295 1261 366 1281 eam
390 1249 647 1285 ordinationem,
679 1248 729 1278 vir
751 1257 818 1278 non
842 1245 1004 1287 despiciat
1027 1253 1145 1274 sexum

154 1293 373 1331 foemineum,
397 1294 454 1323 sed
480 1292 608 1323 honore
632 1290 777 1329 adficiat,
801 1296 831 1321 et
858 1290 942 1320 sciat
971 1288 1033 1319 sibi
1056 1287 1145 1329 quis-

154 1348 219 1380 que
243 1348 337 1368 suam
362 1337 556 1378 coniugem,
591 1343 749 1376 tanquam
772 1339 899 1375 partem
931 1331 1064 1374 generis
1087 1329 1145 1361 hu-

155 1381 253 1419 mani,
278 1380 446 1418 tuendam,
469 1379 664 1416 iuvandam,
687 1383 719 1408 et
741 1377 915 1408 amandam
940 1384 1034 1412 esse,
1067 1383 1146 1415 pro-

155 1430 270 1456 creent
292 1422 438 1461 liberos,
463 1424 579 1465 eisque
602 1421 737 1453 tradant
758 1429 872 1453 veram
896 1418 960 1450 Dei
983 1417 1144 1455 notitiam,

154 1474 190 1501 ut
214 1468 338 1510 agnitio
352 1466 416 1498 Dei
440 1471 656 1509 propagetur,
679 1470 712 1496 et
736 1465 766 1495 in
790 1463 889 1495 terris
914 1467 1143 1494 conservetur.

155 1512 197 1544 Hi
222 1517 299 1544 sunt
333 1511 420 1542 enim
454 1509 622 1552 praecipui
657 1507 740 1539 fines
764 1506 926 1549 coniugii,
961 1506 1003 1537 de
1025 1504 1145 1546 quibus

156 1565 260 1597 saepe
283 1555 500 1586 concionatur
523 1553 676 1585 doctrina
699 1549 869 1583 coelestis.
914 1548 1091 1581 Accedunt
1114 1552 1147 1578 et

157 1598 213 1631 alii
238 1598 334 1636 fines,
359 1598 513 1639 coniugia
537 1595 679 1628 colenda
702 1605 791 1633 esse,
816 1600 851 1625 ut
874 1594 1026 1625 iuvemus
1057 1601 1146 1623 com-

156 1653 288 1674 munem
312 1642 505 1673 societatem
528 1639 708 1677 hominum,
731 1644 767 1670 ut
784 1639 876 1669 cives
900 1637 1076 1679 gignamus
1100 1639 1148 1664 at-

158 1697 223 1728 que
248 1686 431 1717 educemus
454 1685 527 1715 usui
551 1683 682 1715 futuros
705 1682 843 1725 patriae.
890 1681 931 1712 Hi
961 1679 1046 1710 fines
1071 1676 1148 1708 Phi-

157 1728 311 1771 losophis
335 1726 672 1769 etLegumlatoribus
695 1726 765 1757 noti
789 1723 934 1757 suerunt.
970 1723 1037 1754 Sed
1052 1719 1147 1752 Plato

159 1774 257 1805 ctiam
282 1773 323 1804 (16
346 1773 457 1813 priore
481 1770 545 1802 fine
567 1770 726 1812 loquitur,
744 1769 910 1811 inquiens,
934 1767 1012 1798 ldeo
1037 1764 1149 1797 coniu-

160 1817 215 1860 gio
239 1817 397 1848 utendum
421 1825 510 1854 esse,
539 1815 632 1856 quia,
663 1824 738 1845 cum
762 1811 915 1843 homines
938 1821 978 1841 ex
1007 1809 1072 1840 hac
1097 1818 1150 1839 so-

161 1861 280 1892 cietate
310 1859 491 1891 morientes
526 1858 719 1895 discedant,
762 1857 882 1888 debeat
916 1853 1150 1895 unusquisque

160 1914 222 1946 pro
245 1914 283 1935 se
306 1902 391 1934 al³os
414 1901 489 1933 Deo
514 1901 662 1933 cultores
685 1901 718 1932 in
741 1898 807 1930 hoc
830 1905 928 1930 coetu
952 1896 1150 1938 relinquere.

161 1948 254 1979 Haec
288 1957 354 1979 vox
390 1946 586 1988 dignissima
622 1951 673 1976 est
704 1943 862 1975 memoria
886 1943 1032 1983 piorum:
1067 1939 1150 1970 Nam

160 1989 216 2022 1116
239 1991 440 2033 praecipuus
465 1989 538 2020 finis
563 1988 708 2030 coniugii
743 1997 822 2018 esse
854 1986 963 2017 debet.
1010 1982 1153 2024 Propter

161 2034 251 2067 hunc
276 2033 373 2065 finem
398 2033 597 2074 expetebant
620 2031 744 2063 liberos
768 2028 955 2067 Abraham,
989 2026 1097 2064 lsaac,
1121 2030 1153 2056 et

163 2077 256 2110 multi
281 2085 412 2109 veteres
426 2077 595 2118 Episcopi,
618 2082 653 2107 ut
678 2073 904 2116 relinquerent
928 2072 1015 2103 fidos
1039 2075 1152 2102 custo-

165 2122 225 2154 des
250 2122 422 2153 doctrinae
445 2118 614 2151 coelestis.

511 2313 647 2353 Prima
681 2311 811 2352 Ratio.

256 2423 355 2460 Quod
402 2422 634 2454 sacerdotibus
674 2419 775 2452 liceat
817 2418 942 2450 habere
983 2417 1157 2459 coniugeS,

169 2474 285 2510 aperte
305 2473 447 2499 testatur
470 2463 595 2497 Paulus
618 2465 660 2496 ad
683 2462 891 2496 Timotheum
915 2468 948 2493 et
971 2461 1013 2492 ad
1032 2459 1157 2491 Titum:

169 2513 311 2554 Oportet
345 2510 548 2553 Episcopum
591 2509 689 2540 unius
727 2506 841 2538 'tuot-ts
881 2505 1034 2536 maritum
1069 2513 1157 2535 esse.

170 2555 263 2587 Haec
285 2555 452 2586 sententia
476 2554 549 2584 sine
577 2551 646 2584 ulla
670 2550 875 2582 dubitatione
898 2554 1056 2586 testatur,
1090 2557 1158 2578 non

171 2608 322 2642 pugnare
357 2598 546 2640 coniugium
580 2606 655 2628 cum
684 2595 818 2633 ordine,
852 2593 913 2625 sed
947 2590 1049 2623 licere
1082 2589 1160 2633 eligi

781 110 896 143 PHIL.
921 109 1025 141 MEL.
1050 108 1239 142 SCRIPTA
1264 107 1544 140 DOGMATICA.

2115 105 2181 140 676

1193 204 1403 236 sacerdotem
1426 203 1590 234 maritum.
1619 201 1839 244 Repudianda
1862 208 1914 233 est
1932 201 2032 244 igitur
2048 200 2181 234 illorum

1192 247 1351 285 amentia,
1388 246 1442 288 qui
1476 244 1704 278 vociferantur
1734 245 1922 285 coniugium
1958 256 2032 277 curn
2061 252 2182 277 natura

1192 290 1318 322 ordinis
1342 299 1504 332 pugnare.
1551 288 1635 320 Tota
1665 288 1799 319 Graeca
1827 287 1981 320 Ecclesia
2010 299 2117 330 usque
2139 289 2182 320 ad

1191 333 1281 365 hunc
1304 333 1389 364 diem
1412 338 1565 370 testatur,
1590 332 1789 364 Sacerdotes
1812 341 1915 373 posse
1938 333 2075 363 maritos
2092 342 2182 370 esse,

1191 387 1295 418 posse
1317 377 1445 408 habere
1466 386 1607 413 uxores,
1642 373 1697 406 vel
1730 381 1808 405 ante
1836 375 2091 414 ordinationem,
2125 373 2182 406 vel

1192 426 1312 462 postea
1325 420 1456 457 ductas,
1479 426 1515 450 ut
1538 417 1622 450 infra
1635 418 1804 459 copiosius
1823 419 2049 450 ostendemus.
2084 418 2181 449 Nunc

1192 463 1273 495 illud
1308 469 1435 494 tantum
1470 463 1618 504 agimus,
1659 468 1694 493 ut
1729 462 1946 492 ostendamus
1980 462 2181 493 sacerdotes

1192 516 1296 549 posse
1321 516 1399 537 esse
1422 507 1576 537 maritos:
1613 505 1702 547 quod
1727 505 1865 536 dicimus
1900 504 1942 535 ad
1972 503 2182 536 refutandum

1193 560 1341 582 errorem
1370 548 1518 587 1110111111,
1548 549 1604 590 qui
1629 548 1870 580 contenderunt
1894 548 2085 590 coniugium
2107 559 2183 580 cum

1194 594 1310 625 ordine
1334 603 1495 635 pugnare.
1540 592 1613 624 Nec
1636 590 1721 622 levis
1745 598 1797 622 est
1820 590 1876 622 hic
1899 601 2005 628 error,
2028 601 2068 622 ac
2080 590 2184 623 multa

1165 650 1171 692 1
1194 636 1412 668 deliramenta
1431 634 1673 678 complectitur,
1696 634 1789 677 fingit
1811 634 1998 677 coniugium
2017 643 2094 666 esse
2113 644 2184 665 rem

1194 680 1406 718 immundam,
1429 678 1495 710 hoc
1515 685 1578 717 est,
1603 679 1692 710 vitae
1715 688 1822 720 genus
1834 678 2002 715 vitiosum,
2026 678 2184 719 quodam

1195 734 1262 754 non
1295 723 1461 764 adprobet
1490 722 1599 757 Deus,
1635 728 1692 753 aut
1722 728 1812 753 certe
1845 722 1878 751 in
1907 720 2019 763 aliquo
2054 721 2183 762 piorum

1194 766 1363 798 hominum
1387 766 1493 808 gradu
1518 776 1583 797 non
1614 766 1789 806 adprobet.
1835 763 1921 795 Huic
1955 764 2183 805 superstitioni

1196 819 1340 841 necesse
1367 815 1419 840 est
1446 807 1648 846 reclamare,
1684 818 1770 850 quae
1794 808 1926 849 quidem
1955 808 2110 838 damnata
2133 812 2185 838 est

1196 853 1295 884 etiam
1318 853 1350 883 in
1374 853 1512 894 Synodo
1537 851 1742 894 Gangrensi,
1777 851 1810 881 in
1841 862 1907 892 qua
1931 856 2009 882 sunt
2035 849 2129 882 utilia
2151 855 2186 881 61

1195 896 1249 938 pia
1272 896 1407 927 decreta
1433 901 1549 926 contra
1571 895 1756 926 Marcionis
1779 900 1905 925 sectam
1927 893 2035 932 facta,
2057 894 2090 925 in
2114 893 2184 935 qui-

1196 941 1259 971 bus
1283 945 1316 970 et
1339 938 1404 970 hot·v
1429 943 1494 969 est:
1519 938 1555 969 Si
1570 938 1644 980 quis
1667 938 1823 969 discernit
1845 937 2082 979 Presbyterum
2107 946 2184 968 con-

1197 983 1423 1026 coniugatum,
1449 982 1546 1024 quasi
1569 987 1705 1023 propter
1735 981 1867 1022 nuptias
1891 980 2013 1012 offerre
2036 990 2103 1011 non
2128 979 2184 1010 de-

1196 1027 1292 1064 beat,
1327 1032 1358 1056 et
1381 1027 1423 1057 ab
1444 1026 1515 1056 eius
1540 1023 1708 1055 oblatione
1732 1025 1806 1055 ideo
1827 1025 1983 1067 abstinet,
2009 1023 2186 1054 anathema

1197 1070 1250 1100 sit.
1296 1068 1368 1100 Etsi
1402 1074 1511 1100 autem
1546 1074 1708 1109 quaerunt
1739 1068 1923 1099 adversarii
1953 1065 2184 1098 cavillationes

1198 1113 1240 1144 ad
1269 1111 1335 1144 hoc
1370 1112 1543 1144 decretum
1567 1110 1784 1149 eludendum,
1819 1117 1927 1141 tamen
1963 1117 2088 1141 certum
2122 1116 2186 1147 est,

1196 1155 1285 1188 hanc
1319 1165 1399 1188 6556
1423 1155 1637 1192 sententiam,
1671 1153 1870 1194 Coniugium
1893 1153 2082 1195 presbyteri
2104 1151 2187 1183 nibil

1199 1199 1330 1231 differre
1354 1209 1374 1230 a
1399 1199 1555 1240 coniugio
1578 1196 1730 1236 aliorum,
1757 1203 1789 1228 et
1812 1197 1846 1227 id
1872 1197 1958 1227 vitae
1984 1205 2091 1239 genus
2110 1194 2186 1228 Deo

1198 1242 1344 1285 placere.
1380 1242 1463 1274 Cum
1486 1242 1584 1283 igitur
1608 1247 1736 1273 certum
1760 1241 1811 1278 sit,
1831 1250 1871 1271 ex
1894 1240 2091 1271 testimoniis
2104 1239 2186 1269 scri-

1199 1294 1316 1328 pturae
1341 1292 1373 1317 et
1396 1286 1518 1317 veteris
1544 1283 1732 1322 Ecclesiae,
1763 1284 1911 1315 ordinem
1946 1293 2012 1314 non
2037 1292 2187 1324 pugnare

1199 1341 1274 1362 cum
1298 1330 1466 1371 coniugio,
1489 1329 1672 1360 sententiae
1696 1330 1873 1370 generales
1896 1327 2003 1357 dictae
2027 1326 2068 1357 de
2086 1325 2187 1356 0111111-

1198 1374 1270 1417 bus
1285 1373 1377 1411 viris,
1402 1373 1499 1403 etiam
1527 1372 1569 1403 ad
1594 1372 1790 1402 sacerdotes
1813 1370 2035 1412 pertinebunt.

1199 1417 1280 1450 dunt
1302 1416 1402 1459 igitur
1421 1414 1548 1458 reliqua
1571 1414 1770 1446 testimonia,

2081 1368 2187 1400 Acce-

1413 1607 1648 1650 Secundum
1681 1606 1987 1647 Testimonium.

1287 1717 1451 1749 Vitandae
1475 1716 1690 1748 scortationis
1715 1724 1831 1753 causa,
1853 1714 2085 1756 unusquisque
2108 1723 2190 1745 uxo-

1201 1774 1272 1795 rem
1295 1772 1390 1793 suam
1414 1760 1547 1792 habeat.
1593 1759 1686 1791 Haec
1711 1759 1876 1790 sententia
1899 1758 2061 1799 praecipit
2086 1758 2191 1789 omni-

1202 1808 1265 1839 bus
1289 1806 1336 1837 uti
1360 1805 1537 1846 coniugio,
1560 1803 1615 1845 qui
1640 1813 1705 1833 non
1730 1807 1808 1833 sunt
1830 1802 1873 1832 ad
1897 1799 2098 1833 coelibatum
2122 1801 2191 1832 ido-

1203 1850 1273 1887 nei,
1296 1860 1336 1880 ac
1359 1848 1432 1879 sine
1454 1846 1523 1879 ulla
1547 1846 1752 1878 dubitatione
1776 1845 1915 1886 pertinet
1939 1854 2007 1876 non
2030 1843 2072 1875 ad
2096 1842 2191 1876 solos

1203 1893 1337 1930 Laicos,
1372 1892 1433 1923 sed
1461 1891 1560 1922 etiam
1590 1890 1632 1921 ad
1662 1889 1876 1921 Sacerdotes.
1921 1887 1982 1919 Est
2013 1887 2098 1919 6111111
2122 1887 2195 1919 uni—

1203 1935 1336 1968 versale
1370 1936 1576 1967 mandatum:
1618 1932 1856 1975 Unusquisque
1896 1940 2035 1962 uxorem
2069 1929 2194 1962 habeat

1204 1981 1359 2013 vitandae
1383 1978 1599 2010 scortationis
1623 1986 1736 2008 causa.
1771 1975 1844 2006 Nec
1866 1973 1925 2005 11111
1948 1975 1990 2005 ab
2014 1973 2080 2005 hoc
2103 1984 2193 2005 man-

1205 2025 1284 2055 dato
1308 2030 1384 2055 sunt
1409 2021 1548 2063 excepti,
1572 2025 1705 2061 praeter
1727 2017 1804 2050 illos
1829 2028 1915 2060 quos
1940 2016 2034 2048 Deus
2057 2017 2192 2058 excipit,

1206 2066 1373 2105 videlicet,
1397 2066 1452 2108 qui
1476 2070 1533 2096 aut
1555 2070 1673 2095 natura
1696 2068 1773 2093 sunt
1798 2059 2007 2099 emasculati,
2030 2067 2085 2091 aut
2099 2069 2194 2101 prae-

1176 2117 1183 2282 ι
1207 2112 1264 2142 diti
1288 2109 1449 2152 singulari
1473 2109 1575 2145 dono,
1600 2113 1634 2138 ut
1652 2116 1735 2148 pure
1759 2106 1857 2137 etiam
1882 2105 1955 2136 sine
1978 2104 2122 2145 coniuge
2145 2104 2192 2134 vi-

1207 2164 1286 2186 vere
1311 2154 1457 2195 possint:
1487 2157 1614 2182 tantum
1638 2149 1670 2180 hi
1695 2155 1772 2180 sunt
1795 2148 1926 2189 excepti
1949 2158 1970 2179 a
1993 2146 2129 2188 regula,
2153 2147 2196 2178 de

1208 2198 1351 2230 caeteris
1375 2195 1528 2228 omnibus
1551 2193 1640 2225 13161
1665 2193 1788 2225 dictum
1812 2191 1954 2223 Christi:
1977 2189 2052 2221 Non
2077 2199 2194 2222 omnes

1209 2242 1341 2282 capiunt
1369 2239 1458 2271 hunc
1494 2247 1693 2269 sermonem.
1745 2235 1873 2267 Natura
1907 2235 1993 2266 enim
2026 2233 2196 2265 hominum

1178 2285 1253 2338 1113
1277 2284 1411 2316 cottdita
1441 2288 1508 2313 est:
1543 2287 1579 2312 ut
1614 2281 1655 2311 sit
1690 2278 1868 2316 foecunda,
1903 2278 1989 2309 sicut
2011 2276 2044 2307 in
2069 2276 2195 2308 Genesi

1208 2329 1367 2369 scriptum
1392 2333 1462 2358 est:
1493 2323 1683 2356 masculum
1712 2329 1745 2354 et
1772 2321 1948 2353 foeminam
1973 2320 2195 2358 creavit'eos,

1209 2373 1241 2403 id
1266 2378 1334 2409 est,
1364 2370 1479 2401 indidit
1503 2368 1633 2410 utrique
1661 2367 1755 2398 sexui
1779 2372 1924 2397 mutuam
1953 2364 2196 2395 coniunctionis

1209 2415 1455 2457 appetitionem,
1479 2422 1564 2454 quae
1589 2411 1719 2453 quidem
1739 2410 1769 2441 in
1788 2415 1907 2440 natura
1929 2408 2059 2448 integra
2078 2405 2198 2437 fuisset

1210 2461 1283 2490 sine
1306 2459 1396 2489 vitio.
1442 2456 1540 2487 Nunc
1562 2465 1629 2486 non
1653 2460 1705 2485 est
1727 2451 1860 2485 sublata
1881 2450 2040 2482 naturalis
2060 2449 2199 2482 111611113-

1210 2503 1268 2539 110,
1303 2502 1363 2533 sed
1387 2506 1530 2542 vagatur
1560 2498 1632 2529 sine
1656 2497 1790 2534 urdine,
1826 2505 1934 2537 eoque
1968 2495 2077 2536 magis
2111 2501 2198 2534 opus

1211 2552 1263 2577 est
1286 2544 1453 2586 coniugio,
1477 2549 1510 2574 ut
1535 2542 1766 2578 coherceatur,
1790 2540 1875 2570 sicut
1899 2547 2015 2569 omnes
2039 2537 2198 2568 doctores

1212 2589 1374 2627 scribunt,
1396 2586 1551 2629 coniugio
1574 2591 1652 2628 post
1674 2583 1804 2626 lapsum
1822 2582 2003 2625 primorum
2025 2585 2198 2621 parentum
