2383 2990
198 136 264 170 ³8³

201 237 277 263 nent
311 232 418 263 corda
449 232 624 264 dilectione
651 242 710 271 per
733 230 889 271 Spiritum
914 236 1066 261 sanctum
1096 229 1189 262 habi·
1213 240 1217 247 ¹

199 281 324 307 tantem
347 276 380 306 in
399 276 511 306 corde.

287 361 381 393 Haec
405 362 493 392 bona
517 361 625 392 omnia
655 359 1001 401 comprehenduntur,
1027 369 1102 391 cum
1130 370 1188 391 no-

201 405 344 437 minatur
378 404 501 435 iustitia
535 402 728 446 OriginaliS.
781 403 936 434 Carentia
978 403 1076 444 igitur
1120 413 1188 434 non

201 455 326 480 tantum
361 453 411 478 est
444 454 573 485 reatus,
608 447 669 478 sed
703 447 800 477 etiam
831 446 966 477 amissio
990 446 1187 488 integritatis

201 490 377 528 naturalis,
401 496 433 521 et
459 491 632 528 bonorum,
659 501 743 532 quae
764 488 904 521 fuissent
927 490 1049 521 addita.
1096 489 1190 520 Sicut

200 536 321 567 usitate
344 533 524 575 loquuntur
547 534 730 574 scriptores
751 533 791 564 de
816 534 945 565 viatore
963 534 1093 571 saucio,
1112 542 1189 574 spo—

200 578 315 610 liatum
339 587 417 609 esse
441 577 605 619 gratuitis,
627 577 660 607 id
684 582 745 615 est,
766 577 909 608 desiisse
927 576 1092 608 hominem
1112 586 1189 607 esse

201 620 358 662 templum
381 619 462 658 Dei,
498 626 530 651 et
559 619 769 652 vulneratum
800 630 875 652 esse
904 620 936 650 in
968 618 1188 657 naturalibus,

201 666 233 697 id
264 670 333 703 est,
368 670 518 695 secutam
546 674 622 695 esse
655 662 831 705 caliginem
874 664 906 694 in
942 670 1069 702 mente,
1105 673 1190 704 quae

202 708 306 751 gignit
330 706 506 739 horribiles
531 708 764 745 dubitationes,
789 713 821 738 et
845 713 993 738 secutam
1015 717 1092 738 esse
1111 716 1189 737 con-

202 752 379 783 tumaciam
402 751 435 782 in
465 752 585 788 corde,
621 751 713 789 item,
745 750 887 781 Mortem
917 756 948 781 et
976 760 1091 780 omnes
1116 759 1189 779 cor-

201 795 293 837 poris
323 792 623 836 languesacticnes.
682 794 754 825 Hac
787 792 928 835 simplici
964 792 1189 823 declaratione

203 838 427 876 considerata,
448 837 671 869 definitionem
684 836 859 868 Anshelini
880 847 946 867 non
961 846 1191 876 aspernamur,

203 882 264 913 sed
286 881 390 919 multi,
413 882 469 923 qui
489 882 703 922 quaestiones
721 881 753 911 in
768 880 1027 921 Longobartluin
1047 879 1191 920 scripse·

203 931 292 963 runt,
316 931 536 966 corruperunt
559 935 631 956 eam
654 923 790 955 insulsis
813 922 1105 964 explicationibus.

292 1011 453 1043 Existimo
478 1017 586 1042 autem
606 1010 827 1042 definitionem
842 1010 891 1040 sic
905 1009 1059 1041 constitui
1077 1019 1192 1051 posse.

205 1054 384 1087 Peccatum
415 1055 551 1096 originis
586 1060 638 1085 est
668 1060 779 1085 reatus
813 1059 951 1095 propter
975 1051 1105 1094 lapsum
1129 1053 1193 1093 pri-

204 1110 333 1131 morum
356 1104 540 1140 parentum,
573 1104 709 1139 propter
732 1103 872 1129 naturae
891 1096 1056 1128 humanae
1076 1097 1195 1138 depra-

835 135 950 167 PHIL.
971 134 1076 167 MEL.
1100 134 1289 167 SCRIPTA
1306 133 1586 166 DOGMATtCA.

2163 135 2230 170 584

1241 230 1421 268 vationem,
1445 239 1530 271 quae
1554 234 1671 260 secuta
1695 235 1746 260 est
1764 227 1893 270 lapsum
1913 230 2091 270 primorum
2111 241 2228 272 paren-

1241 280 1321 311 tum,
1346 284 1431 315 quae
1454 283 1520 303 non
1544 278 1667 303 tantum
1694 283 1801 314 poena
1821 279 1871 304 est
1897 274 1992 314 primi
2016 273 2145 314 lapsus,
2169 275 2229 305 sed

1242 317 1338 348 etiam
1362 323 1545 358 peccatum.
1592 315 1741 347 Membra
1764 316 1861 347 huius
1885 317 2085 347 definitionis
2110 317 2229 349 confir-

1240 366 1372 391 mantur
1406 359 1458 390 his
1493 360 1708 390 testimoniis:
1754 360 1842 401 quod
1877 360 2058 400 posteritas
2093 361 2136 391 sit
2172 371 2230 391 rea

1241 410 1377 445 propter
1401 402 1530 443 lapsum
1552 403 1730 443 prunorum
1749 409 1934 444 parentum.
1972 402 2068 434 Rom.
2093 404 2124 433 5.
2150 404 2229 434 dici-

1242 452 1312 478 tur:
1352 446 1417 477 Per
1445 446 1542 477 unius
1573 445 1729 476 delictum
1759 447 1791 477 in
1823 456 1938 476 omnes
1961 445 2114 477 homines
2138 458 2229 478 mors

1241 490 1386 521 intravit.
1442 488 1572 520 Deinde
1608 489 1696 530 quod
1737 489 1929 531 depravatio
1960 496 2099 521 naturae
2133 488 2231 520 simul

1243 543 1317 564 cum
1348 532 1405 564 illo
1436 540 1532 564 reatu
1561 533 1762 570 accesserit,
1797 543 1863 563 non
1893 538 2016 563 tantuin
2047 539 2083 564 ut
2111 543 2231 574 poena,

1242 577 1301 607 sed
1326 577 1424 607 etiam
1453 583 1488 608 ut
1517 582 1704 617 peceatum,
1750 576 1782 607 id
1813 582 1880 613 est,
1917 575 2061 614 malum,
2094 582 2232 617 propter

1243 620 1332 661 quod
1368 621 1464 651 etiam
1495 620 1594 650 hoino
1626 626 1785 664 estueus
1807 624 1962 649 aeternae
1991 629 2135 659 poenae,
2168 619 2231 650 nisi

1242 664 1286 694 sit
1319 662 1408 694 faeta
1445 663 1597 694 remissio
1631 668 1769 703 propter
1801 661 1930 693 Filium.
1989 661 2073 692 Nam
2106 661 2230 693 Paulus

1243 716 1405 746 expresse
1428 706 1573 737 nominat
1604 705 1693 736 hunc
1720 706 1884 742 morbum,
1914 705 2039 747 Legem
2071 705 2103 735 in
2132 716 2232 736 mem-

1242 749 1324 787 bris,
1348 754 1392 787 et,
1419 760 1461 780 ne
1491 759 1599 790 poena
1630 754 1756 779 tantum
1788 747 2003 790 intelligatur,
2033 749 2138 779 addit:
2174 759 2232 789 pu-

1244 798 1400 834 gnantem
1426 804 1499 824 eum
1524 792 1615 833 Lege
1639 792 1769 823 mentis.
1816 791 1856 822 Et
1877 802 1950 822 cuin
1975 792 2109 823 dicitur:
2142 791 2232 823 Ecce

1243 837 1274 867 in
1292 836 1516 877 iniquitatibus
1541 842 1723 877 conceptus
1748 845 1832 873 sum,
1856 841 1887 866 et
1907 835 2099 876 inpeccatis
2113 845 2233 866 conce-

1243 881 1290 921 pit
1308 889 1360 910 nie
1385 885 1488 910 mater
1511 889 1596 915 mea,
1627 877 1826 910 vocabulum
1850 879 1942 920 prius
1967 878 2134 920 significat
2158 889 2233 919 pro-

1244 923 1314 964 prie
1357 923 1648 964 depravationem,
1696 920 1836 954 alterum
1885 922 2052 964 signifieat
2100 923 2233 962 proprie

1245 971 1384 997 reatuin.

1589 1051 1888 1084 FINIS.

2340 2955 2363 2990 r-
