2383 2990
187 136 250 168 471

190 233 269 264 Ideo
296 241 436 273 regnum
459 231 662 272 accipientes
688 229 775 271 quod
805 229 931 260 destrui
956 239 1023 259 non
1056 234 1180 270 potest,

192 277 395 306 retineamus
420 275 572 317 gratiam,
595 284 654 314 per
678 284 774 314 quam
798 272 983 303 serviamus
1007 271 1180 314 placentes

189 318 279 357 Deo,
308 330 380 349 cnm
405 318 590 349 reverentia
614 323 645 347 et
671 316 966 357 circumspectione
1015 316 1107 347 Iubet
1131 326 1180 346 re-

190 363 288 393 tineri
313 362 464 403 gratiam,
488 362 519 392 id
545 366 605 397 est,
630 370 695 391 non
713 360 815 390 amitti
834 358 1092 396 fundamentum,
1117 370 1180 390 nec

190 416 287 437 ruere
312 406 342 435 in
368 403 498 435 scelera
530 410 646 435 contra
681 403 939 441 conscientiam,
973 409 1004 433 et
1039 402 1181 434 affirmat

189 448 326 490 placere
351 449 569 479 obedientiam
590 453 728 488 propter
752 447 904 488 gratiam,
928 445 1083 477 videlicet
1106 456 1181 487 pro-

189 499 264 533 pter
289 491 523 522 Mediatorem.
569 491 622 521 Sic
642 496 759 531 postea
785 490 893 530 capite
915 489 962 520 13.
988 490 1080 521 dicit:
1116 489 1182 520 Per

214 546 286 566 110111
327 534 495 566 offerimus
531 533 732 564 sacrificium
767 532 874 564 laudis
910 534 998 564 omni
1033 539 1182 574 tempore

187 546 279 616 ll)e0,
305 579 336 608 id
363 584 424 615 est,
454 577 598 609 fructum
622 576 786 608 labiorum
812 576 1036 608 confitentium
1060 577 1181 607 nomini

187 622 271 653 eius.
318 621 569 652 Benefieentiae
599 626 707 651 autent
743 626 773 651 et
809 621 1116 651 communicationis
1139 630 1181 651 ne

187 664 449 696 obliviscamini:
474 663 575 695 Tales
600 665 685 695 enim
710 663 841 695 hostiae
863 662 998 705 placent
1021 663 1108 694 Deo.

275 725 334 756 His
367 730 399 756 et
429 723 589 756 similibus
621 724 818 756 testimoniis
848 723 1083 755 confirmemus
1117 733 1180 754 nos

188 775 307 800 contra
333 767 550 800 diffidentiam
575 774 607 799 et
631 769 816 810 segnitiem.
864 767 940 798 ldeo
965 768 1051 797 enim
1075 766 1107 797 in
1131 766 1180 796 ln-

186 813 366 844 vo‹·atione
401 813 616 853 trepidanms,
651 818 684 842 et
717 809 938 852 negligentius
968 810 1077 840 omnia
1101 807 1180 840 saci-

186 867 272 894 mus,
309 855 386 897 quia
420 861 605 887 remoratur
640 865 702 885 nos
727 860 928 895 conspectus
962 858 1099 883 nostrae
1133 853 1180 883 in-

188 899 374 941 dignitatis,
399 910 464 940 quo
488 909 672 936 movemur,
700 903 735 929 ut
759 898 961 938 cogitemus:
993 895 1060 927 Cur
1087 896 1180 927 invo-

187 953 265 974 cas:
301 953 360 973 cur
394 941 530 973 multum
555 943 605 973 ris
643 941 785 972 conniti:
822 951 896 971 cum
927 938 1081 970 fortassis
1113 950 1179 970 non

188 986 393 1023 exaudiaris,
429 996 492 1017 1100
527 984 661 1026 placeat
685 990 759 1015 tuus
790 982 895 1015 labor.
943 983 1036 1014 Sicut
1059 982 1179 1013 Petrus

186 1029 309 1071 inquit:
354 1028 526 1071 Egi-edere
560 1039 580 1059 a
614 1038 665 1059 me
700 1027 862 1065 Domine,
904 1027 981 1068 quia
1019 1031 1180 1067 peccator

186 1083 273 1104 sum.

277 1132 404 1163 Contra
441 1142 521 1163 vero
568 1137 745 1172 utrumque
794 1131 1008 1172 cogitandum
1049 1135 1111 1167 est,
1148 1135 1180 1160 et

186 1176 343 1218 indignos
371 1186 435 1206 nos
462 1185 556 1214 esse,
593 1181 624 1206 et
649 1181 759 1206 tamen
784 1174 1012 1205 accedendum
1036 1183 1114 1204 esse
1138 1173 1180 1204 ad

187 1219 295 1251 Deum
320 1219 442 1250 fiducia
465 1219 673 1257 mediatoris,
698 1217 969 1259 sieutEpheseos
993 1216 1024 1249 3.
1048 1217 1180 1254 dieitur,

187 1270 219 1294 et
245 1268 338 1293 certo
364 1263 573 1293 statuendum
599 1267 666 1299 est,
689 1261 804 1302 recipi,
840 1260 930 1303 diligi
965 1266 998 1291 et
1033 1260 1180 1291 exaudiri

187 1316 261 1337 nos.
308 1304 399 1337 Psal.
426 1305 478 1337 33.
503 1306 640 1337 dicitur:
675 1304 837 1336 Accedite
871 1305 913 1335 ad
949 1314 1022 1335 eum
1054 1308 1086 1334 et
1108 1301 1181 1334 illu-

186 1350 368 1386 minamitii,
393 1356 425 1380 et
449 1347 554 1380 facies
579 1354 713 1380 vestrae
736 1358 803 1379 non
827 1346 1083 1379 confundentur.
1114 1346 1181 1377 Iste

187 1403 314 1435 pauper
337 1391 509 1431 clamavit,
540 1398 572 1423 et
595 1392 760 1423 Dominus
784 1391 950 1422 exaudivit
975 1401 1060 1429 eum,
1083 1396 1116 1421 et
1140 1400 1181 1421 ex

189 1437 344 1468 omnibus
380 1434 646 1467 tribulationibus
689 1435 760 1466 eius
806 1433 951 1466 salvavit
996 1445 1082 1465 eum.
1139 1432 1182 1464 Et

187 1478 354 1511 Dominus
391 1479 494 1520 inquit
528 1478 644 1510 Lucae
680 1478 731 1509 18.
799 1477 940 1519 Semper
985 1484 1090 1517 orate,
1149 1481 1182 1507 et

188 1533 255 1554 non
299 1522 386 1554 fiatis
433 1522 591 1564 languidi.
639 1521 731 1560 Item,
773 1520 880 1552 Petite
923 1527 956 1552 et
998 1520 1180 1561 accipietis.

193 1565 237 1597 Et
278 1566 443 1608 Syriacid.
472 1565 503 1596 7.
542 1565 581 1606 μὴ
619 1564 844 1606 ἑλιγοψυχῆσῃς
883 1567 913 1595 ἐν
956 1565 993 1605 τῇ
1027 1564 1182 1606 προσευχῇ

194 1621 260 1648 σου,
297 1610 329 1640 id
365 1615 429 1647 est,
463 1620 531 1640 11011
566 1609 615 1640 sic
649 1609 794 1639 accedas
829 1608 870 1638 ad
894 1607 1015 1645 Deum,
1049 1612 1084 1638 ut
1117 1612 1181 1637 tre—

191 1654 288 1694 pides
335 1653 560 1690 dubitatione,
605 1663 647 1683 an
692 1658 725 1683 te
770 1651 909 1693 recipiat
943 1656 975 1682 et
1016 1650 1182 1687 exaudiat,

190 1703 247 1728 aut
269 1707 312 1728 an
335 1695 416 1728 velit
441 1702 507 1727 tam
530 1695 635 1727 multa
658 1701 691 1727 et
713 1701 781 1727 tam
804 1705 924 1737 magna
946 1692 1072 1737 largiri,
1096 1703 1182 1735 quae

191 1750 253 1782 pro
278 1746 311 1771 10
336 1745 368 1770 et
391 1738 465 1771 aliis
489 1740 586 1781 petis.

510 1902 576 1934 llll.
615 1901 850 1939 QUAESTIO.

192 1976 366 2031 Propter
393 1990 493 2030 quas
517 1990 659 2016 causas
681 1990 789 2017 nova
823 1974 1057 2015 obedientia
1087 1972 1184 2013 reti-

254 2055 390 2094 nenda
422 2054 473 2094 sit
505 2068 578 2094 seu
609 2054 719 2094 bona
751 2067 875 2108 opera
906 2051 1119 2092 facienda?

282 2139 421 2178 Semper
456 2137 628 2168 retinenda
663 2143 714 2168 est
755 2137 933 2178 perspicua
968 2135 1121 2166 doctrina
1154 2139 1187 2165 et

194 2181 415 2219 asseveratio,
440 2180 527 2221 quod
552 2186 687 2211 nostrae
721 2180 862 2212 virtutes
896 2185 929 2210 et
963 2180 1051 2210 bona
1085 2188 1187 2219 opera

194 2234 261 2255 non
288 2225 355 2255 sint
391 2224 542 2254 meritum
577 2224 783 2254 remissionis
816 2228 1043 2265 peccatorum,
1078 2231 1186 2262 neque

195 2266 496 2305 reconciliationis,
535 2277 642 2308 neque
676 2267 764 2298 vitae
792 2273 966 2304 aeternae,
1001 2265 1060 2295 sed
1097 2264 1185 2306 quod

194 2310 279 2342 haec
318 2310 481 2341 beneficia
514 2316 606 2341 certo
647 2316 784 2351 propter
818 2308 937 2341 Filium
972 2308 1035 2339 Dei
1073 2307 1186 2338 Gratis

197 2355 317 2385 dentur
340 2354 566 2392 credentibus,
590 2353 757 2391 videlicet,
780 2353 933 2384 remissio
956 2357 1184 2394 peccatorum,

196 2396 422 2428 reconciliatio
447 2404 477 2428 et
501 2396 691 2429 haereditas
715 2398 801 2428 vitae
814 2403 982 2427 aeternae.
1006 2394 1144 2426 Roman.
1154 2394 1185 2424 6.

198 2440 331 2472 Donum
355 2440 419 2472 Dei
445 2441 511 2472 vita
541 2448 676 2472 aeterna
707 2451 768 2482 per
792 2439 962 2472 Christum
986 2438 1093 2470 lesum
1117 2437 1186 2468 Do-

198 2485 319 2515 minum
354 2491 515 2516 nostrum.
563 2483 688 2526 Eplzes.
717 2485 747 2515 2.
801 2483 914 2515 G.·atis
950 2480 1071 2514 salvati
1105 2481 1187 2512 estis

198 2538 259 2568 per
282 2527 404 2558 Fidem.

287 2611 391 2645 Simul
415 2619 525 2645 autem
547 2614 733 2656 propositio
767 2623 849 2645 vera
882 2617 945 2652 est,
978 2611 1076 2643 Nova
1109 2611 1188 2642 obe-

826 133 940 167 PHIL.
965 132 1069 164 MEL.
1094 131 1282 165 SCRIPTA
1305 131 1586 164 DOGMATICA.

1207 228 1213 290 1

1207 439 1210 508 t

2155 132 2218 165 472

1235 229 1357 260 dientia
1381 233 1432 258 est
1455 226 1654 259 necessaria,
1696 226 1737 258 Et
1760 232 1852 258 recte
1874 226 2101 268 intelligantur
2119 238 2218 259 voca-

1234 272 1324 310 bula,
1347 271 1444 303 Nova
1469 271 1657 302 obedientia
1681 280 1740 301 seu
1765 271 1853 301 bona
1877 269 2219 313 operaintelligantur

1234 326 1300 347 11011
1325 320 1449 345 tantum
1480 316 1520 345 de
1544 315 1688 345 externis
1713 315 1883 354 operibus,
1908 314 1967 345 sed
1992 315 2082 355 prius
2107 315 2148 345 de
2172 315 2218 346 in-

1234 359 1355 390 teriore
1378 356 1453 389 luce
1477 364 1507 389 et
1541 358 1697 389 novitate.
1746 356 1787 388 Et
1817 356 1979 388 insulsum
2016 364 2067 389 est
2101 368 2218 389 neces-

1234 403 1324 433 saria
1353 401 1561 443 interpretari
1596 406 1726 431 extorta
1758 401 1930 431 coactione
1955 399 2007 432 1·οΙ
2032 407 2118 432 metu
2142 412 2219 442 poe-

1233 456 1365 477 narum:
1402 445 1468 475 Sed
1504 444 1691 475 necessitas
1726 443 1893 485 significat
1927 445 2087 481 ordinem,
2122 455 2219 486 quem

1234 489 1395 531 sapientia
1431 495 1459 519 et
1495 488 1619 519 iustitia
1653 487 1718 518 Dei
1753 486 1996 518 immutabiliter
2030 488 2150 525 sanxit,
2184 494 2220 519 ut

1235 538 1388 564 creatura
1420 531 1495 563 Deo
1531 532 1746 572 obtemperet.
1792 530 1849 561 Sic
1880 537 1912 561 et
1935 531 2079 562 debitum
2102 530 2220 562 intelli-

1234 584 1342 618 gatur,
1367 586 1433 606 non
1459 581 1621 606 extortum
1647 575 1820 605 coactione
1845 573 1899 605 vel
1918 580 2004 605 metu
2026 584 2217 615 poenarum,

1233 620 1293 650 sed
1328 619 1426 656 ordo,
1466 630 1562 660 quem
1597 617 1691 648 Deus
1723 616 1969 648 immutabiliter
1997 618 2115 649 sanxit.
2163 617 2221 649 Sic

1233 662 1360 693 Paulus
1396 662 1515 703 inquit:
1550 661 1728 692 Debitores
1760 671 1885 692 sumuS.
1943 660 2021 692 Scio
2057 661 2219 702 quosdam

1233 704 1421 746 petulanter
1445 704 1542 735 ludos
1573 710 1604 735 et
1627 704 1828 745 praestigias
1861 713 2023 745 quaerere
2046 704 2077 734 in
2103 703 2219 735 harum

1232 760 1353 781 vocum
1379 748 1688 788 depravationibuS,
1714 748 1768 789 qui
1800 757 1873 778 cum
1896 757 1963 777 non
1982 746 2129 778 habeant
2153 753 2220 778 stu-

1234 793 1320 823 dium
1345 791 1517 829 Veritatis,
1559 790 1637 822 nolo
1663 801 1735 821 eum
1760 791 1808 821 eis
1845 791 1961 828 rixari,
1996 795 2121 821 tantum
2147 791 2220 821 bre-

1233 836 1317 867 viter
1350 834 1435 866 haec
1469 845 1589 866 moneo
1623 835 1663 866 de
1686 835 1797 865 nativa
1821 833 2064 875 significatione
2086 844 2219 871 vocum,

1233 885 1264 910 et
1287 879 1433 909 iuniores
1457 877 1628 915 adhortor,
1652 883 1687 908 ut
1711 883 1800 908 recte
1822 876 1912 918 loqui
1937 883 1968 908 et
1987 877 2133 908 iudicare
2152 882 2221 908 stu-

1232 923 1342 953 deant.
1395 922 1576 963 Impropria
1616 922 1700 952 enim
1735 926 1768 951 et
1811 921 1966 962 ambigua
1999 920 2131 961 pariunt
2171 930 2221 951 er·

1232 975 1352 996 rorem.

1321 1051 1377 1082 Sic
1400 1051 1502 1092 igitur
1531 1051 1616 1081 dico.
1663 1049 1762 1081 Nova
1793 1049 1978 1080 obedientia
2015 1055 2066 1080 est
2104 1058 2221 1080 neces-

1233 1095 1321 1125 saria
1345 1094 1548 1125 necessitate
1573 1093 1699 1124 ordinis
1735 1103 1857 1123 causae
1892 1098 1923 1124 et
1959 1092 2109 1130 effectus,
2143 1093 2221 1123 item

1232 1138 1435 1169 necessitate
1459 1137 1559 1168 debiti
1590 1147 1650 1167 seu
1673 1137 1829 1167 mandati.
1874 1136 2071 1167 Necessitas
2095 1136 2220 1166 ordinis

1235 1192 1358 1213 causae
1392 1186 1423 1212 et
1457 1180 1595 1212 effectus
1620 1180 1670 1210 sic
1693 1178 1908 1220 intelligatur,
1939 1190 2013 1210 cum
2047 1178 2112 1209 fide
2135 1179 2222 1209 acci-

1233 1226 1322 1265 pitur
1341 1224 1486 1265 Spiritus
1511 1229 1668 1261 sanctu-5,
1702 1222 1736 1253 fit
1762 1222 1953 1260 vivificatio,
1988 1227 2019 1253 et
2042 1220 2167 1252 laetitia
2189 1222 2222 1252 in

1233 1268 1320 1306 Deo,
1356 1274 1386 1299 et
1417 1268 1646 1299 accenduntur
1675 1265 1761 1297 tales
1785 1272 1907 1304 11101115,
1944 1264 2052 1307 qualis
2076 1270 2128 1296 est
2150 1265 2223 1306 ipse

1234 1312 1374 1354 Spiritus
1397 1317 1546 1343 sanctus.
1581 1309 1641 1341 Est
1664 1309 1763 1352 igitur
1781 1309 1847 1340 hoc
1872 1309 1987 1340 ordine
2009 1309 2143 1340 novitas
2166 1318 2222 1339 ne—

1236 1355 1395 1393 cessaria,
1420 1360 1455 1385 ut
1478 1354 1506 1384 si
1530 1354 1635 1390 dicas,
1657 1353 1785 1393 Aquam
1811 1351 2005 1383 calefactam
2029 1351 2222 1383 necessario

1235 1398 1347 1430 calere
1382 1403 1413 1429 et
1446 1395 1645 1428 calefacere.
1692 1395 1748 1426 Sic
1772 1395 1938 1426 Iohannes
1962 1395 2082 1436 inquit:
2121 1393 2149 1424 1.
2175 1393 2224 1425 lo-

1233 1441 1311 1473 han.
1335 1441 1366 1472 3.
1413 1440 1528 1471 Omnis
1552 1445 1650 1470 natus
1682 1448 1723 1469 ex
1746 1438 1820 1469 Deo
1844 1443 2018 1479 peccatum
2043 1447 2109 1468 non
2133 1435 2224 1475 facit,

1235 1485 1312 1526 quia
1345 1494 1460 1515 semen
1484 1483 1547 1514 Dei
1582 1483 1614 1514 in
1648 1492 1688 1513 eo
1723 1488 1843 1512 manet.
1890 1481 1982 1519 Item,
2017 1480 2133 1511 Omnis
2169 1480 2225 1521 qui

1235 1538 1301 1559 non
1325 1526 1404 1558 facit
1427 1527 1595 1564 iustitiam,
1620 1536 1687 1556 non
1712 1530 1764 1555 est
1787 1535 1828 1555 ex
1851 1524 1936 1555 Deo.
1982 1523 2074 1554 Haec
2109 1523 2224 1555 dicun-

1235 1577 1288 1602 tur
1310 1571 1445 1611 proprie
1469 1571 1509 1600 de
1540 1569 1603 1600 hac
1626 1568 1831 1599 necessitate
1854 1577 1940 1608 quae
1963 1572 2015 1597 est
2040 1567 2123 1597 ordo
2147 1576 2224 1597 cau-

1235 1624 1294 1645 sae
1318 1620 1350 1644 et
1374 1613 1524 1644 effectus.
1570 1611 1687 1643 Altera
1718 1611 1906 1641 necessitas
1942 1615 1994 1640 est
2028 1609 2129 1640 debiti
2164 1618 2224 1639 seu

1235 1658 1392 1695 mandati,
1416 1658 1493 1698 quia
1516 1662 1627 1687 manet
1652 1655 1808 1692 debitum,
1831 1654 1864 1684 id
1886 1659 1950 1691 est,
1973 1653 2056 1684 ordo
2076 1653 2224 1683 immuta-

1236 1700 1323 1739 bilis,
1350 1706 1387 1732 ut
1417 1705 1573 1732 creatura
1603 1698 1678 1730 Deo
1714 1699 1928 1738 obtemperet.
1973 1696 2045 1727 Nec
2069 1694 2222 1726 liberatio

1237 1755 1257 1776 a
1280 1744 1372 1785 Lege
1396 1749 1447 1775 est
1471 1742 1546 1774 talis
1570 1741 1706 1780 laxatio,
1730 1747 1766 1772 ut
1789 1741 1872 1778 Lex,
1907 1741 1939 1771 id
1964 1746 2028 1778 est,
2062 1739 2225 1780 sapientia

1239 1793 1270 1819 et
1296 1787 1418 1818 iustitia
1442 1787 1475 1817 in
1498 1785 1574 1817 Deo
1599 1786 1740 1822 desinat,
1765 1794 1850 1826 quae
1875 1784 2022 1820 ordinat,
2057 1788 2093 1814 ut
2126 1782 2225 1813 ratio-

1236 1830 1323 1862 nalis
1348 1836 1501 1862 creatura
1525 1830 1567 1860 sit
1591 1829 1652 1870 ipsi
1677 1826 1869 1859 conformis.

1326 1915 1410 1949 Cum
1434 1916 1532 1957 igitur
1555 1914 1592 1946 fit
1615 1912 1856 1951 reconciliatio,
1891 1911 1927 1943 fit
1950 1912 2038 1950 ideo,
2072 1917 2109 1943 ut
2131 1911 2226 1942 resti-

1239 1965 1351 1992 tuatur
1375 1959 1591 1991 conformitas
1616 1969 1690 1989 eum
1713 1956 1801 1994 Deo,
1835 1956 1921 1987 sicut
1945 1954 2071 1986 Paulus
2105 1955 2225 1995 inquit:

1239 2004 1305 2035 Per
1328 2003 1427 2034 fidem
1450 2002 1575 2043 Legem
1599 1999 1796 2032 stabilimus.
1838 1998 1947 2029 Habet
1969 1998 2069 2039 igitur
2093 2003 2124 2028 et
2149 2008 2227 2028 con-

1239 2057 1359 2078 versus
1382 2045 1469 2077 latro
1505 2046 1537 2076 in
1569 2054 1669 2075 cruce
1692 2053 1814 2074 novam
1838 2041 2059 2072 obedientiam
2083 2046 2116 2071 et
2139 2041 2228 2072 bona

1240 2101 1354 2131 opera,
1377 2095 1429 2121 est
1451 2089 1484 2119 in
1508 2098 1549 2119 eo
1572 2086 1774 2129 poenitentia
1796 2086 1939 2127 integra,
1964 2091 1996 2115 et
2018 2085 2130 2115 audita
2148 2093 2226 2114 con-

1239 2132 1403 2165 solatione
1426 2132 1491 2163 fide
1526 2136 1675 2168 erectuS,
1709 2129 1810 2161 habet
1843 2129 1908 2159 iam
1941 2138 2064 2159 novam
2098 2133 2131 2158 et
2160 2137 2227 2158 ma-

1240 2188 1339 2219 gnam
1368 2176 1478 2208 lucem
1514 2175 1555 2205 de
1579 2174 1716 2211 Messia,
1748 2180 1780 2204 et
1802 2172 1915 2213 incipit
1938 2171 2046 2203 Deum
2076 2169 2226 2212 diligere,

1239 2220 1379 2252 laetatur
1401 2220 1434 2250 in
1458 2218 1544 2256 Deo,
1578 2218 1714 2248 invocat
1748 2227 1823 2247 eum
1858 2221 1888 2246 et
1924 2216 1954 2246 ei
1989 2215 2117 2256 gratias
2148 2213 2227 2255 agit,

1239 2264 1371 2295 subiicit
1394 2273 1431 2294 se
1443 2262 1516 2293 01111
1539 2271 1657 2302 poena,
1682 2259 1826 2291 ostendit
1839 2259 1935 2290 etiam
1949 2257 2136 2289 testimonia
2149 2267 2228 2288 con-

1239 2306 1409 2345 fessionis,
1434 2306 1587 2346 obiurgat
1605 2303 1736 2345 impium
1748 2301 1923 2340 latronem,
1948 2307 1981 2333 et
1999 2301 2063 2332 iam
2088 2310 2228 2332 conver-

1239 2361 1298 2382 sus
1323 2350 1359 2381 fit
1382 2347 1538 2390 templum
1562 2347 1636 2378 Dei.
1683 2346 1850 2377 insulsum
1874 2352 1925 2377 est
1959 2345 2127 2375 somniare
2160 2352 2228 2374 non

1240 2404 1318 2426 esse
1340 2393 1448 2425 lucem
1473 2398 1505 2423 et
1528 2392 1668 2423 virtutes
1692 2389 1848 2421 divinitus
1872 2398 2035 2421 accensas
2058 2387 2092 2418 in
2115 2397 2167 2418 eo.

1328 2479 1379 2510 Ex
1401 2478 1453 2510 his
1479 2479 1638 2520 gradibus
1656 2476 1878 2514 necessitatis,
1897 2480 2081 2517 sequuntur
2105 2479 2138 2505 et
2161 2471 2227 2504 alii.

1240 2523 1435 2555 Necessitas
1459 2521 1651 2553 retinendae
1685 2519 1773 2558 fidei,
1805 2519 1893 2560 quia,
1927 2529 2000 2549 cum
2035 2517 2116 2548 fiunt
2149 2526 2227 2558 pec-

1242 2573 1317 2598 cata
1341 2571 1458 2597 contra
1481 2564 1730 2601 conscientiam,
1766 2563 1911 2604 Spiritus
1945 2566 2082 2593 sanctus
2117 2557 2228 2601 expel-

1241 2609 1338 2649 litur,
1384 2614 1418 2641 et.
1456 2607 1573 2650 lapsus
1615 2614 1733 2639 contra
1767 2605 2005 2638 conscientiam
2039 2613 2157 2635 rursus
2191 2602 2228 2634 fit
