2383 2990
167 134 234 166 575

260 228 330 260 Sed
365 228 491 259 omissa
524 225 697 258 subtiliore
731 226 781 257 dis
806 226 954 257 utatIOne
988 232 1161 259 teneamus

173 282 293 303 vocem
315 270 504 313 Decalogi:
538 270 613 301 Non
635 268 759 301 furtum
797 269 898 307 acies,
932 268 1161 312 Quaecunque

173 321 224 347 est
247 316 342 357 origo
366 314 587 346 distinctionis
611 313 841 351 dominiorum,
865 318 1044 354 postquam
1065 312 1160 345 Deus

172 359 258 390 furta
282 358 452 400 prohibet,
489 357 632 388 sciamus
656 357 727 387 iure
751 356 861 387 divino
886 362 1099 395 contractuS‚
1129 363 1162 388 et

172 403 391 444 proprietates
416 400 615 438 confirmari,
649 405 682 431 et
705 399 840 438 muniri,
875 405 908 431 et
929 398 995 431 hoc
1018 401 1090 431 iure
1113 406 1161 432 te-

172 446 243 476 neri
266 455 377 486 reges,
401 445 571 486 principes
595 450 626 474 et
650 443 811 484 privatos.

171 558 295 588 tatibus
329 562 485 598 quantum
515 555 642 592 volunt,
678 556 763 587 sicut
786 560 819 587 et
841 555 980 586 historia
1000 556 1041 587 de
1064 557 1162 587 vinea

170 600 306 632 Naboth
329 600 485 631 ostendit.
532 599 599 631 Sed
624 599 744 630 dictum
771 600 800 631 l.
826 598 910 641 Reg.
935 599 966 630 8.
1013 599 1087 630 Hoc
1111 605 1163 630 est

171 644 223 675 ius
247 644 357 685 regiS,
388 642 517 674 auferet
539 653 658 684 agrum
681 649 744 674 etc.
770 642 917 683 loquitur
941 643 982 673 de
1005 641 1161 684 legitimis

172 687 355 728 stipendiis,
375 697 460 727 quae
482 686 525 717 ad
548 686 641 728 regni
655 686 926 717 constitutionem
949 692 981 716 et
1005 687 1047 716 ad
1073 696 1162 717 com-

171 741 304 762 munem
335 730 579 767 defensionem,
615 728 850 767 conferuntur,
892 729 984 760 iuxta
1019 730 1161 760 dictum:

171 774 290 805 Estote
315 774 461 804 contenti
485 773 659 815 stipendiis
685 773 818 804 vestris.

259 860 446 892 Prudenter
487 860 585 890 etiam
625 857 874 900 intelligendum
920 863 972 889 est
1017 857 1161 888 dictum:

173 903 292 935 Omnia
326 909 403 935 sunt
437 903 542 944 regis,
577 903 667 944 quod
696 901 793 933 aulici
817 907 1049 932 assentatores
1072 901 1164 931 nimi-

172 958 227 978 um
257 946 472 988 amplificant.
541 946 632 977 Sicut
654 946 688 976 in
711 944 853 976 historia
883 942 1065 974 HFNRICI
1089 943 1163 974 LU-

173 989 515 1022 CELBURGENSIS
540 994 704 1027 narratur,
728 994 815 1019 mota
840 988 1036 1029 quaestione
1059 987 1092 1017 in
1116 987 1165 1018 iti-

173 1044 253 1065 nere
287 1034 328 1064 de
363 1034 505 1075 quadam
529 1043 618 1070 arce,
654 1032 855 1073 disputatum
878 1030 974 1062 simul
998 1040 1086 1068 esse,
1110 1030 1164 1061 An

173 1088 253 1108 vera
277 1077 318 1108 sit
343 1077 545 1117 propositio:
570 1075 688 1106 Omnia
712 1080 791 1106 sunt
814 1074 1040 1115 Imperatoris.
1066 1073 1164 1105 Curn—

174 1130 238 1162 que
262 1119 348 1151 alter
361 1120 572 1160 lurisperitns
587 1119 782 1150 defenderet
806 1128 878 1149 eam
900 1118 1165 1159 propositionem

174 1174 288 1194 veram
312 1173 401 1201 esse,
425 1162 510 1194 alter
534 1163 736 1194 contrarium
759 1167 919 1199 tueretur,
944 1160 1096 1192 fecerunt
1118 1161 1164 1192 iu-

173 1207 278 1238 dicem
312 1206 550 1248 Imperatorem
583 1205 775 1243 Henricum,
809 1206 853 1236 ita
878 1210 913 1236 ut
936 1206 1044 1236 victus
1069 1205 1165 1235 daret

173 1260 292 1291 equum
316 1250 445 1282 victori.
491 1249 685 1291 Imperator,
709 1255 745 1281 ut
768 1248 855 1280 solet
879 1248 961 1286 ficri,
985 1249 1092 1291 magis
1116 1246 1164 1278 fa-

173 1303 229 1325 vet
252 1291 310 1332 illi,
335 1293 390 1335 qui
413 1292 594 1335 amplificat
616 1292 797 1334 potentiam
822 1291 1054 1332 Imperatoris,
1089 1301 1164 1333 pro-

173 1338 301 1368 nuntiat
319 1347 433 1368 veram
457 1346 533 1368 esse
555 1336 833 1378 propositionem,
869 1334 987 1366 Omnia
1007 1345 1083 1366 esse
1108 1335 1164 1365 im-

172 1380 351 1421 peratoris,
375 1381 484 1412 victus
508 1381 596 1411 dedit
620 1390 740 1421 equum
764 1379 892 1410 victori.
959 1378 1039 1410 Inde
1064 1376 1164 1410 faceti

172 1424 325 1456 homines
350 1424 634 1466 reprehendentes
647 1423 920 1461 assentationem,
945 1421 1035 1454 hunc
1054 1423 1163 1453 iocum

173 1474 384 1508 sparserunt:
419 1466 515 1500 Alter
548 1467 722 1508 respondit
756 1476 908 1508 aequum,
944 1465 1029 1497 alter
1063 1466 1163 1497 habet

172 1521 303 1553 equum.

261 1597 355 1629 Haec
378 1597 502 1629 inserui
527 1596 856 1628 commonefactionis
881 1605 1001 1634 causa,
1024 1600 1060 1627 ut
1084 1605 1162 1626 con-

173 1641 341 1673 sideretur
374 1639 519 1672 humana
541 1640 680 1679 levitas,
715 1650 801 1682 quae
832 1640 873 1671 de
895 1638 961 1670 hoc
980 1644 1162 1680 praecepto

172 1683 306 1723 ludens,
326 1683 460 1716 laudem
482 1684 605 1726 ingenii
629 1694 706 1715 esse
730 1684 831 1722 ducit,
855 1682 1003 1725 graviter
1034 1682 1164 1713 defrau-

175 1728 256 1759 dare
280 1727 445 1766 homines,
469 1733 506 1759 ut
540 1733 617 1759 sunt
648 1727 773 1758 infinita
803 1726 946 1758 artificia
975 1724 1166 1758 stellionum

175 1777 208 1802 et
230 1772 451 1813 impostorum
476 1772 510 1802 in
535 1772 775 1808 contractibus,
800 1776 832 1801 et
855 1770 1051 1801 iniustarum
1075 1769 1164 1811 expi-

173 1814 335 1846 lationum
357 1815 391 1846 in
415 1813 511 1853 aulis,
547 1815 636 1846 unde
660 1820 755 1846 vetus
780 1813 1001 1845 proverbium
1025 1818 1089 1852 est,
1113 1812 1163 1843 τά-

171 1871 240 1898 μιαι
262 1858 380 1897 λάμιαι.

1187 2245 1190 2263 ι

266 2263 309 2295 Ut
342 2274 443 2305 supra
467 2264 544 2302 dixi,
579 2263 723 2295 Notitias
748 2264 904 2296 virtutum
922 2265 1061 2296 traditas
1085 2274 1164 2295 esse

177 2308 349 2346 dixinitus,
381 2313 416 2339 ut
450 2308 516 2338 sint
551 2307 760 2345 testimonia,
795 2309 885 2350 quod
914 2309 957 2339 sit
990 2307 1095 2345 Deus,
1131 2314 1163 2339 et

178 2352 368 2390 ostendant,
394 2350 503 2393 qualis
524 2351 579 2389 sit,
603 2358 634 2382 et
648 2352 737 2393 quod
750 2352 791 2382 sit
805 2352 947 2383 vindex:
972 2351 1019 2382 lta
1043 2352 1075 2381 in
1100 2351 1164 2381 hoc
1188 2344 1190 2374 i

177 2395 332 2426 mandato
357 2395 635 2426 considerandum
659 2402 721 2433 est,
744 2394 852 2426 Deum
871 2395 1084 2427 severissime
1106 2405 1163 2435 po-
1187 2376 1190 2437 Ι

178 2437 305 2469 stulare
329 2439 513 2476 veritatem,
538 2445 570 2469 ut
591 2439 700 2479 ipsum
724 2448 875 2470 veracem
904 2447 982 2470 esse
1006 2439 1163 2476 sciamus,
1188 2448 1190 2491 Ι

179 2483 265 2513 sicut
299 2481 454 2513 iohannis
477 2481 507 2513 8.
531 2482 635 2524 inquit
657 2481 841 2514 Dominus:
877 2482 941 2518 Qui
976 2482 1063 2513 misit
1098 2492 1162 2520 me,

179 2530 231 2556 est
255 2535 366 2556 verax.
412 2524 506 2556 Rom.
532 2525 563 2556 3.
609 2526 656 2558 Sit
678 2532 789 2557 autem
812 2526 905 2557 Deus
929 2536 1042 2557 verax.
1068 2524 1164 2560 Quod

179 2578 219 2599 eo
251 2567 377 2600 firmius
408 2569 620 2600 statuendum
649 2576 711 2607 est,
742 2575 778 2601 ut
801 2570 946 2601 sciamus
969 2568 1079 2600 Deum
1101 2579 1165 2601 1188

180 2609 266 2643 velle
289 2619 441 2654 peccata,
464 2623 527 2644 nec
551 2623 688 2644 causam
711 2623 789 2644 esse
812 2614 960 2655 peccati,
991 2613 1068 2654 quia
1091 2622 1165 2644 sae-

258 513 330 544 Nec
352 511 431 544 licet
465 513 670 554 principibus
695 522 827 543 sumere
850 522 893 542 ex
915 510 1033 543 alicnis
1056 510 1162 544 facul·

387 2022 449 2053 DE
473 2021 656 2054 OCTAVO
681 2020 954 2053 PRAEGEPTO.

297 2155 392 2195 Non
425 2155 533 2195 dices
565 2154 710 2196 salsum
742 2155 1034 2196 testimonium.

800 130 915 163 PHIL.
939 130 1044 163 MEL.
1068 130 1258 164 SCRIPTA
1280 130 1562 163 DOGMATICA.

1188 2440 1190 2447 '
1216 2439 1415 2481 perniciosa,
1441 2437 1503 2469 alia
1528 2439 1661 2475 iocosa,
1691 2437 1756 2469 alia
1787 2436 1950 2469 officiosa.

2139 133 2203 165 576

1213 227 1351 268 pissime
1374 224 1534 264 affirmat,
1565 235 1603 258 se
1625 226 1726 257 irasci
1754 232 1906 267 peccato.
1952 225 2055 258 Zach.
2079 226 2110 259 8.
2154 229 2204 260 Iu-

1213 276 1398 301 ramentum
1421 269 1563 300 mendax
1586 280 1628 301 ne
1652 269 1809 311 diligatis,
1834 270 1944 301 onmia
1966 269 2051 301 haec
2068 271 2133 309 odi,
2157 271 2203 302 di-

1215 314 1259 344 cit
1281 313 1455 344 Dominus
1523 311 1607 344 Cum
1641 318 1750 344 autem
1766 314 1818 357 ‘sit
1842 324 1957 352 verax,
1980 323 2046 345 non
2070 320 2148 346 sunt
2169 315 2204 346 in

1214 366 1254 387 eo
1280 356 1560 387 contradictoriae
1583 355 1784 388 voluntates.

1301 441 1363 473 Est
1385 448 1495 473 autem
1508 442 1700 473 xE-RITAS
1714 443 1820 473 virtus
1840 452 1980 473 servans
2004 444 2204 475 convenien-

1215 486 1294 517 tiam
1319 486 1542 528 cogitationis,
1566 487 1731 517 sermonis
1756 491 1787 516 et
1812 491 1965 527 gestuum
1989 496 2065 517 cum
2088 497 2125 518 re
2149 497 2204 519 co-

1216 530 1330 571 gitata,
1354 535 1386 560 et
1410 531 1675 561 convenientiam
1699 529 1864 560 sermonis
1889 535 1920 560 et
1941 539 2079 570 operum
2103 531 2205 571 inpa-

1216 573 1278 604 ctis
1303 582 1363 604 seu
1386 574 1625 604 contractibus.
1648 573 1700 604 Ac
1724 573 1870 603 sciamus
1895 572 1936 603 de
1959 573 2098 604 veritate
2109 584 2205 615 prae-

1216 616 1292 657 cipi,
1318 626 1393 647 cum
1417 616 1555 647 dicitur:
1591 616 1641 647 Sit
1671 626 1780 647 sermo
1813 621 1926 646 vester
1949 622 2012 654 est,
2036 622 2100 654 est,
2123 627 2204 655 non,

1216 669 1301 690 non:
1331 665 1363 689 et
1392 659 1562 700 prohiberi
1585 659 1759 690 mendacia
1786 659 1819 689 in
1845 658 1996 699 plurimis
2018 657 2104 690 locis
2123 660 2206 690 Pro-

1215 702 1308 733 verb.
1336 702 1387 732 12.
1432 702 1646 734 Abominatio
1669 701 1805 733 Domini
1823 701 1912 733 labia
1925 701 2054 741 dolosa,
2078 708 2111 734 et
2123 703 2206 735 Pro-

1216 746 1309 776 veri).
1337 744 1386 775 19.
1444 744 1555 776 Testis
1588 746 1731 776 mendax
1763 756 1831 776 non
1854 746 1915 777 erit
1938 747 2137 787 impunitus,
2171 751 2206 778 et

1216 789 1272 830 qui
1294 787 1442 829 loquitur
1464 789 1682 822 mendacium.
1718 789 1848 830 peribit.
1917 788 1990 820 Hae
2013 789 2205 830 prohibitio-

1215 842 1277 863 nes
1302 837 1334 862 et
1357 832 1628 863 comminationes
1644 833 1779 863 flectant
1801 842 1863 863 nos
1876 832 1919 863 ad
1943 833 2092 864 veritatis
2115 843 2205 864 aino-

1216 886 1297 913 rem,
1322 881 1354 906 et
1377 875 1419 906 ad
1443 873 1602 916 fugienda
1626 877 1819 913 mendacia,
1844 876 2043 917 praestigias
2067 876 2205 918 Sophis-

1217 924 1339 950 matum
1371 924 1403 949 et
1436 919 1639 959 imposturas
1662 919 1695 950 in
1719 925 1788 950 tota
1820 920 1897 957 vita,
1932 920 1965 949 in
2000 920 2142 958 iudiciis,
2171 921 2206 952 in

1216 962 1336 1003 pactis,
1360 963 1392 993 in
1417 963 1656 1000 contractibus,
1680 963 1713 993 in
1737 963 1895 993 doctrinis
1920 968 1952 993 et
1975 963 2008 993 in
2032 964 2171 994 artibus.

1303 1047 1525 1090 corruptelae
1549 1049 1680 1090 quidem
1704 1050 1876 1080 doctrinae
1901 1050 1942 1080 de
1971 1048 2047 1080 Deo
2070 1050 2206 1091 proprie

1216 1098 1365 1133 pugnant
1401 1102 1475 1123 cum.
1510 1093 1659 1124 secundo
1691 1098 1889 1133 praecepto:
1920 1093 1997 1123 Non
2026 1093 2205 1133 usurpabis

1216 1146 1337 1166 nomen
1375 1134 1439 1166 Dei
1477 1136 1522 1166 tui
1555 1146 1653 1173 vane,
1684 1136 1742 1166 sed
1780 1135 1990 1176 corruptelae
2019 1137 2053 1167 in
2077 1137 2206 1168 artibus

1217 1178 1426 1210 collocentur
1445 1179 1531 1210 inter
1553 1179 1725 1210 mendacia
1738 1180 1921 1220 pugnantia
1937 1189 2011 1211 cum
2021 1179 2089 1211 hoc
2110 1189 2205 1221 prae-

1217 1229 1328 1264 cepto:
1355 1222 1430 1254 Non
1455 1222 1547 1254 dicas
1572 1221 1692 1254 salsum
1718 1223 1938 1254 testiinonium
1963 1228 2026 1254 etc.

1302 1307 1547 1340 Discernantur
1577 1315 1687 1340 autem
1710 1320 1730 1340 a
1753 1309 1936 1341 mendaciis
1960 1309 2104 1351 figurae,
2136 1309 2206 1351 qui-

1217 1353 1279 1383 bus
1303 1351 1482 1394 aliquando
1507 1353 1617 1383 sancti
1641 1358 1672 1383 et
1695 1353 1866 1393 sapientes
1892 1364 1966 1384 cum
1990 1363 2114 1395 magna
2135 1351 2206 1384 lau-

1217 1397 1258 1427 de
1281 1402 1428 1427 utuntur.
1474 1395 1606 1427 Rachel
1629 1401 1701 1426 arte
1724 1395 1875 1427 occultat
1898 1394 1999 1427 Idola.
2031 1396 2125 1428 Raab
2149 1406 2206 1427 ne-

1216 1446 1274 1481 gat
1298 1450 1336 1470 se
1359 1439 1484 1471 habere
1508 1438 1658 1480 hospites
1678 1438 1859 1470 Israelitas.
1884 1437 2037 1470 Coniunx
2064 1438 2207 1471 Davidis

1217 1483 1310 1525 fingit
1334 1483 1486 1514 maritum
1514 1481 1701 1525 aegrotale,
1727 1488 1757 1513 et
1781 1480 1926 1513 collocat
1943 1488 2087 1514 statuam
2101 1483 2135 1513 in
2154 1493 2206 1514 re-

1215 1533 1280 1557 cto.
1327 1525 1369 1557 Et
1391 1526 1422 1557 2.
1468 1525 1598 1568 Regum
1624 1526 1674 1556 17.
1695 1531 1852 1567 teguntur
1876 1526 1909 1557 in
1934 1526 2079 1557 cisterna
2102 1525 2205 1557 Achi-

1215 1580 1288 1601 mas
1313 1576 1343 1601 et
1367 1568 1533 1601 Ionathas.
1580 1567 1680 1600 Tales
1704 1568 1829 1610 figurae
1852 1579 1918 1600 non
1942 1574 2021 1600 sunt
2032 1569 2207 1601 mendacia

1215 1614 1348 1654 proprie
1371 1612 1553 1655 loquendo,
1576 1613 1637 1645 sed
1660 1611 1752 1644 velut
1775 1618 2026 1655 stratagemata,
2050 1618 2082 1643 et
2105 1619 2141 1644 ut
2163 1613 2206 1644 ab

1214 1657 1384 1688 Herodoto
1425 1657 1555 1695 dicitur,
1593 1656 1733 1696 σχήματα
1769 1657 1856 1696 λόγου
1890 1666 1951 1687 5811
1980 1656 2121 1694 Ironiae,
2144 1665 2208 1687 seu

1215 1699 1300 1743 παρὰ
1323 1701 1421 1738 τοῦτο,
1454 1701 1487 1731 id
1508 1706 1570 1739 est,
1598 1710 1665 1731 non
1690 1709 1794 1731 causa
1816 1705 1853 1731 ut
1871 1709 1990 1731 causa:
2019 1705 2055 1731 ut
2076 1697 2208 1731 Rachel

1215 1755 1282 1776 non
1306 1744 1411 1786 surgit
1435 1742 1596 1776 simulans
1619 1744 1781 1774 morbum.

1302 1830 1363 1861 Est
1385 1837 1496 1861 autem
1520 1830 1654 1872 proprie
1676 1829 1845 1872 loquendo
1859 1829 2066 1860 mendacium
2081 1829 2207 1871 cogita·

1215 1876 1259 1906 tio
1285 1874 1452 1905 contraria
1475 1875 1522 1905 rei
1546 1883 1607 1905 seu
1631 1874 1752 1905 dictum
1776 1873 1978 1904 contrarium
2006 1873 2074 1911 rei,
2107 1882 2207 1914 quam

1216 1919 1281 1950 dici
1300 1927 1444 1949 necesse
1464 1924 1528 1955 est,
1551 1927 1612 1948 seu
1631 1924 1749 1959 gestus
1773 1917 1962 1948 contrarius
1985 1916 2044 1954 rei,
2069 1926 2144 1947 cum
2163 1925 2205 1947 ex

1215 1961 1371 1993 futilitate
1395 1966 1451 1992 aut
1473 1960 1584 1992 studio
1607 1961 1752 1992 nocendi
1775 1962 1891 1992 oritur.
1937 1959 2029 1991 Haec
2060 1959 2207 1990 definitio

1216 2004 1468 2046 comprehendit
1491 2004 1601 2035 omnia
1623 2004 1807 2042 mendacia,
1831 2013 1916 2044 quae
1938 2003 2074 2043 proprie
2085 2003 2135 2034 sic
2147 2012 2207 2033 no-

1215 2050 1381 2080 minantur
1415 2054 1447 2079 et
1482 2054 1558 2078 sunt
1581 2053 1733 2087 peccata,
1767 2054 1801 2078 ut
1828 2057 1901 2078 cum
1924 2045 2020 2077 miles
2043 2045 2207 2087 gloriatur

1215 2102 1253 2123 se
1277 2092 1393 2123 eodem
1417 2091 1469 2122 die
1487 2089 1684 2132 praeliatum
1707 2100 1783 2121 esse
1807 2090 1839 2120 in
1863 2088 1979 2121 Cilicia
2000 2096 2032 2121 et
2050 2088 2207 2121 Macedo-

1215 2136 1280 2166 nia.
1325 2135 1407 2165 Item
1436 2133 1500 2165 alia
1530 2132 1639 2174 palam
1669 2132 1757 2165 falsa
1780 2139 1811 2165 et
1830 2133 2019 2175 perniciosa
2045 2131 2137 2171 aliis,
2169 2138 2207 2164 ut

1216 2190 1291 2211 cum
1313 2177 1512 2210 Palamedes
1536 2176 1741 2209 calumniose
1764 2184 1954 2209 accusatur.

1303 2265 1371 2296 Sed
1394 2264 1533 2306 figurae,
1558 2265 1598 2295 de
1618 2265 1742 2306 ,quibus
1767 2264 1888 2295 dictum
1911 2269 1973 2301 est,
1998 2268 2075 2294 sunt
2094 2261 2207 2294 occul-

1215 2310 1358 2340 tationes
1382 2319 1495 2339 earum
1519 2318 1645 2344 rerum,
1681 2318 1765 2349 quas
1801 2318 1866 2338 non
1901 2317 2043 2338 necesse
2065 2313 2118 2337 est
2141 2306 2207 2337 dici

1215 2352 1448 2393 interroganti,
1480 2352 1564 2382 sicat
1589 2350 1714 2382 Michol
1734 2362 1800 2382 non
1821 2350 1933 2381 debuit
1955 2350 2107 2381 maritum
2130 2360 2206 2390 pro-

1216 2397 1305 2427 dere.
1352 2395 1513 2426 Vetnstas
1549 2395 1599 2425 sic
1624 2395 1786 2426 distinxit:
1821 2393 1995 2425 mendacia
2029 2392 2094 2423 alia
2127 2398 2206 2424 sunt

2002 2435 2073 2467 Etsi
2096 2442 2206 2467 autem

1217 2484 1334 2514 modos
1358 2480 1514 2523 loquendi
1539 2488 1688 2512 veterum
1711 2482 1800 2512 scire
1823 2491 1889 2512 non
1914 2486 1965 2511 est
1987 2479 2114 2511 inutile:
2156 2486 2205 2509 ta-

1216 2537 1291 2557 men
1316 2526 1511 2560 concinnius
1536 2532 1586 2555 est
1610 2535 1730 2555 nomen
1743 2523 1909 2555 Mendacii
1932 2534 1997 2554 non
2022 2519 2206 2554 transferre

1217 2570 1260 2601 ad
1283 2575 1533 2610 stratagemate,
1556 2574 1611 2599 aut
1635 2568 1773 2610 figuraS,
1796 2575 1851 2599 aut
1874 2569 1982 2605 iocos,
2006 2565 2156 2598 videlicet
2170 2571 2205 2597 nt

1218 2614 1262 2645 ad
1286 2611 1464 2655 Apologos
1489 2618 1546 2644 aut
1568 2615 1739 2653 poemata,
1772 2618 1808 2642 ut
1833 2622 1907 2643 cum
1931 2612 2030 2652 lupus
2063 2614 2204 2641 accusat

2309 2158 2332 2321 *ms-›z‹
2317 2112 2333 2144 ιι
2322 2067 2336 2093 a·
