2383 2990
159 161 200 192 47

418 257 527 307 Quid
560 262 621 296 est
653 253 880 295 Contritio?

252 366 312 397 Est
341 375 419 396 vere
448 372 674 404 expavescere
708 362 875 393 aenitione
903 361 971 392 irae
998 360 1062 392 Dei
1093 361 1149 392 ad-

164 420 284 441 versus
307 413 445 450 peccata
468 413 602 444 nostra,
633 412 665 436 et
694 388 826 443 dolere,
858 405 949 447 quod
970 404 1078 435 Deum
1102 402 1149 435 of-

167 452 347 488 fendimus,
381 452 471 481 iuxta
507 450 592 480 haec
628 449 731 480 dicta:
767 449 857 480 Sicut
890 448 961 483 Leo
997 447 1150 478 contrivit

167 496 273 525 onmia
299 504 378 524 ossa
400 504 483 524 mea.
529 491 570 523 Et
593 491 721 523 lesaiae
744 490 796 522 66.
843 491 896 522 Ad
925 500 1023 532 quem
1046 491 1150 530 respi-

167 540 266 568 ciam.
291 538 353 567 nisi
377 537 419 567 ad
451 535 626 566 contritum
648 535 783 574 spiritu,
808 540 839 565 et
864 539 1054 564 trementem
1078 542 1150 563 ser·

167 592 281 611 mones
306 589 409 610 meos.
455 579 495 609 Et
514 578 669 608 Ieremias
693 578 812 618 inquit:
834 577 1016 618 Postquam
1040 581 1151 607 osten-

167 624 241 653 disti
256 623 343 661 mihi,
367 622 520 664 percussi
543 619 649 652 femur
671 631 791 659 meum,
815 620 849 651 id
871 625 933 657 est,
958 625 1151 650 consterna-

171 673 222 696 tus
247 675 329 696 sum.

469 881 520 920 de
554 878 832 920 Contritione‘?

200 821 279 871 Qui
312 829 405 862 sunt
437 821 640 875 praecipui
672 833 823 858 errores
855 817 1112 872 Papistarum
1175 780 1181 1063 ι

254 988 331 1019 Duo
375 994 451 1019 sunt
489 987 658 1028 praecipui
700 995 832 1016 errores
868 985 1077 1025 Papistarum
1112 984 1153 1015 de

169 1031 385 1063 Contritione.
432 1030 527 1061 Prior
550 1036 601 1060 est
624 1029 712 1071 quod
737 1028 866 1059 dicunt:
887 1028 1051 1070 Oporteoe
1076 1037 1152 1058 esse

168 1075 386 1105 suffit-tentem
411 1073 666 1110 Contritionem,
701 1082 775 1102 cum
809 1069 901 1102 nulla
933 1071 1042 1112 possit
1076 1080 1153 1101 esse

168 1118 350 1148 sut'ticiens.
384 1116 425 1147 Et
445 1117 633 1157 ubicunque
653 1120 810 1146 crescunt
830 1112 964 1145 dolores
985 1114 1056 1144 sine
1075 1124 1153 1144 con-

169 1160 333 1191 solatione
357 1166 388 1190 et
411 1159 492 1197 fide,
523 1164 621 1190 ruunt
648 1157 801 1189 homines
832 1158 865 1188 in
894 1162 1064 1188 aeternum
1087 1157 1153 1187 exi-
1177 1065 1184 1309 ἱ

169 1205 258 1234 tium.

256 1278 352 1310 Alter
384 1289 478 1309 error
508 1284 560 1309 est
596 1276 772 1309 manifesta
809 1275 1007 1308 contumelia
1038 1282 1155 1307 contra

170 1321 356 1360 Christum,
387 1322 476 1363 quod
500 1320 643 1363 fingunt,
678 1320 919 1352 Contritionem
953 1320 1072 1351 mereri
1105 1329 1155 1350 re—

169 1375 370 1396 nnsslonem.
771 1375 773 1377 ·

344 1529 467 1569 Estne
501 1528 700 1569 Contritio
732 1528 981 1568 necessaria?

255 1638 466 1679 Respondeo.
512 1637 572 1668 Est
607 1636 799 1667 necessaria
833 1635 944 1677 aliqua
978 1634 1154 1675 Contritio,

171 1684 247 1724 quia
264 1682 296 1712 in
320 1683 503 1712 iuramento
523 1680 657 1711 dicitur:
682 1679 768 1710 Vivo
787 1689 861 1720 ego,
886 1690 951 1710 non
972 1678 1049 1710 volo
1068 1690 1155 1709 mor·
1180 1683 1182 1717 i

170 1733 236 1757 tem
258 1725 459 1766 peccatoris,
485 1723 544 1754 sed
567 1729 602 1754 ut
622 1728 839 1753 convertatur
862 1729 893 1753 et
911 1723 1010 1753 vivat.
1040 1721 1154 1752 Oratio
1180 1737 1181 1740 =

172 1767 358 1809 copulativa
393 1773 460 1804 est,
502 1772 533 1797 et
567 1772 731 1807 utrunque
765 1764 917 1795 affirmat.
969 1764 1049 1795 Vult
1084 1764 1183 1795 fieri.

172 1812 437 1847 conversionem,
460 1815 492 1840 et
515 1810 669 1849 promittit
694 1808 961 1839 vivificationem.
986 1807 1156 1850 Significat

171 1861 279 1885 autem
292 1855 322 1884 in
338 1864 376 1883 eo
391 1853 477 1883 dicto
491 1851 679 1883 Conversio
698 1862 764 1882 non
786 1850 972 1882 simulatum
994 1851 1155 1889 dolorem,
1209 1869 1350 1908 Spiritus
1375 1869 1393 1898 ᾖ

172 1903 203 1928 et
225 1897 436 1928 mutationem
459 1895 579 1936 prioris
603 1895 775 1935 propositi.

258 1956 289 1987 ⁶2.
305 1955 494 1986 Corinthios
518 1955 547 1986 7.
599 1953 795 1985 Contristati
820 1954 901 1985 estis
927 1954 968 1984 ad
988 1953 1156 1994 poeniten-

172 2000 265 2039 tiam,
290 2005 321 2029 et
344 1999 475 2029 tristitia
495 1998 675 2028 secundum
699 1997 825 2035 Deum,
848 1997 1084 2037 poenitentiam
1114 1997 1157 2027 ad

174 2041 314 2073 salutem
337 2052 403 2072 non
427 2041 658 2082 poenitendam
681 2039 792 2071 efficit.

260 2101 428 2132 Romanos
451 2100 481 2131 6.
527 2100 634 2131 Vetus
656 2105 772 2131 noster
797 2100 898 2131 homo
930 2099 1027 2130 simul
1051 2100 1156 2130 cruci-

173 2143 258 2175 fixus
282 2150 351 2181 est,
381 2149 414 2174 ut
443 2141 619 2174 aboleatur
649 2153 771 2183 corpus
795 2143 944 2184 peccati,
969 2153 1011 2173 ne
1034 2143 1157 2173 servia-

173 2198 247 2218 mus
270 2192 420 2227 peccato.

259 2246 355 2277 Item:
378 2246 506 2277 Initium
531 2245 723 2286 sapientiae,
746 2245 857 2277 Timor
880 2246 1024 2277 Domini.

261 2308 365 2346 Supra
385 2307 519 2337 citatum
539 2311 590 2336 est
611 2306 732 2336 dictum
755 2305 897 2337 Iesaiae:
921 2306 975 2337 Ad
994 2315 1091 2346 quem
1107 2315 1157 2336 re-

176 2349 333 2390 spiciam,
367 2350 430 2379 nisi
463 2349 506 2379 ad
536 2350 711 2380 contritum
737 2350 870 2390 spiritu,
901 2354 933 2380 et
964 2354 1157 2380 trementem

177 2401 347 2423 sermones
369 2402 473 2423 meos.

263 2451 358 2482 Item:
383 2451 530 2483 Scindite
553 2452 656 2483 corda
678 2458 802 2483 vestra.

264 2510 357 2541 Item:
381 2510 474 2542 Deus
497 2512 583 2553 ignis
603 2521 804 2543 consumens
827 2516 888 2542 est.

264 2569 358 2601 Deus
381 2572 482 2601 variis
508 2571 750 2603 calamitatibus
776 2571 865 2602 hanc
887 2570 1042 2602 miseram
1064 2576 1158 2602 natu-

177 2622 250 2644 ram
285 2614 359 2645 ideo
395 2615 561 2652 oneravit,
601 2620 638 2646 ut
671 2616 753 2646 iram
785 2615 951 2646 adversus
983 2619 1159 2655 peccatum

789 156 903 189 PHlL.
926 155 1031 188 MEL.
1054 153 1243 188 scmPTA
1264 153 1544 187 DOGMATICA.
2139 154 2183 187 48

1201 260 1446 292 agnoscamus,
1476 254 1508 280 et
1530 246 1761 290 perterrefacti
1783 247 2012 291 confugiamus
2041 249 2083 280 ad
2112 249 2182 280 Μθ-

1201 293 1372 324 diatorem.
1412 292 1538 323 lesaiae
1562 291 1615 323 ⁶28.
1683 291 1825 333 Vexatio
1870 293 1925 323 dat
1967 291 2182 324 intellectum.

1202 335 1337 367 Psalmo
1362 335 1434 366 118.
1481 335 1610 366 Bonum
1634 334 1711 365 mihi
1735 335 1824 376 quod
1845 333 2025 367 humiliasti
2048 345 2120 374 me,
2147 340 2184 367 ut

1202 380 1367 411 discerem
1389 377 1642 410 iustificationes
1665 384 1751 409 tuas.

1611 525 1773 566 Contra.

1263 620 1327 660 De
1360 621 1500 674 ignoto
1532 635 1614 660 non
1645 626 1781 675 potest
1813 635 1900 661 esse
1933 620 2055 660 dolor.

1263 681 1395 720 Multa
1427 687 1469 720 et
1506 695 1656 734 magna
1694 687 1877 734 peccata,
1926 695 2031 733 quae
2062 686 2125 721 ta-

1324 755 1419 780 men
1450 754 1532 780 non
1563 741 1762 790 novimus,
1795 740 2064 781 remittuntur.

1265 799 1372 854 Ergo
1404 814 1486 840 non
1519 806 1580 840 est
1610 801 1834 840 necessaria
1867 800 2075 842 Contritio.

1290 889 1492 932 Respondeo
1517 892 1560 922 ad
1583 891 1757 922 maiorem:
1781 890 1835 922 De
1859 892 1973 932 ignoto
1992 901 2058 922 non
2076 896 2188 932 potest

1204 943 1282 964 esse
1306 933 1415 972 dolor,
1440 932 1567 965 scilicet
1589 935 1624 965 in
1647 935 1770 975 specie.
1810 933 1941 965 Deinde
1964 935 2007 965 ad
2029 935 2188 966 minorem

1204 977 1408 1017 respondeo:
1438 975 1545 1008 Multa
1576 982 1607 1008 et
1636 987 1758 1019 magna
1781 984 1938 1017 peccata,
1969 987 2055 1018 quae
2078 983 2188 1009 tamen

1204 1030 1270 1050 non
1290 1020 1459 1057 novimus,
1489 1018 1616 1051 scilicet
1642 1020 1675 1050 in
1699 1021 1827 1061 specie,
1851 1020 2076 1059 remittuntur,
2101 1021 2188 1052 sicut

1205 1063 1365 1103 scriptum
1384 1068 1452 1093 est:
1476 1062 1610 1094 Delicta
1629 1063 1701 1104 quis
1721 1061 1897 1104 intelligit?
1927 1062 1993 1094 Sed
2012 1064 2045 1094 in
2065 1073 2189 1105 genere

1204 1111 1317 1136 notum
1352 1110 1418 1143 est,
1451 1105 1484 1136 in
1517 1105 1581 1136 hac
1611 1106 1792 1146 depravata
1821 1116 1935 1136 massa
1957 1105 2133 1148 caliginem
2155 1111 2189 1138 et

1205 1148 1427 1179 dubitationes
1452 1157 1545 1185 esse,
1573 1154 1606 1179 et
1633 1147 1753 1179 multas
1778 1154 1928 1179 errantes
1954 1149 2122 1187 flammas,
2152 1154 2190 1181 ut

1206 1191 1375 1221 sentimus.
1420 1190 1498 1222 Ideo
1522 1190 1691 1231 Propheta
1714 1191 1747 1221 in
1766 1190 1901 1221 Psalmo
1925 1191 2022 1223 simul
2046 1190 2188 1233 comple-

1208 1234 1304 1264 ctitur
1333 1233 1417 1266 haec
1445 1232 1550 1264 mala:
1580 1233 1671 1264 Ecce
1698 1234 1731 1264 in
1755 1234 1981 1274 iniquitatibus
2006 1242 2189 1276 conceptus

1207 1286 1298 1314 sum,
1322 1282 1352 1307 et
1375 1277 1408 1307 in
1431 1277 1581 1317 peccatis
1605 1277 1756 1317 concepit
1787 1287 1839 1307 me
1862 1283 1968 1307 mater
1996 1288 2080 1308 mea.
2125 1278 2189 1308 Ne-

1209 1330 1306 1350 cesse
1329 1325 1379 1350 est
1399 1320 1513 1361 igitur,
1543 1318 1687 1360 aliquem
1710 1329 1825 1350 verum
1849 1318 1998 1350 dolorem
2026 1321 2059 1350 in
2079 1321 2188 1355 *nobis

1208 1372 1304 1399 esse,
1334 1363 1367 1392 in
1391 1373 1456 1403 quo
1481 1373 1554 1393 cum
1578 1362 1642 1393 fide
1668 1363 1836 1404 erigimur,
1859 1362 2043 1403 accipimus
2073 1363 2189 1394 remis-

1209 1406 1336 1436 sionem
1358 1411 1585 1446 peccatorum.

1292 1481 1364 1512 Nec
1390 1482 1621 1523 disputandum
1653 1486 1721 1518 est,
1753 1491 1795 1512 an
1819 1481 1861 1512 sit
1885 1480 2058 1513 sufficiens
2082 1481 2190 1520 dolor,

1207 1525 1283 1566 quia
1305 1535 1372 1555 non
1396 1525 1515 1564 pendet
1540 1525 1690 1555 remissio
1723 1534 1763 1555 ex
1782 1525 1917 1562 merito,
1946 1530 2003 1555 aut
2031 1525 2191 1566 magnitu-

1208 1568 1283 1598 dine
1307 1567 1445 1605 doloris,
1469 1568 1529 1598 sed
1549 1568 1769 1598 certissimum
1793 1573 1854 1604 est,
1880 1566 2004 1598 nullum
2023 1578 2100 1598 esse
2123 1566 2192 1598 sus-

1207 1610 1370 1641 ficientem
1395 1609 1555 1648 dolorem,
1580 1616 1611 1641 et
1635 1621 1708 1641 cum
1739 1611 1861 1641 crescit
1891 1609 1987 1641 dolor
2011 1611 2083 1641 sine
2113 1620 2192 1641 con-

1208 1653 1384 1691 solatione,
1406 1652 1505 1683 homo
1529 1654 1592 1683 ruit
1614 1654 1647 1683 in
1673 1659 1842 1684 aeternum
1866 1654 2010 1684 exitium.
2056 1653 2192 1693 Experi-

1179 1707 1280 1731 .mur
1314 1702 1421 1726 autem
1452 1706 1585 1734 omnes,
1618 1697 1651 1726 in
1692 1706 1775 1727 vera
1815 1697 2036 1727 conversione
2071 1694 2194 1728 luctam

1180 1753 1182 1770 ι
1207 1740 1374 1781 ingentem
1400 1749 1493 1775 esse,
1529 1745 1561 1769 et
1591 1749 1657 1770 non
1682 1740 1753 1769 sine
1783 1749 1903 1779 magno
1934 1740 2114 1770 certamine
2136 1749 2193 1780 ap-

1207 1783 1368 1823 prehendi
1387 1780 1647 1813 consolationem
1665 1781 1742 1820 fide,
1767 1783 1850 1812 sicut
1864 1783 1966 1823 inquit
1985 1781 2057 1813 ille:
2082 1781 2192 1813 Credo

1207 1825 1368 1863 Domine,
1401 1826 1460 1855 sed
1490 1835 1587 1865 opem
1620 1823 1670 1855 ser
1701 1823 1915 1856 imbecillitati
1944 1836 2047 1856 meae.
2093 1824 2191 1855 Item:

1396 1867 1561 1908 lterpellat
1584 1878 1645 1908 pro
1670 1869 1766 1898 nobis
1792 1868 1966 1909 gemitibus
1989 1867 2191 1898 inenarrabi-

1207 1911 1305 1943 libus.
1352 1911 1448 1942 ltem:
1473 1910 1615 1952 Spiritus
1641 1909 1820 1951 opitulatur
1842 1910 2020 1941 infirmitati
2043 1916 2191 1941 nostrae.

1248 2076 1357 2127 Quid
1389 2077 1556 2116 interest
1588 2075 1692 2114 inter
1722 2075 1911 2114 timorem
1944 2074 2150 2126 servilem,

1447 2142 1489 2176 et
1519 2136 1708 2175 timorem
1740 2134 1947 2174 Filialem?

1294 2244 1507 2285 Respondeo.

1209 2297 1269 2319 sus
1291 2288 1360 2318 irae
1383 2286 1458 2324 Dei,
1482 2287 1553 2317 sine
1577 2286 1654 2324 fide,
1680 2286 1711 2317 id
1736 2292 1797 2324 est,
1821 2286 1893 2316 sine
1917 2285 2037 2316 fiducia
2065 2286 2192 2317 miseni·

1209 2331 1344 2362 cordiae
1368 2330 1550 2361 accedente
1574 2330 1615 2360 ad
1640 2329 1764 2366 Deum,
1797 2335 1827 2359 et
1853 2330 1925 2359 sine
1951 2326 2191 2366 consolatione,

1210 2375 1356 2415 erigente
1379 2373 1481 2403 corda
1504 2374 1536 2403 in
1561 2371 1732 2404 doloribus
1758 2370 1948 2409 inferorum,
1971 2378 2004 2402 ut
2028 2382 2135 2412 pavor
2157 2372 2192 2402 in

1210 2415 1323 2453 Saule,
1348 2416 1427 2447 luda
1451 2421 1481 2446 et
1503 2414 1682 2453 similibus,
1717 2417 1771 2456 qui
1796 2415 1830 2445 fit
1853 2413 2020 2445 horribilis
2039 2413 2192 2445 fremitus

1209 2460 1374 2491 adversus
1397 2458 1520 2496 Deum,
1555 2465 1586 2490 et
1615 2457 1699 2500 sugit
1721 2458 1841 2496 Deum,
1865 2459 1906 2489 de
1929 2467 1994 2499 quo
2019 2458 2137 2488 dicitur
2161 2457 2190 2488 l.

1209 2502 1364 2534 Iohannis
1387 2503 1418 2533 4.
1438 2500 1593 2533 Perfecta
1616 2501 1750 2539 dilectio
1773 2501 1865 2532 toras
1889 2501 1975 2532 eiicit
1997 2500 2172 2531 Timorem.

1295 2570 1406 2602 Timor
1418 2568 1543 2601 Filialis
1561 2576 1613 2601 est
1626 2580 1733 2612 pavor
1746 2575 1778 2601 et
1797 2579 1917 2600 sensus
1939 2569 2009 2599 inae
2025 2568 2109 2606 Dei,
2126 2567 2188 2599 sed

1211 2625 1286 2646 cum
1297 2613 1389 2652 Fide,
1401 2614 1433 2645 id
1445 2620 1507 2652 est,
1521 2624 1594 2645 cum
1606 2613 1725 2645 fiducia
1738 2612 1997 2650 misericordiae,
2009 2612 2191 2644 accedente

1553 2242 1666 2274 Timor
1689 2241 1826 2273 Servilis
1852 2248 1901 2273 est
1924 2253 2030 2283 pavor
2059 2248 2091 2273 et
2115 2252 2191 2274 sen·
2212 2237 2222 2242 ’

2343 2212 2374 2822 ..,ω-“Ν”δ·Α-.Όυ’-ικα-ιηιαηωή
2367 2186 2371 2192 .
2363 2154 2371 2170 »-
2367 2130 2374 2136 .
2367 2090 2374 2110 ..
2371 2045 2383 2056 ί
