2383 2990
148 144 214 178 629
592 143 649 176 VI.
672 143 735 176 DE
758 142 980 175 ECCLESIA
1002 142 1060 174 ET
1083 141 1144 175 DE
1167 142 1454 176 AUTORITATE
1477 143 1614 176 VERBI
1639 143 1726 176 DEI.
2118 146 2184 180 630

233 240 308 272 Non
332 240 530 272 instituimus
560 239 651 272 110110
675 238 884 282 catalogum,
919 244 956 271 ut
985 249 1138 279 errorum
1164 237 1168 259 ¹
1278 238 1401 278 Tertia,
1437 238 1581 271 Tantum
1609 240 1649 272 iis
1683 241 1822 282 prodest
1852 241 2059 273 Sacramenti
2090 253 2185 283 usus,

147 282 393 316 confutationes
417 284 604 322 ederemus,
630 294 715 325 quae
734 288 845 315 extant
864 281 942 315 alibi
960 284 1042 314 satis
1057 279 1139 314 niul·
1163 270 1167 329 Ῑ
1193 283 1249 337 qui
1272 289 1405 315 utentes
1430 294 1483 322 eo,
1517 284 1737 316 recordantur
1761 291 1920 324 mortem,
1956 292 1987 316 et
2025 287 2185 319 beneficia

146 333 221 366 tae,
251 334 377 359 tantum
408 337 586 359 recensere
621 333 732 358 errata
765 325 873 365 volui,
908 333 944 358 ut
978 332 1138 368 appareat
1192 327 1328 358 christi.
1353 326 1445 370 Ergo
1461 326 1669 369 impossibile
1693 334 1756 367 est,
1780 329 1811 359 id
1836 339 1921 370 opus
1946 330 2085 361 mortuis
2110 341 2185 371 pro-

145 370 217 403 falli
241 381 314 410 eos,
339 371 394 413 qui
418 372 468 403 sic
492 371 697 402 admirantur
720 370 856 408 Patres,
887 376 1046 412 tanquam
1068 368 1139 401 fue-
1192 370 1307 408 desse,
1332 371 1387 413 qui
1410 381 1473 402 nec
1496 377 1633 403 utuntur
1652 372 1732 413 ipsi,
1769 382 1831 403 nec
1855 373 1980 404 addunt
2003 373 2047 404 ibi
2071 384 2186 404 recor-

145 415 210 446 rint
223 414 436 456 ᾰναμεῖρτητοι,
461 420 494 446 et
518 425 683 456 nusquam
708 414 906 445 dissentiant
929 414 1137 455 ascripturis
1192 414 1369 445 dationem.
1416 415 1632 446 Antecedens
1667 415 1878 447 manifestum
1910 422 1961 447 est
1996 427 2035 447 ex
2060 416 2184 449 Christi

146 459 266 490 divinis
291 457 486 490 manifestis,
535 458 607 489 Etsi
640 459 741 500 igitur
771 457 897 499 aliquid
926 463 1060 489 monent
1090 458 1138 488 in-

146 502 275 533 terdum
287 503 486 533 eruditiores
500 501 629 540 Patres,
653 508 763 533 tamen
788 501 830 532 de
853 501 902 532 eis
926 501 1136 533 iudicandum

145 551 198 577 est
221 556 261 577 ex
284 546 389 577 verbo
412 545 486 577 Dei.

1190 457 1408 497 institutione,
1433 459 1509 500 quia
1532 459 1623 490 iubet
1647 458 1811 490 celebrari
1835 460 1900 491 hoc
1924 461 2117 502 mysterium
2143 461 2185 492 ad

1190 502 1467 533 recordationem.
1514 502 1586 533 Nec
1621 501 1710 534 aliud
1734 504 1931 534 institutioni
1956 502 2184 545 astingendum

1191 550 1253 575 est.
1300 544 1337 576 Si
1361 547 1436 587 quis
1459 543 1556 586 plura
1589 545 1737 588 affingit,
1773 549 1802 577 si
1837 548 1911 589 quis
1947 547 2107 579 transfert
2141 549 2184 580 ad

1162 579 1166 649 Ι
1190 594 1354 626 mortuos,
1379 589 1476 631 impie
1500 590 1705 621 contaminat
1723 591 1962 622 institutionem
1982 590 2118 623 Christi.

233 632 378 663 Omissis
412 632 513 672 igitur
547 630 622 662 aliis
657 630 954 670 confutationibus,
992 632 1138 663 breviter

145 676 309 718 quaedam
339 676 380 707 de
415 667 471 707 illa
506 674 679 706 oblatione
712 685 773 715 pro
802 676 941 706 mortuis
973 675 1137 707 adiiciam.
1162 657 1166 736 Ι
1278 674 1416 713 Quarta,
1439 675 1566 717 Aperte
1591 676 1669 707 dicit
1700 676 1889 718 Scriptura:
1921 677 2015 709 Beati
2050 678 2183 717 mortui,

143 720 218 750 Non
254 729 340 761 opus
376 726 428 751 est
462 719 587 761 quaeri,
623 729 665 749 an
701 719 743 750 sit
777 719 1020 760 purgatorium,
1056 717 1138 750 nihil
1162 737 1166 777 Ι
1190 718 1245 760 qui
1280 719 1312 750 in
1337 718 1481 750 Domino
1506 720 1701 751 moriuntur.
1760 720 1853 752 Rom.
1886 721 1917 753 S.
1943 720 2074 763 Colpus
2099 733 2184 753 mor-

143 762 228 794 haec
252 764 404 804 quaestio
430 763 472 794 ad
497 761 700 793 oblationem
724 762 876 803 pertinet.
923 761 1060 793 Etiamsi
1083 772 1137 793 es·
1189 768 1279 793 tuum
1314 768 1366 793 est
1400 769 1539 804 propter
1572 770 1766 804 peccatum,
1803 764 1946 805 Spiritus
1989 776 2069 796 vero
2105 766 2185 797 vivit

144 812 197 838 set
219 807 461 848 purgatorium,
485 811 597 836 tamen
622 806 755 846 impium
776 811 844 843 est,
875 805 996 837 offerre
1015 806 1137 837 Sacra·
1189 812 1328 847 propter
1352 806 1638 845 iustificatioiieiii,
1673 808 1706 838 id
1741 814 1810 846 est,
1848 808 2014 840 iustificati
2051 809 2184 850 Spiritu,

143 855 291 881 mentum
314 860 376 891 pro
401 849 551 880 mortuis.
588 848 749 880 Rationes
774 847 895 880 multae
919 855 998 881 sunt
1022 848 1138 880 firmis-
1191 850 1299 881 donec
1319 850 1385 881 hoc
1409 856 1541 892 tempus
1562 850 1811 890 circumferunt,
1835 853 1867 883 in
1892 863 1957 894 quo
1978 851 2114 883 haerent
2135 863 2184 884 re-

145 893 262 924 simae.
309 893 435 931 Prima,
470 893 620 934 impietas
651 899 701 923 est
727 893 931 924 constituere
956 891 1079 924 cultum
1104 893 1137 923 in
1190 891 1312 934 liquiae
1326 895 1468 934 peccati,
1495 895 1587 926 varie
1610 894 1831 936 adiliguntur,
1856 902 1890 927 ut
1915 896 1947 926 in
1972 897 2185 927 invocatione

142 935 300 967 Ecclesia
322 937 395 967 sine
419 937 576 967 mandato
601 935 677 974 Dei,
701 935 894 977 Adplicatio
919 946 1045 967 coenae
1069 935 1137 967 Do·
1191 944 1357 975 crescant,
1382 936 1478 976 fides,
1503 939 1631 980 agnitio
1655 937 1737 977 Dei,
1768 945 1800 970 et
1835 941 1966 970 novitas
1992 939 2182 981 spiritualis.

143 979 221 1010 mini
245 990 306 1021 pro
330 977 422 1017 aliis,
458 979 494 1010 fit
517 980 590 1010 sine
612 979 683 1010 ullo
709 980 866 1010 mandato
891 986 923 1012 et
947 980 1136 1011 testimonio
1161 979 1166 1043 l
1190 980 1255 1011 Sed
1278 986 1408 1012 mortuo
1439 992 1601 1023 corpore,
1638 983 1768 1023 peccati
1803 981 1964 1025 reliquiae
1998 982 2184 1015 abolentur.

143 1023 267 1061 divino,
293 1022 382 1065 Ergo
414 1023 488 1054 sine
511 1021 581 1054 ulla
605 1023 812 1055 dubitatione
846 1023 931 1055 haec
956 1022 1136 1064 adplicatio
1161 1046 1166 1057 .
1190 1022 1232 1054 Et
1256 1024 1380 1055 diserte
1402 1025 1493 1056 addit
1524 1024 1670 1064 Paulus,
1706 1025 1829 1058 Vivere
1864 1027 2015 1067 spiritum
2048 1034 2185 1068 propter

143 1072 196 1098 est
219 1067 328 1108 impia.
1190 1067 1469 1099 iustificationem.
1504 1067 1563 1100 Illa
1587 1070 1656 1101 vita
1678 1069 1851 1102 iustificati
1874 1071 2022 1112 spiritus,
2047 1081 2112 1102 non
2133 1076 2185 1102 est

1190 1121 1298 1151 pavor
1332 1118 1388 1143 aut
1417 1122 1539 1144 sensus
1573 1113 1643 1145 irae
1666 1112 1743 1152 Dei,
1777 1115 1839 1145 sed
1873 1120 1925 1145 est
1959 1115 2117 1156 gaudium
2152 1116 2184 1145 in

230 1152 391 1184 Maiorem
417 1153 616 1185 confirmant
638 1152 800 1195 plurimae
823 1154 1026 1192 sententiae,
1059 1154 1137 1185 Non
1191 1155 1318 1195 Spiritu
1341 1162 1475 1195 sancto,
1499 1157 1585 1188 sicut
1608 1156 1734 1189 Paulus
1758 1157 1873 1200 inquit.
1920 1157 1997 1189 Non
2025 1165 2102 1190 sunt
2125 1159 2184 1201 igi-

141 1196 282 1228 habebis
310 1196 401 1228 Deos
424 1196 567 1228 alienos.
614 1197 649 1228 111
674 1197 739 1228 1100
763 1198 918 1229 mandato
944 1198 1042 1229 etiam
1067 1196 1136 1229 cu!—
1158 1219 1166 1617 Ι
1190 1204 1243 1229 tur
1266 1209 1396 1240 poenae
1420 1201 1615 1242 purgatorii.

1157 1618 1162 1642 Ι

142 1246 196 1272 tus
229 1239 327 1271 alieni
363 1239 590 1282 prohibentur.
648 1241 690 1272 Et
720 1242 787 1273 hue
821 1241 963 1282 pertinet
993 1242 1136 1272 dictum:

140 1283 282 1315 Frustra
301 1283 415 1315 colunt
438 1296 488 1316 me
514 1285 680 1316 mandatis
699 1284 877 1316 hominum.
912 1285 1009 1316 ltem:
1034 1284 1136 1321 Quid-

142 1328 219 1369 quid
243 1336 311 1359 non
335 1333 387 1359 est
410 1339 451 1359 ex
475 1325 557 1366 fide',
582 1335 757 1370 peccatum
782 1335 845 1360 est.
892 1329 999 1360 Porro
1025 1327 1134 1360 cultus

141 1372 213 1402 sine
237 1372 393 1402 mandato
415 1371 479 1402 Dei
510 1382 577 1403 11011
605 1378 749 1412 possunt
773 1382 815 1403 ex
849 1372 914 1404 fide
939 1372 1018 1404 fieri.
1067 1372 1135 1404 Sed

139 1414 283 1446 mundus
307 1425 374 1445 non
398 1414 562 1457 intelligit,
598 1421 757 1457 quantum
781 1423 956 1457 peccatum
982 1416 1041 1456 sit,
1075 1416 1134 1447 fin-

140 1468 222 1499 gere
246 1457 356 1490 cultus
381 1459 454 1490 sine
477 1459 633 1490 mandato
657 1458 740 1498 Dei,
775 1460 952 1491 discedere
986 1471 1005 1491 a
1028 1461 1134 1492 verbo

139 1501 216 1532 Dei.
262 1501 315 1533 De
350 1501 414 1534 hoc
445 1501 579 1534 scelere
608 1503 749 1534 maxime
780 1504 1024 1535 concionantur
1053 1504 1134 1535 Pro-

138 1544 276 1586 phetae,
301 1551 332 1576 et
356 1544 534 1587 deplorant
557 1546 726 1578 hominum
746 1547 960 1586 coecitatem,
985 1548 1039 1589 qui
1064 1546 1134 1578 cul·
1186 1548 1285 1579 rabili
1309 1547 1450 1580 consilio
1475 1549 1547 1581 vult
1561 1549 1752 1582 Ecclesiam
1776 1561 1871 1582 suam
1894 1551 2080 1582 subiectam
2103 1562 2182 1584 esse

139 1594 193 1620 tus
229 1594 261 1620 et
284 1589 443 1631 dogmata
467 1590 508 1621 de
531 1589 704 1622 voluntate
728 1590 791 1621 Dei
820 1590 950 1633 fingunt
980 1590 1132 1623 horribili
1187 1592 1290 1630 cruci,
1314 1599 1346 1624 et
1371 1593 1553 1636 degustare
1576 1594 1786 1625 adflictiones
1811 1594 1946 1627 Christi.
1980 1595 2035 1626 Sic
2060 1596 2181 1635 Adam,

138 1633 299 1670 audacia,
336 1642 398 1664 1100
432 1634 576 1665 retinent
610 1634 750 1665 verbum
783 1640 816 1665 et
846 1633 969 1673 cuitus,
1011 1636 1132 1677 quibus
1184 1635 1428 1676 lsaac,1acob,
1453 1637 1588 1679 loseph,
1612 1637 1736 1677 David,
1760 1638 1900 1677 Esaias,
1920 1638 2097 1678 Ieremias,
2133 1639 2182 1670 10-

140 1675 236 1708 Deus
261 1686 355 1707 suam
378 1675 585 1709 voluntatem
608 1678 706 1708 nobis
724 1679 908 1718 proposuit.
954 1678 1021 1720 lpsi
1039 1679 1133 1710 coeci
1183 1680 1313 1711 hannes
1336 1680 1508 1722 Baptista,
1532 1688 1564 1713 et
1589 1687 1722 1713 caetera
1745 1681 1871 1714 lumina
1894 1681 2085 1721 Ecclesiae,
2113 1682 2181 1715 fue-

143 1725 307 1761 quaerunt
329 1718 438 1751 Deum
469 1719 543 1752 aliis
567 1721 686 1752 modis.
734 1721 874 1753 Constat
904 1728 1014 1754 autem
1038 1721 1132 1754 Chri·
1184 1730 1261 1755 runt
1284 1725 1316 1755 in
1341 1726 1528 1764 aerumnis,
1565 1736 1706 1766 quarum
1735 1727 1993 1768 magnitudinem
2022 1737 2182 1759 enarrare

138 1768 227 1794 stum
250 1773 317 1793 non
343 1764 522 1795 tradidisse
550 1764 822 1803 Sacramentum,
846 1772 878 1796 ut
903 1776 964 1806 pro
994 1767 1133 1798 mortuis
1183 1777 1281 1798 nemo
1304 1773 1424 1810 potest.
1472 1768 1550 1800 Ideo
1571 1770 1693 1801 Petrus
1716 1770 1837 1811 inquit:
1871 1770 2092 1802 Humiliamini
2117 1773 2179 1803 sub

138 1804 336 1847 adplicetur.
383 1806 479 1843 Quae
502 1807 547 1839 ibi
569 1807 605 1839 fit
623 1808 747 1839 mentio
770 1810 1000 1841 mortuorum?
1041 1811 1133 1842 Iubet
1183 1812 1310 1852 potenti
1345 1822 1445 1844 manu
1471 1811 1547 1844 Dei.
1593 1813 1666 1845 Etsi
1700 1814 1799 1855 igitur
1827 1813 1912 1845 tales
1943 1821 2019 1846 sunt
2053 1825 2181 1856 poenae

139 1849 303 1881 celebrari
339 1849 504 1889 Coenam,
535 1857 571 1882 ut
599 1852 816 1883 recordemur
838 1853 953 1884 mortis
977 1859 1010 1884 et
1033 1854 1132 1885 bene·
1183 1855 1331 1896 piorum,
1367 1856 1445 1887 dum
1468 1856 1500 1887 in
1525 1867 1669 1898 corpore
1692 1859 1825 1896 vivunt,
1859 1865 1969 1890 tamen
1993 1864 2069 1899 post
2094 1870 2179 1890 mor-

137 1892 292 1925 fieiorum
315 1904 463 1925 suorum.
494 1894 548 1926 An
571 1895 692 1927 mortui
715 1895 851 1934 adsunt,
875 1902 912 1928 ut
930 1907 996 1928 0110
1019 1908 1131 1929 recor·
1183 1906 1247 1930 tem
1272 1909 1351 1931 esse
1381 1898 1468 1931 tales
1493 1900 1704 1933 adflictiones
1740 1912 1801 1933 cur
1825 1902 1974 1933 dicetur?
2011 1913 2085 1933 cum
2116 1903 2179 1935 hae

138 1936 280 1968 dentur?
325 1937 393 1969 Sed
418 1939 564 1971 breviter
586 1939 737 1971 adiiciam
758 1946 791 1971 et
813 1938 899 1971 alias
917 1941 1076 1972 rationes.
1182 1942 1391 1975 adflictiones
1414 1944 1481 1974 sint
1504 1945 1691 1976 destinatae
1721 1946 1762 1977 ad
1787 1946 2024 1988 agnoscendas
2051 1947 2178 1987 peccati

1183 1985 1341 2028 reliquias
1373 1987 1406 2018 in
1442 1997 1562 2027 carne,
1597 1994 1629 2020 et
1658 1989 1700 2020 ad
1736 1990 1987 2030 poenitentiam,
2022 1990 2065 2021 At
2100 1996 2178 2032 post

225 2023 392 2063 Secunda,
426 2024 602 2057 Sententia
624 2032 716 2058 certa
740 2032 803 2065 est,
827 2037 914 2069 quae
936 2026 1131 2060 labefactari
1182 2036 1319 2062 mortem
1355 2041 1440 2062 110οκ
1457 2038 1510 2063 est
1543 2031 1641 2064 locus
1663 2034 1904 2074 poenitentiae,
1940 2034 2027 2064 sicut
2051 2034 2176 2066 Paulus

136 2076 347 2109 nequaquam
380 2074 509 2110 potest:
545 2069 657 2101 iustus
692 2081 754 2101 sua
783 2070 849 2102 fide
880 2072 986 2110 vivet,
1019 2072 1131 2108 Quare
1182 2073 1274 2106 clare
1307 2074 1462 2107 adfirmat
1495 2076 1526 2106 2.
1552 2075 1631 2107 Cor.
1650 2077 1681 2107 5.
1716 2076 1913 2118 Reportabit
1947 2079 2177 2120 unusquisque

136 2120 279 2142 necesse
303 2117 355 2143 est
378 2121 442 2143 nos
475 2113 631 2154 accipere
653 2114 883 2146 remissionem
914 2121 1130 2156 peccatorum
1182 2128 1232 2156 ea,
1257 2129 1342 2160 quae
1362 2120 1467 2161 gessit
1491 2120 1524 2150 in
1545 2130 1697 2161 corpore.
1732 2120 1775 2151 Et
1798 2120 1921 2152 Psalmi
1945 2121 2011 2152 hoc
2036 2122 2174 2154 docent:

136 2154 246 2185 vivos.
292 2154 344 2186 Ac
367 2155 574 2196 impossibile
598 2163 662 2196 est,
687 2158 883 2200 contingere
912 2157 989 2190 ullis
1014 2160 1130 2191 remis·
1181 2161 1256 2192 Non
1275 2163 1396 2193 mortui
1419 2162 1603 2195 laudabunt
1626 2169 1659 2195 te
1682 2163 1836 2196 Domine.
1883 2164 1985 2196 Item:
2012 2164 2175 2201 Quoniam

137 2198 266 2229 sionem
301 2205 520 2240 peccatorum
547 2206 686 2241 propter
719 2212 804 2242 opus
838 2207 898 2233 aut·
929 2202 1130 2235 sacrificium
1181 2215 1249 2236 non
1272 2212 1324 2236 est
1348 2206 1380 2237 in
1402 2212 1526 2245 morte,
1561 2207 1615 2249 qui
1638 2218 1766 2239 memor
1796 2208 1839 2240 sit
1864 2209 1921 2240 tui.
1977 2209 2051 2240 Non
2076 2210 2175 2251 igitur

136 2241 333 2283 cuiusquam
357 2241 547 2274 sacrificuli.
583 2242 719 2276 Causae
739 2246 919 2284 obscurae,
941 2248 1129 2288 ambiguae,
1181 2245 1340 2280 affirmari
1359 2256 1491 2290 potest,
1525 2249 1658 2293 aliquos
1681 2257 1759 2293 post
1782 2259 1923 2283 mortem
1947 2251 2057 2284 adhuc
2081 2263 2174 2285 exer-

135 2283 259 2326 longas
283 2286 526 2327 disputationes
549 2288 730 2329 requirunt.
777 2288 839 2319 Hic
859 2299 955 2320 error
978 2291 1020 2321 de
1039 2288 1130 2322 obla»
1181 2293 1251 2324 ceri
1274 2291 1340 2323 illis
1365 2294 1580 2333 cruciatibus,
1604 2301 1639 2326 ut
1662 2301 1765 2338 agant
1787 2296 2031 2337 poenitentiam.

135 2328 227 2360 tione
245 2327 410 2361 refutatur
431 2331 520 2362 adeo
531 2332 721 2372 perspicuis
739 2338 771 2364 et.
789 2332 893 2364 firmis
912 2335 1129 2375 argumentis,

136 2378 172 2404 ut
195 2371 276 2404 nihil
300 2373 491 2405 desiderent
513 2372 650 2416 longam
663 2374 930 2417 explicationem.
965 2376 1130 2410 Doctrina
1268 2378 1327 2411 Sic
1356 2380 1469 2412 dicunt
1497 2381 1700 2420 adversarii,
1734 2382 1903 2414 cruciatus
1938 2381 2016 2414 illos
2040 2393 2106 2415 non
2131 2394 2171 2416 00

136 2417 180 2448 de
206 2416 406 2448 remissione
435 2424 652 2458 peccatorum
686 2425 778 2451 certa
801 2426 833 2452 et
863 2421 1042 2462 perspicua
1065 2427 1128 2453 est.
1178 2422 1298 2465 infligi,
1320 2428 1357 2454 ut
1375 2430 1506 2455 crescat
1523 2426 1737 2466 poenitentia,
1762 2426 1823 2457 sed
1836 2432 1872 2457 ut
1891 2428 1957 2458 sint.
1970 2425 2172 2459 satisfactio-

134 2459 267 2491 Nemini
290 2459 328 2491 fit
350 2461 517 2500 remissio,
540 2462 604 2493 nisi
628 2462 692 2494 fide
716 2464 852 2505 propria
880 2474 953 2496 eam
976 2465 1127 2506 accipiat.
1179 2476 1255 2505 nes,
1278 2465 1382 2499 multo
1407 2468 1519 2510 magis
1538 2467 1750 2510 explodenda
1773 2475 1826 2500 est
1838 2468 1922 2501 haec
1935 2470 2057 2512 opinio.
2087 2471 2172 2503 Nam

134 2502 232 2534 Hane
255 2504 454 2536 seutentiam
489 2505 519 2536 si
543 2506 618 2547 quis
641 2505 746 2546 tollit,
782 2507 983 2540 contumelia
1016 2508 1128 2541 adficit
1179 2510 1332 2542 doctrina
1355 2509 1636 2551 satisfactionum,
1660 2523 1761 2555 quam·
1781 2514 1986 2545 sententiarii
2001 2515 2171 2547 confinxe-

135 2545 315 2579 Christum.
372 2547 462 2590 Ergo
505 2548 707 2581 contumelia
746 2551 905 2583 adficiunt
945 2551 1127 2592 Christum,
1178 2561 1268 2593 1111111,
1290 2552 1380 2586 falsa
1401 2560 1434 2586 et
1455 2555 1554 2597 impia
1577 2561 1640 2587 est.
1685 2556 1728 2588 Et
1757 2557 1887 2599 quidem
1917 2558 1951 2589 in
1975 2568 2033 2590 eas
2058 2560 2170 2601 dispu-

136 2591 191 2632 qui
215 2590 346 2633 fingunt
369 2590 571 2625 oblationem
592 2591 682 2625 illam
704 2596 845 2627 mortuis
868 2596 989 2627 mereri
1012 2597 1129 2628 remis·
1178 2598 1343 2637 tationes,
1376 2604 1534 2641 tanquam
1557 2599 1591 2632 in
1619 2601 1799 2639 sentinam,
1833 2599 1974 2641 plurima
1997 2603 2170 2635 mendacia

135 2634 274 2666 sionem.
1180 2642 1425 2681 confluxerunt,
1449 2643 1491 2675 de
1509 2644 1716 2687 [101ςο10110,
1741 2644 1783 2677 de
1805 2645 1912 2684 votis,
1935 2646 1977 2677 de
2000 2646 2169 2679 oblatione

1962 2707 2014 2732 40*

1278 1285 1430 1318 Christus
1454 1287 1558 1329 inquit
1581 1288 1624 1319 ad
1648 1298 1849 1320 conversum
1868 1287 2050 1320 latronem:
2075 1288 2185 1321 Hodie

1188 1339 1318 1361 mecum
1342 1331 1408 1362 eris
1427 1331 1460 1362 in
1484 1331 1660 1371 Paradiso,
1682 1332 1749 1364 hoc
1774 1338 1836 1371 est,
1860 1333 1893 1363 in
1914 1333 1980 1364 vita
2005 1332 2184 1374 tranquilla

1188 1378 1221 1404 et
1246 1374 1362 1412 beata,
1387 1385 1454 1406 non
1478 1375 1512 1406 in
1535 1377 1652 1416 poenis
1676 1381 1709 1407 et
1731 1377 1926 1417 pavoribus.
1973 1376 2046 1407 Non
2084 1378 2184 1418 igitur

1188 1417 1364 1449 discedunt
1399 1419 1562 1450 iustorum
1596 1420 1726 1451 animae
1757 1420 1800 1451 ad
1832 1421 2019 1458 cruciatuS,
2056 1421 2115 1452 sed
2141 1421 2184 1452 ad

1188 1462 1345 1503 gaudium
1369 1461 1553 1503 spirituale,
1578 1469 1609 1494 et
1634 1464 1675 1494 ad
1699 1473 1829 1504 pacem.
1864 1465 1898 1495 In
1922 1464 1987 1494 hae
2004 1465 2071 1495 vita
2089 1475 2182 1495 exer-

1188 1510 1306 1535 centur
1330 1506 1373 1545 pii
1394 1504 1609 1537 horribilibus
1634 1506 1896 1545 adtlictionibus,
1920 1508 1996 1549 qnia
2011 1507 2104 1539 Deus
2125 1509 2182 1539 mi-
