2383 2990
810 316 860 356 V.
915 314 1260 356 EXPLICATIO
1294 314 1547 356 SYMBOLI
1577 314 1778 356 NICENI.

503 415 721 454 prolegomena
743 425 772 454 p.
797 417 812 444 3
819 417 974 445 47-354,

998 516 1222 556 Explicatio
1246 516 1419 555 Symboli
1449 517 1595 546 Niceni.

298 595 346 624 De
364 593 430 623 Deo
489 615 1030 626 ...........
1065 603 1092 632 p.
1118 595 1178 623 355
1203 603 1270 632 sqq.
1325 592 1373 621 De
1397 593 1612 623 iustificatione
1632 615 1906 624 ......
1908 584 1910 586 v
1951 618 1957 624 .
2004 617 2010 623 .
2058 617 2065 623 .
2099 606 2128 636 p.
2152 599 2213 627 448
2231 608 2298 638 sqq.

450 643 498 672 De
516 642 608 673 Patre
648 665 1028 673 ........
1053 663 1093 666 -
1117 647 1188 674 359.
1477 644 1526 673 De
1549 644 1695 673 vocabulo
1715 644 1834 674 Gratiae
1892 669 1899 676 .
1947 670 1953 675 .
2001 668 2007 674 .
2054 670 2060 675 .
2086 665 2127 669 —
2151 649 2212 678 452
2238 667 2276 671 —

450 694 498 723 De
521 694 597 723 Filio
651 717 922 724 ......
967 711 975 717 -
1023 716 1029 722 .
1056 714 1091 718 -
1118 698 1189 726 359.
1476 695 1525 724 De
1548 696 1694 725 vocabulo
1717 695 1803 725 Fidei
1838 718 2058 726 .....
2084 716 2126 720 --
2149 701 2212 729 454
2236 718 2276 722 -

449 745 497 774 De
521 745 635 784 Spiritu
658 748 764 774 sancto
806 769 812 775 .
859 767 866 773 .
914 768 920 774 .
976 755 1003 784 p.
1024 748 1095 777 360.
1121 748 1180 775 376
1201 756 1269 785 sqq.
1322 746 1371 776 De
1409 756 1486 776 nova
1515 747 1687 776 obedientia
1715 757 1773 776 seu
1795 747 1833 776 (le
1856 748 1944 777 bonis
1967 750 2061 788 operi-

450 796 498 825 De
522 796 639 825 duabus
664 797 776 826 naturis
801 797 828 825 in
853 794 976 825 Christo
1023 819 1029 824 .
1065 807 1092 836 p.
1119 799 1188 827 368.
1365 799 1423 827 bus
1470 820 2062 831 ............
2088 819 2125 824 —
2151 804 2211 831 461
2237 820 2277 824 -

449 847 532 876 Modi
555 848 744 885 praesentiae
768 846 827 876 Dei
864 869 871 875 .
919 869 925 875 .
971 870 977 876 .
1023 871 1028 877 .
1055 867 1094 871 —
1119 850 1178 878 368
1203 858 1269 887 sqq.
1322 849 1369 878 De
1393 849 1564 878 discrimine
1588 853 1775 888 peccatorum
1789 872 2061 881 ......
2087 870 2124 875 -
2150 855 2211 883 478
2237 872 2276 876 -

450 898 498 927 De
538 898 769 937 proprietatibus
804 902 970 927 naturarum
1002 900 1030 927 in
1322 899 1496 939 Responsio
1520 900 1561 931 ad
1583 905 1765 939 argumenta,
1789 911 1866 940 quae
1889 905 1989 931 contra
2011 902 2061 931 do·

501 948 623 978 Christo
648 953 677 978 et
700 950 737 978 de
766 950 1032 979 communicatione
1367 952 1490 980 ctrinam
1515 952 1552 980 de
1575 952 1690 981 iustitia
1714 952 1782 981 fidei
1807 956 2008 991 opponuntur.
2055 977 2061 982 .
2086 972 2127 977 —
2151 956 2212 985 479
2236 973 2276 977 —

499 1000 669 1029 idiomatum
707 1023 712 1029 .
760 1022 766 1028 .
814 1022 820 1028 .
867 1024 873 1030 .
920 1023 926 1028 .
973 1023 979 1029 .
1023 1023 1029 1029 .
1054 1020 1091 1025 —
1118 1003 1178 1031 370
1210 1019 1249 1023 —
1322 1001 1555 1041 Propositiones
1584 1003 1621 1032 de
1645 1003 1815 1032 discrimine
1844 1014 1932 1032 verae
1955 1004 2060 1033 Eccle-

449 1050 497 1080 De
520 1051 630 1090 duplici
654 1052 826 1080 discrimine
842 1062 1035 1090 personarum
1061 1071 1097 1074 —
1124 1055 1181 1082 381
1208 1070 1250 1074 -
1366 1054 1429 1082 siae
1448 1053 1507 1082 Dei
1530 1065 1547 1083 a
1570 1055 1699 1083 caeteris
1718 1055 1814 1084 sectis
1838 1055 2059 1094 seiungendae.
2085 1075 2125 1079 —
2150 1059 2211 1087 495
2237 1076 2276 1080 —-

295 1102 342 1132 De
365 1104 514 1132 creatione
544 1124 1028 1132 ..........
1055 1122 1091 1125 -
1119 1106 1177 1133 383
1203 1113 1270 1142 sqq.
1323 1103 1370 1132 De
1394 1104 1648 1144 appellationibus
1671 1105 1740 1134 Filii
1763 1105 1822 1135 Dei
1831 1129 2051 1136 .....
2082 1125 2123 1129 -
2147 1110 2208 1138 515
2236 1127 2272 1131 ——

447 1153 496 1182 De
520 1154 721 1192 contingentia
744 1157 775 1182 et
793 1163 886 1182 causa
920 1154 1034 1192 peccati
1059 1172 1095 1177 —-
1123 1156 1182 1184 389
1210 1173 1245 1176 —
1322 1155 1370 1184 De
1389 1156 1502 1194 Spiritu
1526 1160 1628 1185 sancto
1675 1178 2055 1188 ........
2080 1176 2121 1181 -
2152 1161 2208 1189 521
2237 1179 2274 1183 —-

448 1204 495 1233 De
519 1205 668 1233 creatione
688 1204 818 1232 bominis
865 1227 871 1233 .
919 1227 925 1232 .
973 1227 979 1232 .
1027 1227 1033 1233 .
1060 1223 1097 1226 —
1123 1207 1182 1234 397
1209 1223 1248 1226 —
1322 1206 1370 1234 De
1394 1206 1549 1235 creatione
1563 1227 1784 1235 .....
1885 1230 1892 1235 .
1941 1230 1946 1236 .
1995 1231 2000 1237 .
2048 1233 2054 1238 .
2078 1229 2119 1233 -—
2151 1212 2210 1240 529
2236 1229 2276 1233 --

447 1254 496 1284 De
529 1255 616 1294 lapsu
640 1256 799 1294 primorum
823 1259 977 1293 parentum
1000 1258 1031 1284 et
1322 1256 1369 1285 De
1394 1266 1487 1285 causa
1510 1257 1624 1296 peccati
1649 1260 1679 1285 et
1702 1257 1740 1285 de
1763 1258 1965 1296 contingentia
1995 1282 2000 1287 .
2047 1281 2053 1287 .
2079 1278 2120 1282 —
2151 1263 2209 1290 532
2235 1280 2275 1284 —

499 1306 536 1336 de
559 1310 684 1349 peccato
709 1306 831 1344 originis
868 1329 874 1336 .
920 1329 926 1336 .
974 1331 979 1337 .
1027 1328 1033 1335 .
1060 1326 1096 1330 —
1124 1308 1184 1336 400
1209 1325 1246 1329 ——
1294 1294 1299 1337 l
1321 1308 1369 1338 De
1388 1307 1482 1337 libero
1506 1308 1641 1342 arbitrio,
1675 1317 1731 1337 seu
1761 1308 1799 1338 de
1822 1311 1935 1340 viribus
1958 1311 2063 1341 huma-

448 1366 507 1398 Ubi
530 1369 572 1397 sit
594 1370 750 1405 peccatum
813 1384 1033 1394 .....
1059 1381 1099 1385 -—
1123 1364 1183 1392 403
1208 1381 1249 1384 —
1366 1373 1421 1392 nae
1445 1362 1609 1392 voluntatis
1622 1385 2057 1393 .........
2082 1382 2123 1387 -
2152 1367 2212 1395 538
2237 1384 2274 1389 —

294 1420 341 1450 De
364 1420 448 1457 Lege
489 1436 1031 1449 ...........
1059 1432 1095 1436 —-
1122 1415 1182 1443 408
1207 1432 1247 1436 -
1321 1413 1368 1443 De
1380 1416 1463 1453 Lege
1487 1415 1586 1443 divina
1630 1437 2063 1444 .........
2087 1433 2128 1436 —
2152 1418 2210 1445 547
2236 1434 2276 1438 —

295 1472 343 1501 De
364 1471 501 1500 libertate
533 1469 698 1499 voluntatis
733 1468 879 1498 humanae
913 1477 969 1496 seu
993 1466 1031 1494 de
1474 1465 1522 1494 De
1546 1465 1654 1495 usibus
1678 1466 1772 1503 Legis
1796 1465 1918 1495 moralis
1950 1488 1956 1494 .
2002 1492 2008 1497 ,
2055 1490 2061 1496 .
2086 1485 2127 1490 -
2151 1469 2212 1497 550
2238 1487 2274 1490 -

336 1523 431 1552 libero
455 1522 574 1550 arbitrio
599 1540 1030 1550 .........
1057 1535 1097 1540 -—
1122 1519 1182 1546 430
1207 1535 1246 1539 —
1473 1516 1650 1555 Decalogus
1683 1539 2061 1548 ........
2086 1536 2127 1540 ——
2150 1520 2211 1548 555
2236 1537 2276 1541 -.

296 1573 344 1602 De
365 1572 530 1611 Evangelio
550 1592 1036 1602 ..........
1061 1587 1102 1591 -
1127 1571 1187 1597 440
1207 1586 1247 1590 -
1319 1567 1368 1597 De
1391 1572 1515 1607 peccato
1527 1587 2124 1599 ............
2150 1570 2210 1598 532
2236 1587 2275 1591 —

579 1718 648 1757 VI.
711 1717 784 1756 DE
816 1715 1086 1756 ECCLESIA
1118 1716 1187 1755 ET
1219 1716 1293 1755 DE
1324 1714 1691 1755 AUTORITATE
1723 1715 1893 1755 VEHBI
1924 1715 2028 1755 DEI.

503 1816 721 1855 Prolegomena
743 1826 771 1854 p.
798 1818 976 1845 535—594.

868 1908 921 1937 De
945 1907 1133 1937 Ecclesia
1155 1908 1258 1937 etde
1278 1908 1491 1937 autoritate
1514 1908 1620 1936 verbi
1642 1906 1721 1935 Dei.

299 1988 348 2018 De
370 1986 513 2017 Ecclesia
546 2007 1029 2017 ..........
1063 1994 1092 2023 p.
1119 1986 1178 2014 595
1203 1994 1271 2023 sqq.
1324 1984 1373 2013 De
1396 1984 1551 2013 autoritate
1575 1984 1656 2011 verbi
1679 1983 1737 2011 Dei
1788 2004 2055 2012 ......
2090 1993 2118 2020 p.
2144 1984 2204 2012 (332
2227 1993 2296 2023 sqq.

301 2038 349 2068 De
372 2038 591 2068 ecclesiasticis
610 2037 807 2076 scriptoribus
831 2037 962 2065 vetustis
983 2059 989 2064 .
1035 2059 1040 2064 .
1065 2054 1106 2058 —
1127 2038 1186 2065 (ΠΟ
1211 2054 1248 2057 -

826 2183 917 2223 VH.
948 2181 1242 2223 DOCTRINA
1274 2182 1347 2221 DE
1380 2180 1767 2228 POENITENTIA„

302 2259 387 2288 ideo
422 2259 597 2298 repetita
630 2262 667 2287 ut
699 2258 944 2296 praestigiae
977 2257 1022 2286 de.
1056 2256 1406 2286 satisfactionibus
1437 2265 1572 2284 recens
1601 2256 1846 2291 excogitatae
1871 2264 1884 2280 a
1907 2254 2133 2291 quibusdam
2158 2254 2295 2294 Sophi-

1096 2317 1171 2345 stis
1206 2316 1477 2345 refutarentur.

506 2401 725 2441 Prolegomena
745 2411 774 2440 p.
800 2403 976 2431 643—046.

1119 2468 1174 2497 De
1218 2467 1475 2497 poenitentia.

302 2536 491 2566 Prooemium
507 2559 1038 2567 ...........
1071 2547 1100 2575 p.
1125 2538 1183 2565 (47
1203 2546 1271 2574 sqq.
1324 2536 1372 2565 De
1395 2534 1598 2564 Confessimw
1623 2557 1893 2565 ......
1996 2558 1999 2561 ,
2091 2550 2096 2570 3
2143 2535 2199 2561 35⁷2:
2226 2543 2293 2572 sqq.

303 2587 350 2616 Do
369 2585 555 2617 contritione
564 2610 1042 2618 ..........
1066 2605 1106 2610 -
1127 2590 1186 2617 649
1210 2605 1251 2608 ——
1295 2573 1301 2623 l
1326 2586 1374 2615 De
1393 2586 1607 2616 satisfactione
1632 2610 1636 2614 .
1683 2611 1688 2615 .
1737 2609 1741 2613 .
2050 2609 2053 2611 ,
2150 2587 2207 2613 235(
2238 2604 2246 2605 ἡ
2263 2603 2272 2606 «
