2383 2990
129 169 194 202 453

131 265 286 296 choatam
309 267 342 294 et
365 266 639 299 consummatam,
662 261 694 292 id
719 265 782 298 est,
805 259 1062 292 vivificationem
1087 264 1119 289 et

130 313 232 339 totam
258 306 534 349 gubernationem
557 310 764 347 sequentem,
788 315 853 346 que
873 305 908 334 tit
930 302 1035 334 aDeo
1060 312 1120 344 per

129 350 247 382 Filium
283 356 315 381 et
340 349 494 390 Spiritum
525 356 676 379 sanctum
708 349 739 379 in
771 348 911 384 renatis,
948 347 989 377 ad
1020 346 1120 377 vitam

129 401 310 425 aeternam.
346 393 464 424 Totum
489 393 575 423 enim
600 391 793 423 beneficium
814 390 1008 422 Mediatoris
1033 400 1121 420 com-

128 436 285 479 plectitur
313 437 445 467 nominc
475 436 563 467 Doni
598 446 658 476 per
689 434 850 465 Gratiam.
896 434 948 464 Ac
983 432 1121 464 multum

129 480 234 511 refert
252 486 341 511 recte
354 478 492 521 intelligi
513 479 599 510 haec
611 476 787 515 vocabula,
802 478 911 518 quain
926 487 962 508 re
976 483 1006 507 et
1023 476 1121 517 phra-

129 525 178 555 sis
204 524 359 555 Hebraea
389 523 599 555 consulenda
627 528 696 559 est,
733 527 765 552 et
800 521 1043 551 consideranda
1070 525 1121 550 est

129 568 356 599 narrationum
392 567 517 605 series,
554 572 586 596 et
619 565 755 596 materia
790 564 822 594 in
854 562 1001 605 quolibet
1032 561 1121 600 loco,

131 610 213 641 Cum
230 610 398 641 Romanos
417 611 448 642 4.
474 611 610 640 dicitur:
635 607 795 649 Operanti
820 617 949 637 merces
973 617 1038 638 non
1064 607 1120 637 im-

129 660 265 696 putatur
294 654 478 684 secundum
511 653 669 694 gratiam:
704 650 757 681 hic
781 652 959 691 perspicue
983 650 1121 691 gratiam

129 695 270 728 relative
294 696 447 738 intelligit
476 696 649 738 gratuitam
675 693 941 725 benevolentiam
974 705 1034 724 seu
1064 694 1122 724 im-

129 741 347 781 putationem.
404 740 465 771 Est
494 740 579 770 enim
609 738 809 769 Antithesis:
845 737 1035 767 Laboribus
1067 737 1122 766 de-

130 784 227 815 betur
250 793 390 815 merces.
436 783 480 814 At
506 782 664 819 credenti,
695 781 823 811 etiamsi
848 792 912 811 non
938 780 1033 811 affert
1056 790 1123 811 me-

130 828 207 865 rita,
233 833 343 858 tamen
367 826 403 857 fit
426 826 598 868 imputatio
624 825 766 856 iustitiae
789 825 943 867 gratuita.

217 912 344 944 Eodem
367 913 466 943 modo
489 918 607 953 postea
631 910 792 953 loquitur:
817 910 895 941 ldeo
920 920 960 941 ex
984 909 1050 940 fide
1069 920 1121 941 se·

131 957 274 988 cundum
301 957 452 998 gratiam,
473 962 509 986 ut
532 957 573 986 sit
599 955 693 986 firma
716 955 914 996 promissio,
940 954 972 985 id
998 959 1065 989 est,
1088 959 1124 984 ut

130 1000 175 1030 sit
210 1006 301 1030 certa
337 997 585 1037 reconciliatio,
620 1010 685 1030 non
717 999 839 1040 pendet
869 1008 908 1028 ex
935 998 1123 1027 conditione

130 1048 268 1074 nostrae
293 1043 475 1084 dignitatis,
510 1043 569 1073 sed
595 1049 646 1073 est
671 1042 828 1083 gratuita.
875 1041 936 1072 Hic
965 1048 1121 1081 quantum

130 1084 484 1117 reserat-vocabulum
515 1086 651 1117 Gratiae
682 1093 773 1117 recte
797 1083 952 1126 intelligi,
977 1095 1041 1115 non
1067 1084 1123 1114 ob-

131 1140 266 1160 scurum
288 1136 349 1161 est.
381 1130 464 1160 Nam
483 1131 511 1161 si
535 1131 662 1160 iudices
686 1131 730 1160 ita
756 1135 787 1159 te
807 1127 930 1159 habere
957 1128 1124 1158 remissio-

130 1183 218 1211 nem,
243 1183 316 1204 eum
342 1172 445 1204 fueris
470 1174 590 1215 diguus
615 1180 644 1203 et
665 1173 820 1209 mundus,
846 1178 876 1202 et
898 1171 1053 1202 habueris
1068 1182 1123 1201 ex-

132 1215 297 1247 cellentes
311 1217 463 1254 virtutes,
487 1227 570 1258 quas
594 1215 750 1247 Monachi
776 1216 945 1246 nominant
970 1216 1124 1256 gratiam,

132 1266 292 1300 sequetur
320 1259 447 1290 infinita
482 1260 641 1291 dubitatio
678 1266 709 1290 et
744 1259 945 1300 desperatio.
994 1258 1032 1289 Et
1059 1257 1123 1288 Ro-

131 1313 249 1334 manos
268 1304 299 1333 6.
335 1303 369 1333 δί
394 1303 533 1344 gratiam
558 1303 785 1344 interpreteris
801 1309 833 1333 ut
858 1302 1015 1332 Monachi
1037 1300 1124 1332 dele-

131 1352 184 1376 tur
209 1345 414 1377 consolatio:
446 1347 520 1377 Non
546 1348 626 1377 estis
651 1348 713 1377 sub
738 1345 847 1387 Lege,
876 1346 936 1375 sed
961 1347 1022 1376 sub
1049 1356 1124 1385 gra·

131 1390 186 1420 tia.
233 1389 294 1420 Hic
322 1389 445 1420 t'aulus
475 1390 540 1421 hoc
565 1390 671 1430 ipsum
703 1389 782 1429 agit,
802 1398 865 1419 nos
890 1388 1025 1429 placere
1051 1388 1123 1419 Deo

130 1437 269 1474 propter
303 1431 440 1469 Filium,
475 1443 541 1464 non
573 1439 710 1474 propter
742 1439 887 1462 nostram
920 1433 1124 1473 dignitatem,

131 1486 204 1506 cum
229 1476 360 1517 quidem
385 1476 495 1506 adhuc
520 1476 657 1507 haereat
680 1477 712 1507 in
736 1476 859 1506 renatis
881 1476 999 1517 ingens
1024 1476 1125 1506 imbe-

132 1517 254 1550 cillitas
280 1525 313 1550 et
335 1525 520 1560 peccatum.

220 1605 397 1647 Significat
429 1607 531 1647 igitur
565 1605 681 1636 Gratia
721 1606 896 1646 gratuitam
938 1605 1126 1636 misericor-

131 1649 230 1687 diam,
257 1649 455 1690 promissam
479 1656 615 1690 propter
631 1648 757 1680 Filium.
795 1649 992 1690 Quanquam
1017 1656 1126 1679 autem

130 1691 216 1723 haec
240 1693 441 1734 significatio
467 1694 578 1724 nativa
603 1700 670 1723 est:
701 1696 812 1723 'tamen
849 1693 1015 1730 sciannis,
1052 1703 1126 1723 cuin

132 1737 293 1776 accipitur
322 1738 474 1767 remissio
499 1743 728 1777 pcccatorum,
763 1735 859 1766 sitnul
886 1737 916 1766 in
942 1746 979 1765 ea
1006 1745 1126 1766 conso-

131 1777 257 1809 latione
292 1779 362 1810 fieri
400 1780 655 1810 vivificationem
686 1790 745 1820 per
776 1779 912 1815 Filium,
949 1790 1020 1809 euin
1046 1779 1126 1809 Fide

132 1824 294 1863 accipitur
307 1834 371 1854 vox
385 1822 568 1864 Evangelii,
582 1830 611 1853 et
627 1823 837 1853 donationem
848 1823 916 1863 Spis
928 1823 992 1853 itus
1006 1824 1125 1853 sancti.

132 1866 210 1896 ideo
225 1872 255 1896 et
273 1866 438 1897 lohannes
450 1868 580 1897 duobus
592 1865 765 1897 vocabulis
780 1877 861 1897 usus
876 1872 938 1903 est,
949 1867 1029 1896 sicut
1043 1865 1126 1897 Pau-

131 1909 184 1941 lus
209 1911 376 1950 inquiens:
405 1910 468 1940 Per
493 1910 596 1941 lesum
623 1910 791 1940 (Ἧι-18111111
817 1910 920 1950 gratia
947 1916 977 1939 et
1003 1910 1125 1939 veritas

131 1953 220 1984 sacta
235 1960 298 1983 est.
324 1953 472 1984 Gratiani
489 1955 634 1984 nominat
654 1954 829 1994 gratuitam
853 1954 1079 1983 remissionem
1094 1958 1125 1983 et

131 1997 434 2028 reconciliationem
459 2008 517 2028 seu
542 2000 817 2038 acceptationem.
850 1995 980 2026 Deinde
1000 1997 1124 2027 umbris

132 2042 269 2082 opponit
294 2042 478 2079 veritatem,
505 2041 659 2072 videlicet
685 2051 789 2081 regno
816 2039 968 2075 Doluit-o,
993 2041 1123 2080 sapien-

132 2086 196 2116 tiae
221 2090 251 2115 et
278 2085 420 2115 iustitiae
453 2086 563 2115 carnis
588 2091 618 2115 et
644 2084 716 2115 aliis
750 2085 844 2114 honis
871 2085 1036 2124 perituris.
1082 2083 1124 2115 Et

130 2129 277 2160 nominat
302 2129 493 2166 veritatem,
527 2139 605 2159 vera
631 2134 659 2158 et
688 2129 843 2158 ditratura
868 2129 973 2160 bona,
1010 2137 1122 2158 veram

131 2172 335 2213 agtti=iottetll
359 2171 441 2209 Dei,
466 2178 637 2203 aeternam
665 2172 781 2209 vitam,
817 2169 941 2207 lucem,
966 2171 1121 2201 iustitiam

131 2221 163 2246 et
198 2214 356 2246 laetitiam
392 2226 525 2256 semper
560 2216 768 2252 duraturam,
811 2225 883 2245 cum
928 2215 987 2244 erit
1032 2213 1123 2244 Deus

132 2259 241 2290 omnia
266 2260 296 2289 in
322 2259 475 2290 omnibus
499 2260 626 2290 sanctis
647 2259 865 2289 resuscitatis.
902 2258 945 2288 lta
972 2259 1125 2298 congruit

132 2303 255 2333 dictum
282 2302 438 2333 iohannis
463 2314 537 2334 cum
568 2304 678 2332 verbis
710 2301 819 2333 l'auli:
857 2302 920 2332 l’er
955 2301 1122 2332 fin-istum

131 2345 293 2377 hahemus
319 2347 471 2388 gratiam,
496 2353 526 2376 et
546 2347 667 2376 donum
689 2356 747 2386 per
767 2347 917 2384 gratiam.
954 2344 1122 2385 Expresse

131 2390 217 2420 enim
242 2390 435 2420 (immamus
463 2389 662 2431 Pelagianos
687 2397 718 2420 et
743 2389 948 2425 Monacth
985 2389 1038 2429 qui
1067 2388 1123 2418 [in-

131 2439 252 2464 xerunt
276 2433 427 2464 homines
452 2435 523 2464 siue
547 2433 800 2475 regeneratione
826 2443 927 2473 posse
954 2431 1033 2473 Legi
1060 2431 1122 2462 Dei

132 2475 339 2514 satisfacere,
374 2483 405 2507 et
440 2478 557 2508 mereri
595 2476 914 2514 reconciliationem,
951 2483 983 2506 et
1017 2476 1123 2507 iustos

133 2531 211 2552 esse
234 2521 370 2562 propria
390 2520 493 2562 Legis
518 2519 718 2562 impletione.

219 2607 290 2640 Has
304 2607 516 2646 Pharisaicas
536 2608 802 2650 imaginationes,
826 2617 912 2648 quae
934 2604 1056 2637 tollunt
1077 2605 1125 2636 in-

133 2652 247 2694 gentia
283 2652 444 2684 beneficia
475 2651 694 2691 Mediatoiis‚
739 2661 879 2693 prorsus
916 2649 1123 2682 execrandas

768 163 812 196 V.
842 161 1115 195 EXPLICATlO
1140 161 1340 194 SYMBOLI
1362 160 1522 193 NICENI.

1147 2607 1151 2684 Ι

2098 160 2163 192 454

1173 268 1250 289 esse
1275 267 1463 289 censemus.
1508 255 1549 287 Et
1561 255 1636 287 Deo
1661 255 1788 298 gratias
1813 255 1955 297 agimus,
1981 255 2070 297 quod
2094 266 2162 287 non

1174 301 1281 332 solum
1307 300 1464 341 patefecit
1489 300 1626 341 Legem,
1652 300 1711 331 sed
1737 300 1835 330 etiam
1859 299 1946 330 misit
1969 298 2105 337 Filium,
2131 305 2163 331 et

1174 355 1240 376 non
1265 343 1372 375 solum
1403 345 1502 374 edidit
1531 344 1784 385 promissionem
1809 343 1956 385 gratiae,
1981 344 2040 373 sed
2066 344 2164 373 etiam

1174 399 1293 420 revera
1317 388 1411 418 adest
1434 388 1544 425 nobis,
1570 393 1766 429 regenerat,
1790 386 1996 425 sanctificat,
2021 386 2165 427 protegit

1175 438 1207 463 et
1232 433 1396 473 gubernat
1425 441 1488 461 nos
1512 431 1663 469 assidue,
1694 431 1781 461 sicut
1804 431 1834 461 in
1860 429 2005 460 Iohanne
2029 430 2164 461 dicitur:

1175 476 1210 507 Si
1235 476 1309 516 quis
1341 473 1443 516 diligit
1476 485 1543 512 me,
1578 484 1765 505 sermonem
1796 485 1904 505 meum
1935 474 2099 510 servabit,
2133 478 2166 504 et

1177 518 1275 549 Pater
1299 528 1393 549 meus
1424 517 1537 559 diliget
1563 528 1653 555 eum,
1684 524 1715 548 et
1744 518 1786 548 ad
1810 528 1885 549 eum
1909 518 2097 556 veniemus,
2134 522 2166 548 et

1176 562 1385 593 mansionem
1408 562 1497 602 apud
1521 571 1595 592 eum
1619 560 1789 592 faciemus.

1264 639 1326 670 Hic
1350 649 1484 681 quoque
1508 639 1573 669 duo
1595 637 1653 669 illa
1677 638 1841 669 beneficia
1864 639 2056 676 recitantur,
2082 638 2166 669 Gra·

1176 684 1222 714 tia
1257 689 1287 714 et
1325 683 1447 713 donum
1472 693 1532 722 per
1562 683 1716 723 gratiam,
1754 688 1784 713 et
1814 682 1932 712 modus
1964 682 2167 722 exprimitur,

1177 736 1242 768 quo
1266 727 1486 767 accipiuntur.
1532 726 1658 757 Initium
1682 732 1731 756 est
1765 726 1806 755 ab
1836 725 1949 755 auditu
1980 724 2166 766 Evangelii,

1178 781 1252 800 eum
1276 770 1307 800 in
1339 770 1561 800 conversione
1591 780 1676 800 voce
1700 768 1873 809 Evangelii
1908 778 1970 799 nos
2002 775 2168 799 sustenta-

1177 824 1263 850 mus,
1288 812 1384 843 sinntl
1409 812 1492 843 haec
1516 814 1609 850 tium,
1636 813 1737 843 Pater
1760 811 1864 853 diligit
1888 822 1963 850 nm,
1983 812 2013 842 id
2028 818 2092 849 est,
2119 821 2168 843 re-

1178 857 1255 897 cipit
1290 867 1350 897 per
1384 857 1644 887 misericordiam
1677 862 1815 896 propter
1839 854 1973 893 Filium,
2009 862 2039 886 et
2066 854 2169 886 Filius

1178 901 1255 931 dicit
1275 899 1539 931 consolationem
1557 901 1589 930 in
1609 900 1723 937 corde,
1750 900 1894 930 ostendit
1908 899 2168 929 misericordiam

1178 943 1305 981 Patris,
1337 950 1368 975 et
1402 943 1547 974 vivificat
1580 944 1758 974 eredentes
1782 948 1947 974 retractos
1977 952 2017 972 ex
2048 940 2169 972 dolori-

1179 989 1241 1017 bus
1264 986 1464 1024 inferorum,
1489 993 1520 1017 et
1545 986 1644 1017 Pater
1666 997 1726 1027 per
1749 998 1823 1018 eum
1847 986 1983 1017 effundit
2012 985 2170 1026 Spiritum

1178 1037 1331 1061 sanctum
1357 1032 1387 1061 in
1414 1031 1528 1068 corda,
1552 1036 1587 1061 ut
1611 1029 1697 1061 tales
1722 1036 1831 1061 motus
1855 1029 2039 1060 habeamus
2060 1027 2169 1070 qualis

1177 1075 1249 1115 ipse
1273 1080 1335 1112 e-3t,
1359 1073 1523 1105 laetemur
1546 1074 1577 1104 in
1605 1073 1690 1111 Deo,
1714 1072 1893 1116 diligamus
1918 1079 1950 1104 et.
1972 1073 2168 1103 invocemus

1178 1128 1263 1155 euin,
1287 1123 1318 1148 et
1342 1128 1405 1148 nos
1430 1118 1459 1148 ei
1482 1117 1715 1155 subiiciamus,
1750 1127 1976 1159 agnoscamus
2000 1116 2168 1147 iufirmita—

1177 1166 1242 1191 tem
1267 1167 1297 1191 et
1323 1159 1471 1201 pericula
1496 1171 1557 1191 nos
1575 1171 1630 1198 ra,
1661 1166 1691 1191 et
1717 1162 1861 1191 sciamus
1887 1161 1982 1191 nobis
2011 1161 2171 1191 immensa

1178 1205 1405 1235 misericordia
1424 1204 1486 1235 Dei
1511 1204 1715 1245 propositum
1741 1215 1818 1235 esse
1838 1202 1993 1234 auxilium
2013 1203 2171 1242 divinum,

1179 1255 1295 1279 contra
1321 1248 1542 1278 infirmitatem
1566 1254 1726 1285 nostram,
1750 1254 1783 1279 et
1807 1253 1923 1278 contra
1948 1246 2170 1277 Diabolorum

1179 1293 1316 1322 rahien·.
1363 1292 1539 1323 Adversus
1570 1292 1632 1321 ista
1664 1297 1815 1332 petamus
1848 1290 1910 1321 Dei
1934 1290 2169 1331 praesentiam,

1179 1336 1265 1365 sicut.
1289 1336 1426 1365 dicitur:
1451 1333 1599 1365 Salvabo
1624 1345 1686 1366 vos
1711 1345 1775 1365 non
1801 1335 1831 1365 in
1857 1345 1949 1372 arcu,
1976 1334 2034 1364 sed
2056 1333 2171 1364 inDo·

1179 1379 1266 1408 mino
1297 1378 1370 1409 Deo
1406 1385 1536 1415 vestro,
1572 1379 1602 1408 id
1639 1384 1707 1414 est,
1743 1379 1774 1408 in
1799 1376 1901 1415 Filio,
1935 1378 1989 1418 qui
2016 1387 2094 1407 vere
2119 1382 2171 1408 est

1178 1421 1350 1459 Emanuel,
1376 1432 1455 1452 vere
1478 1422 1575 1452 adest
1597 1421 1830 1459 credentibus,
1855 1432 1928 1451 cum
1954 1431 2039 1451 voce
2063 1420 2171 1451 Evan-

1179 1465 1255 1506 gelii
1280 1470 1528 1503 sustentantur,
1559 1470 1589 1495 et
1614 1464 1711 1495 simul
1737 1465 1792 1495 dat
1817 1464 1973 1506 Spiritum
1999 1470 2171 1495 sanctum:

1180 1509 1237 1539 Sic
1261 1509 1288 1539 l.
1313 1508 1379 1540 [oh.
1404 1509 1434 1539 4.
1460 1509 1596 1539 dicitur:
1623 1508 1655 1538 ln
1683 1508 1746 1539 hoc
1770 1509 1905 1545 scimus,
1930 1508 2017 1549 quod
2042 1509 2073 1538 in
2098 1508 2171 1548 ipso

1181 1562 1364 1591 manemus,
1387 1558 1419 1583 et
1442 1553 1513 1594 ipse
1537 1553 1569 1583 in
1593 1553 1702 1590 nobis,
1726 1552 1803 1593 quia
1823 1552 1863 1582 de
1878 1551 2003 1592 Spiritu
2027 1562 2089 1583 suo
2114 1551 2171 1582 dat

1181 1596 1289 1627 nobis.

1363 1763 1438 1803 DE
1470 1761 1790 1804 VOCABULO
1824 1762 1983 1803 FIDEI.

1267 1864 1349 1895 Cum
1373 1863 1498 1895 Paulus
1522 1865 1642 1906 inquit:
1667 1863 1887 1895 lustiiicamur
1910 1863 1993 1902 fide,
2024 1864 2172 1895 vocabu-

1178 1907 1244 1938 lum
1265 1908 1355 1938 Fidei
1381 1919 1445 1938 non
1471 1915 1594 1939 tantum
1626 1908 1784 1938 historiae
1815 1908 1962 1938 notitiam
1989 1906 2167 1948 significat,

1179 1958 1209 1982 ut
1248 1951 1381 1982 Diaboli
1418 1953 1515 1982 etiam
1552 1958 1671 1982 norunt
1703 1951 1873 1982 historiam
1906 1962 1966 1981 seu
2002 1952 2170 1993 dogmata,

1179 1995 1244 2026 Sed
1271 1995 1437 2036 signifieat
1462 1996 1615 2026 assentiri
1642 1996 1793 2025 otnnibus
1812 1994 1960 2025 articulis
1975 1994 2061 2030 fidei,
2087 2001 2118 2025 et
2139 1995 2170 2025 in

1178 2039 1229 2069 his
1244 2038 1319 2069 huic
1333 2038 1490 2070 articulo:
1513 2038 1623 2070 Credo
1638 2039 1868 2069 remissionem
1888 2044 2117 2078 peccatorum,
2138 2044 2169 2069 et

1177 2084 1274 2114 vitam
1289 2090 1470 2120 aeternam,
1490 2093 1554 2113 non
1575 2090 1700 2113 tantum
1721 2081 1794 2113 allis
1809 2083 1890 2120 dari,
1914 2083 1974 2113 sed
2000 2082 2075 2112 mihi
2089 2092 2170 2123 quo·

1177 2137 1252 2168 que.
1298 2126 1381 2156 (hun
1417 2126 1482 2157 hoc
1515 2136 1678 2163 assensu,
1714 2136 1779 2167 quo
1815 2127 1871 2156 tibi
1904 2127 2014 2156 credis
2039 2126 2170 2163 remitti,

1177 2181 1236 2200 eor
1270 2170 1408 2209 erigitur
1438 2170 1558 2200 fiducia
1594 2170 1781 2211 promissae
1816 2170 2081 2206 misericordiae,
2116 2180 2170 2200 ac-

1177 2215 1369 2255 quiescente
1406 2214 1435 2243 in
1468 2213 1543 2244 Deo
1574 2219 1712 2254 propter
1748 2212 1977 2251 Mediatorem,
2013 2212 2099 2243 lut-et
2135 2213 2167 2242 in

1176 2264 1285 2287 mente
1308 2267 1471 2287 assensus
1495 2256 1751 2298 apprehendens
1776 2267 1893 2287 vocem
1914 2256 2108 2297 Evangelii,
2133 2262 2165 2287 et

1177 2300 1298 2332 fiducia
1323 2300 1516 2332 Mediatoris
1541 2307 1570 2331 et
1596 2300 1844 2331 misericordiae
1868 2301 1900 2330 in
1925 2301 2035 2331 corde

1263 2387 1354 2418 Haec
1378 2387 1462 2417 fides
1486 2398 1552 2418 non
1577 2393 1627 2417 est
1651 2392 1779 2418 mortua
1803 2386 2008 2428 imaginatio,
2032 2386 2091 2416 sed
2117 2391 2169 2417 est

1176 2430 1232 2462 illa
1263 2432 1363 2469 tides,
1399 2432 1439 2461 de
1474 2441 1539 2472 qua
1570 2431 1705 2461 dicitur:
1740 2430 1821 2461 Fide
1856 2429 2020 2460 iustificati
2051 2440 2169 2471 pacem

1176 2475 1351 2507 habentus.
1398 2474 1496 2512 ltem,
1534 2474 1625 2504 Haec
1649 2479 1701 2504 est
1723 2474 1790 2504 vita
1822 2479 1976 2509 aeterna,
2006 2480 2038 2504 ut
2064 2483 2168 2514 agno·

1177 2524 1274 2550 scant
1294 2526 1325 2548 te
1344 2517 1453 2548 solum
1476 2528 1590 2549 verum
1610 2517 1729 2554 Deum,
1754 2523 1785 2547 et
1809 2528 1904 2558 quem
1930 2516 2168 2547 misistilesum

1177 2572 1254 2593 esse
1277 2562 1457 2593 Christum.
1504 2561 1601 2598 ltem,
1633 2561 1695 2596 Qui
1720 2560 1818 2591 habet
1843 2559 1975 2597 Filium,
1999 2559 2098 2591 habet
2122 2561 2169 2591 vi-

1179 2611 1255 2644 tam,
1281 2606 1336 2635 Sic
1360 2606 1445 2636 enim
1468 2605 1662 2636 accenditur
1685 2604 1768 2635 haec
1793 2604 1904 2641 Fides,
1929 2603 2012 2635 Filio
2036 2604 2166 2635 dicente

1177 2648 1441 2681 consolationem
1480 2659 1541 2691 per
1579 2658 1699 2680 vocem
1736 2646 1932 2691 Evangelii,
1974 2654 2007 2678 et
2042 2641 2167 2689 Spiritui

1957 2706 2012 2733 29·
