2383 2990
137 144 202 176 523
774 142 887 174 l’HlL.
910 142 1015 174 MEL.
1038 143 1227 176 SCRIPTA
1251 143 1533 175 DOGMATICA.
1988 147 1991 154 ¹
2101 144 2166 176 524

224 238 321 274 Quod
357 245 466 270 autem
494 239 635 280 Spiritus
665 244 802 269 sanctus
832 239 875 270 sit.
910 238 1122 279 ὑφιστάμενος,

137 293 196 314 seu
220 290 253 313 ut
279 282 387 313 Latini
411 281 591 323 loquuntur
614 293 758 322 persona
777 288 819 315 ret
846 293 911 313 non
940 283 983 313 sit
1013 290 1123 314 motus

137 333 270 357 creatus
295 336 353 357 seu
378 326 536 357 accidens
560 326 590 355 in
606 333 754 356 creatura
782 323 944 363 rationali,
969 336 1029 357 seu
1052 327 1124 367 ipse

134 376 230 411 pater
265 379 384 400 creans
412 375 554 406 motum,
590 368 673 399 haec
705 369 892 400 testimonia
927 370 1122 400 ostendunt:

135 412 281 443 Primum
304 410 483 453 patefactio
516 413 547 442 in
571 411 744 453 Baptismo
769 411 909 450 (bristi,
945 413 1000 443 ubi
1033 412 1124 444 clare

136 457 370 487 discernuntur
398 461 466 486 tres
489 466 656 496 personae
714 454 813 486 Pater
831 456 951 497 inquit:
980 455 1042 486 Hic
1073 462 1125 487 est

134 498 237 530 Filius
262 508 353 529 meus
384 497 543 536 dilectus,
567 500 598 529 in
624 510 689 540 quo
714 499 788 529 mihi
815 497 1009 540 complacui.
1062 499 1123 530 Est

135 542 235 584 igitur
258 540 322 573 alia
342 551 486 582 persona
510 550 615 582 pater,
639 542 703 573 alia
730 541 834 573 Filius
861 549 924 573 etc.
950 543 1124 574 descendit

133 591 243 616 autem
274 584 415 626 Spiritus
451 592 589 616 sanctus
624 586 655 616 in
687 585 799 625 specie
824 585 1010 617 columbae.
1056 586 1122 617 lam

134 629 162 659 si
186 628 331 669 Spiritus
356 634 493 659 sanctus
522 636 611 659 esset
638 639 749 659 creata
774 629 805 659 in
835 630 994 660 cordibus
1020 630 1122 671 agita—

133 672 192 710 tio,
217 682 283 702 non
308 677 483 713 appareret
507 671 663 712 peculiari
696 673 808 713 specie
833 671 1016 714 corporali,
1047 673 1122 713 quia

133 715 319 746 accidentia
343 725 410 746 non
435 720 511 746 sunt
534 722 626 746 extra
648 726 707 746 sua
733 716 897 753 subiecta,
921 722 976 746 aut
989 716 1017 746 si
1031 722 1122 746 esset

133 758 205 799 ipse
228 758 340 796 Pater,
364 768 432 789 non
456 758 660 790 discerneret
687 759 843 800 Spiritum
868 765 1032 789 sanctum.
1073 758 1123 788 ln—

134 802 205 843 quit
226 808 354 833 autem:
379 801 488 842 Super
508 812 604 843 quem
629 803 750 833 videris
775 803 933 843 Spiritum
958 808 1122 832 sanctum.

220 887 315 918 Hanc
343 886 599 929 patefactionem
630 889 768 928 prodest
798 888 835 932 iq
859 887 1049 929 quotidiana
1072 887 1123 918 Iu-

133 931 309 962 vocatione
341 938 449 962 mente
473 932 607 969 intueri,
643 937 675 962 ut
711 932 941 962 discernamus
972 936 1124 962 nostram

132 973 381 1005 invocationem
403 976 444 1005 ab
469 973 627 1011 Ethnica,
657 973 868 1016 Cogitemus,
894 985 991 1015 quem
1015 973 1123 1005 Deum

132 1016 344 1059 alloquamur
367 1024 399 1049 et
421 1018 476 1048 ubi
499 1017 713 1058 patefactum.
761 1017 838 1048 ldeo
869 1019 954 1048 enim
979 1017 1044 1048 hae
1066 1028 1123 1058 pa-

133 1059 334 1092 tesactioncs
358 1061 469 1092 factae
492 1067 587 1097 sunt,
619 1067 653 1091 ut
682 1070 745 1091 nos
770 1061 913 1092 doceant
946 1068 977 1092 et
1003 1061 1123 1092 confir-

131 1110 233 1142 ment,
252 1110 284 1135 et
307 1110 342 1135 ut
366 1104 568 1145 cogitatione
587 1104 810 1144 aspiciantur:
835 1105 890 1135 Sic
911 1111 943 1135 et
961 1105 992 1135 in
1005 1103 1123 1135 Pente-

133 1154 227 1179 coste
249 1153 385 1189 apparet
410 1148 548 1188 Spiritus
573 1154 710 1178 sanctus
734 1147 894 1188 peculiari
919 1148 1031 1188 specie
1051 1158 1123 1178 cor-

131 1190 256 1231 porali,
281 1191 370 1232 quod
393 1201 460 1223 non
484 1189 591 1229 fieret,
619 1191 647 1221 si
672 1196 764 1222 esset
789 1197 905 1222 creata
928 1191 1066 1233 agitatio
1090 1192 1123 1222 in

132 1234 300 1265 cordibus·

220 1321 273 1351 Ad
296 1319 382 1351 haec
404 1321 593 1351 testimonia
617 1320 817 1362 adiungatur
847 1320 970 1351 dictum
994 1321 1034 1352 de
1056 1320 1122 1351 Ba-

130 1364 270 1405 ptismo:
293 1363 367 1406 Ego
391 1364 524 1404 baptizo
549 1370 579 1394 te
605 1364 635 1394 in
660 1365 792 1395 nomine
807 1363 914 1394 Patris
939 1370 971 1395 et
993 1362 1065 1395 Filii
1089 1370 1122 1395 et

131 1407 271 1448 Spititus
296 1407 421 1445 sancti,
453 1407 484 1437 id
516 1413 584 1444 est,
607 1407 680 1449 Ego
705 1407 768 1437 hac
793 1414 929 1438 externa
954 1410 1121 1438 mersione

132 1450 312 1488 testificor,
348 1451 498 1488 nomine,
523 1450 555 1480 id
580 1458 649 1487 est,
674 1451 831 1481 mandato
855 1450 937 1487 Dei,
962 1456 995 1482 te
1019 1451 1121 1492 recipi

131 1504 151 1525 a
175 1504 255 1524 vero
279 1493 367 1532 Deo,
391 1495 445 1535 qui
469 1500 520 1524 est
545 1493 645 1525 Pater
657 1493 789 1524 Domini
813 1495 918 1524 nostri
942 1495 1015 1525 lesu
1028 1493 1122 1525 Chri·

132 1537 193 1574 sti,
233 1543 263 1568 et
288 1537 404 1578 recipit
426 1544 459 1568 te
483 1544 621 1578 propter
644 1536 778 1575 Filium,
816 1543 847 1568 et
878 1537 1063 1568 sanctificat
1088 1544 1121 1567 te

132 1579 257 1621 Spiritu
281 1590 342 1611 suo
367 1586 497 1612 sancte.
545 1580 584 1610 Et
611 1587 643 1611 tu
668 1581 816 1611 vicissim
839 1590 1010 1623 agnoscas
1033 1579 1122 1611 hunc

131 1634 210 1655 esse
240 1634 355 1655 verum
382 1623 510 1662 Deum,
541 1624 797 1655 discernendum
828 1634 847 1654 a
879 1624 1120 1655 commenticiis

131 1667 338 1705 numinibus,
369 1674 400 1698 et
425 1668 562 1698 invoces
588 1667 737 1704 Patrem,
761 1666 879 1698 Filium
909 1674 940 1698 et
965 1667 1122 1707 Spiritum

132 1716 295 1741 sanctum.
342 1710 377 1741 ln
402 1711 554 1749 nomine,
585 1711 615 1741 id
637 1716 705 1748 est,
729 1711 886 1741 mandato
910 1709 965 1741 vel
988 1711 1122 1741 invoca-

131 1754 238 1785 tione:
268 1752 335 1784 Vel
358 1755 391 1785 in
415 1765 551 1791 nomen,
580 1755 611 1785 id
635 1760 706 1791 est,
730 1754 771 1784 ad
796 1753 998 1795 agnitionem
1021 1759 1053 1785 et
1075 1755 1122 1785 in-

132 1797 352 1828 vocationem.
399 1796 481 1829 Cum
514 1805 621 1829 autem
647 1798 772 1828 directe
802 1798 969 1828 invocatio
999 1797 1122 1828 fiatad

134 1839 342 1871 SPIRITUM
362 1847 515 1871 sanctum
540 1842 624 1871 sicut
649 1841 690 1871 ad
712 1840 844 1871 Patrem
868 1847 899 1871 et
912 1839 1043 1879 Filium,
1066 1851 1123 1871 ne—
1148 1854 1151 1862 ν

133 1894 230 1914 cesse
254 1890 305 1915 est
329 1895 403 1915 eum
427 1894 606 1925 personam
631 1894 726 1922 esse,
750 1894 816 1914 non
837 1890 983 1915 creatam
1008 1885 1039 1915 in
1063 1884 1121 1914 ho-

132 1928 219 1958 mine
248 1928 437 1959 motionem.
485 1927 559 1958 Non
593 1929 678 1958 enim
708 1927 897 1958 invocanda
926 1933 977 1958 est
1009 1933 1122 1958 creata

133 1971 245 2001 motio.
291 1970 404 2002 Verba
438 1971 601 2012 Baptismi
638 1969 925 2011 comprehendunt
961 1981 1121 2001 summam

135 2014 323 2051 doctrinae,
359 2025 443 2055 quae
473 2021 524 2045 est
553 2015 685 2055 propria
718 2012 909 2052 Ecclesiae,
945 2021 975 2045 et
1000 2014 1121 2045 mersio

135 2057 302 2099 significat
325 2058 525 2089 mersionem
549 2058 580 2088 in
606 2058 802 2099 sanguinem
825 2062 857 2088 et
877 2065 1015 2088 mortem
1029 2056 1122 2088 Chri-

135 2101 189 2138 sti,
213 2111 277 2141 qua
302 2099 467 2132 abluimur
485 2112 503 2132 a
525 2108 677 2141 peccato,
702 2107 733 2131 et
765 2110 881 2131 rursus
906 2100 1121 2131 vivificamur.

134 2142 281 2175 Basilius
305 2150 400 2185 urget
424 2145 524 2175 verba
542 2144 702 2185 Baptismi
719 2150 835 2175 contra
846 2144 1120 2183 πνευματομαχοιῖς.

136 2186 221 2218 Citat
249 2187 344 2218 etiam
369 2187 490 2219 dictum
513 2187 647 2219 Eusebii
673 2187 871 2225 Palaestini,
896 2188 986 2229 quod
1016 2198 1056 2218 eo
1082 2189 1123 2218 sit

134 2228 341 2261 familiariter
363 2237 488 2269 notum,
512 2232 587 2273 quia
607 2238 654 2262 est
676 2229 951 2262 commonefactio
965 2231 1006 2262 de
1023 2231 1122 2262 modo

135 2274 376 2306 invocationis:
405 2273 564 2305 Sanctum
588 2274 694 2306 Deum
725 2273 810 2306 lucis
835 2275 1041 2306 conditorem
1065 2285 1124 2315 per

136 2316 341 2349 Salvatorem
370 2323 521 2349 nostrum
551 2317 659 2349 lesum
684 2329 756 2349 cum
780 2318 904 2359 Spiritu
934 2323 1053 2349 sancto
1075 2318 1123 2348 in-

136 2361 335 2392 vocandum.
380 2361 491 2392 lohan.
519 2362 569 2392 14.
606 2361 748 2402 Rogabo
783 2360 932 2399 Patrem,
962 2367 994 2392 et
1024 2359 1123 2392 alium

136 2402 344 2435 Paracletum
369 2403 459 2435 dabit
481 2405 589 2436 vobis.
637 2405 719 2436 Cum
742 2404 785 2435 ait
810 2403 927 2443 alium,
963 2404 1120 2436 discernit

137 2457 158 2478 a
190 2447 290 2478 Patre
319 2453 351 2478 et
384 2446 468 2479 Filio
502 2448 592 2479 hunc
625 2446 847 2479 Paracletum.
914 2447 990 2479 Non
1023 2448 1124 2489 igitur

137 2490 303 2531 significat
331 2491 475 2532 Spiritus
509 2492 616 2533 ipsum
654 2490 784 2523 Patrem
818 2492 1014 2533 agitantem:
1048 2491 1123 2523 Non

139 2534 224 2564 enim
247 2540 338 2565 esset
361 2533 458 2565 alius.
503 2534 575 2566 Nec
598 2534 765 2576 significat
793 2535 1008 2577 agitationem
1031 2544 1123 2565 crea-

137 2581 221 2607 tam:
254 2576 329 2608 Non
364 2579 450 2609 enim
473 2578 656 2610 mitteretur
679 2589 699 2610 a
721 2576 824 2616 Filio,
859 2578 889 2609 si
912 2584 1005 2609 esset
1024 2578 1124 2609 Pater

139 2619 271 2662 agitans
300 2625 357 2652 aut
389 2626 515 2653 tantum
548 2622 684 2664 agitatio
718 2627 831 2654 creata
863 2631 883 2653 a
916 2620 1027 2654 Patre.
1071 2621 1124 2653 Ac

1148 246 1153 285 J
1179 238 1332 270 Christus
1357 239 1461 281 inquit
1484 238 1597 270 lohan.
1620 239 1672 270 15.
1697 238 1779 270 Cum
1802 241 1931 271 venerit
1954 239 2164 280 Paracletus,

1150 288 1152 313 ἐ
1178 294 1275 324 quem
1300 293 1364 324 ego
1389 284 1513 327 mittam
1537 283 1634 314 vobis
1659 293 1679 313 a
1697 281 1815 321 Patre,
1839 282 1979 324 Spiritus
2004 284 2165 323 veritatis,

1178 328 1232 367 qui
1257 337 1274 357 a
1301 326 1398 356 Patre
1428 326 1589 367 procedit.
1635 326 1667 357 A
1697 335 1734 357 se
1765 327 1868 367 inquit
1898 327 1979 358 mitti
2008 326 2166 368 Spiritum

1179 376 1345 400 sanctum:
1370 369 1446 400 Non
1471 376 1521 400 est
1546 369 1646 411 igitur
1668 377 1723 400 aut
1737 369 1837 401 Pater
1855 370 1998 411 agitans,
2022 377 2076 401 aut
2096 376 2165 401 tan-

1178 419 1246 444 tum
1269 414 1405 455 agitatio
1431 418 1544 444 creata
1566 423 1586 443 a
1604 412 1715 444 Patre.

1264 499 1460 541 Significant
1481 504 1512 529 et
1524 497 1589 530 hae
1601 498 1822 540 proprietates
1834 498 2042 540 ὑφιστάμενον.
2067 498 2165 531 Alius

1176 543 1383 583 παράκλητος,
1419 543 1473 583 qui
1499 543 1632 573 docebit
1657 552 1731 581 vos,
1756 553 1840 584 quae
1864 543 1974 574 audiet
1997 542 2162 585 loquetur.

1176 587 1210 617 Si
1236 586 1378 627 Spiritus
1403 585 1607 627 significaret
1627 586 1845 634 agitationem
1879 592 2044 624 creatam,
2075 591 2166 618 esset

1147 609 1151 738 1
1176 630 1344 667 doctrina,
1376 640 1441 661 non
1465 628 1596 660 Doctor
1627 639 1647 660 a
1670 628 1770 661 Patre
1800 636 1830 660 et
1854 629 1938 660 Filio
1968 631 2107 661 audiens
2131 635 2165 661 et

1174 672 1355 713 accipiens.

1262 758 1396 790 Docent
1419 757 1522 789 Filius
1547 764 1578 789 et
1601 759 1746 799 Spiritus
1772 765 1930 797 sanctus,
1959 760 2021 790 sed
2043 759 2076 790 in
2098 758 2165 790 hoc

1175 802 1248 842 ipso
1274 802 1362 833 dicto
1387 801 1563 833 discrimen
1589 802 1790 834 ostenditur:
1812 802 1906 837 Quae
1920 803 2030 834 audiet
2049 801 2164 844 loque-

1177 851 1239 875 tur.
1285 844 1357 876 Filii
1392 845 1579 886 proprietas
1612 851 1663 877 est
1697 844 1848 887 proferre
1878 845 2098 888 Evangelium
2122 856 2164 877 ex

1176 889 1250 919 sinu
1276 889 1402 919 aeterni
1426 888 1555 926 Pan-is,
1588 895 1620 920 et
1644 900 1717 920 cum
1743 899 1827 920 voce
1857 894 1993 920 externa
2016 889 2165 920 notitiam

1177 932 1364 963 accendere
1388 932 1420 962 in
1444 932 1627 970 mentibus,
1652 933 1736 963 sicut
1758 933 1877 974 inquit:
1903 932 1965 964 Cui
1993 931 2084 963 volet
2112 932 2165 963 Fi-

1150 989 1152 1004 t
1175 973 1239 1006 lius
1264 974 1423 1006 revelare.

1151 1032 1153 1039 ⁴
1178 1019 1260 1049 ritus
1280 1024 1430 1056 sanctus,
1454 1018 1508 1060 qui
1533 1025 1585 1050 est
1609 1019 1743 1050 flamma
1766 1029 1827 1050 seu
1851 1019 1997 1060 agitator
2025 1028 2165 1050 movens

1178 1072 1248 1100 cor,
1271 1068 1307 1093 ut
1331 1063 1534 1093 assentiatur
1558 1069 1589 1093 et
1614 1061 1817 1093 confirmans
1840 1073 1880 1093 ac
1903 1060 2098 1093 laetificans.

1471 974 1575 1007 Simul
1604 982 1715 1007 autem
1744 986 1804 1017 per
1826 975 1944 1006 Filium
1969 976 2067 1007 datur
2095 976 2165 1017 Spi-

1150 1008 1153 1031 Ι

1148 1057 1153 1210 ι
1264 1148 1426 1190 Loquitur
1449 1158 1531 1189 ergo
1558 1159 1643 1190 quae
1668 1159 1686 1180 a
1710 1147 1796 1179 Filio
1821 1149 1929 1187 audit,
1966 1159 2033 1180 non
2056 1148 2164 1180 disce-

1178 1191 1223 1221 dit
1247 1202 1266 1221 a
1290 1193 1393 1222 verbo
1418 1202 1478 1232 per
1500 1190 1618 1223 Filium
1640 1190 1788 1233 prolato,
1813 1192 1873 1222 sed
1904 1192 1946 1222 ad
1968 1191 2035 1223 hoc
2057 1192 2166 1233 ipsum

1177 1236 1315 1266 verbum
1346 1235 1500 1266 traditum
1534 1234 1633 1266 trahit
1669 1235 1770 1267 corda
1795 1241 1825 1266 et
1851 1234 2025 1267 confirmat
2050 1245 2165 1267 assen-

1177 1287 1262 1315 sum,
1287 1286 1316 1309 et
1344 1279 1399 1309 dat
1423 1277 1610 1310 firmitatem
1634 1279 1666 1310 in
1691 1279 1854 1313 docendo,
1885 1279 1917 1310 iu
1942 1277 2166 1316 confessione,

2053 1321 2166 1353 Docet

1177 1374 1271 1406 ergo,
1308 1366 1384 1407 quia
1409 1365 1450 1395 ad
1473 1375 1649 1396 assensum
1685 1365 1784 1397 trahit
1810 1376 1887 1404 cor,
1912 1372 1943 1397 et
1967 1366 2000 1397 in
2023 1375 2167 1397 assensu

1175 1414 1207 1439 et
1231 1408 1352 1440 affectu
1376 1408 1527 1439 doctrina
1548 1407 1751 1450 intelligitur.

1176 1321 1206 1351 in
1232 1321 1398 1360 consiliis,
1432 1322 1463 1352 in
1489 1323 1642 1353 omnibus
1667 1322 1763 1353 honis
1794 1323 1990 1354 actionibus.

1262 1485 1302 1516 Et
1328 1492 1407 1517 nota
1429 1492 1506 1517 sunt
1531 1487 1617 1518 dicta
1630 1486 1807 1517 Athanasii
1827 1492 1857 1517 et
1871 1484 1997 1527 Cym'lli,
2020 1485 2166 1517 Ubicun-

1176 1539 1239 1570 que
1265 1529 1384 1560 di‹·itur
1408 1530 1439 1560 in
1463 1529 1597 1561 homine
1609 1539 1687 1560 esse
1700 1529 1843 1570 Spiritus
1869 1536 2020 1568 sanctus,
2044 1529 2089 1560 ibi
2114 1535 2167 1560 est

1175 1583 1234 1613 per
1258 1571 1391 1603 Filium:
1418 1573 1508 1604 Sicut
1532 1574 1604 1614 ipse
1627 1571 1730 1604 Filius
1753 1573 1872 1614 inquit:
1896 1583 1993 1614 quem
2007 1582 2071 1614 ego
2094 1573 2166 1603 mit-

1175 1622 1254 1653 tam,
1280 1622 1311 1646 et
1336 1615 1498 1647 Actorum
1521 1617 1553 1647 2.
1578 1617 1715 1647 dicitur:
1746 1616 2001 1658 promissionem
2025 1616 2164 1657 Spiritus

1175 1660 1283 1690 sancti
1307 1660 1474 1700 accipiens
1497 1671 1517 1691 a
1540 1660 1639 1691 Patre
1663 1659 1809 1691 effundet
1833 1665 1894 1690 etc.

1262 1738 1293 1768 ⁶2.
1319 1736 1396 1768 Cor.
1423 1738 1474 1768 1⁶2.
1499 1736 1590 1769 clare
1614 1738 1771 1769 discernit
1796 1736 1954 1777 Spiritum
1978 1743 2127 1767 sanctum
2145 1746 2166 1768 a

1177 1781 1272 1811 donis
1309 1782 1443 1819 creatis,
1478 1788 1628 1812 autorem
1652 1782 1694 1811 ab
1719 1780 1909 1812 effectibus:
1939 1779 2058 1811 Omnia
2080 1780 2165 1811 haec

1177 1823 1280 1855 efficit
1304 1834 1391 1855 unus
1416 1831 1447 1856 et
1472 1825 1559 1856 idem
1583 1825 1735 1866 Spiritus.

1264 1902 1361 1938 Quod
1386 1909 1494 1934 autem
1520 1902 1663 1944 Spiritus
1689 1908 1828 1933 sanctus
1847 1899 1963 1939 suerit,
1987 1907 2165 1943 antequam

1176 1945 1280 1977 Filius
1304 1947 1461 1977 assumsit
1484 1946 1659 1977 humanam
1677 1951 1840 1983 naturam,
1863 1944 2040 1985 perspicue
2062 1949 2165 1975 testa-

1176 1996 1229 2021 tur
1254 1989 1385 2027 Petrus,
1409 2001 1482 2021 cum
1500 1990 1603 2030 inquit
1617 1990 1658 2020 de
1671 1987 1864 2030 Prophetis:
1885 1988 2028 2028 Spiritus
2042 1986 2164 2018 Christi

1146 2036 1151 2081 ξ
1176 2033 1207 2063 in
1232 2033 1280 2064 eis
1303 2033 1502 2074 praedicens
1527 2032 1694 2064 Christum
1719 2041 1897 2072 passurum
1922 2041 2006 2062 csse.

1263 2111 1325 2141 Hic
1349 2111 1471 2141 diserte
1493 2110 1681 2141 nominatur
1704 2109 1845 2150 Spiritus
1866 2107 2001 2147 Christi,
2027 2108 2081 2150 qui
2103 2106 2165 2139 fuit

1175 2155 1208 2184 in
1232 2152 1422 2195 Prophetis.
1468 2153 1558 2195 Ergo
1583 2159 1613 2184 et
1639 2159 1689 2184 est
1711 2153 1796 2192 λόγος
1826 2158 1903 2182 ante
1926 2152 2165 2183 assumtionem

1177 2197 1340 2228 humanae
1363 2203 1512 2235 naturae,
1537 2204 1566 2227 et
1593 2197 1709 2227 eodem
1724 2196 1850 2237 Spiritu
1862 2194 2062 2227 sanctificati
2086 2200 2164 2226 sunt

1177 2242 1306 2279 Pau-es,
1330 2240 1531 2281 Prophetae,
1556 2239 1713 2282 Apostoli
1739 2246 1771 2270 et
1794 2249 1910 2271 omnes
1941 2237 2039 2270 electi
2063 2239 2164 2270 omni-

1178 2285 1239 2316 bus
1263 2285 1479 2326 temporibus.

1263 2361 1337 2393 Huc
1361 2368 1391 2393 et
1416 2360 1610 2392 dulcissima
1633 2361 1809 2403 promissio
1840 2359 1961 2392 Esaiae
1989 2359 2042 2391 59.
2066 2360 2164 2400 perti-

1176 2411 1242 2437 net.
1288 2405 1362 2437 Hoc
1396 2403 1513 2436 foedus
1548 2415 1654 2436 meum
1690 2416 1763 2436 cum
1799 2404 1846 2435 eis
1882 2404 1958 2435 dicit
1990 2403 2164 2441 Dominus,

1176 2449 1320 2490 Spiritus
1353 2459 1465 2487 meus,
1501 2449 1556 2490 qui
1591 2454 1641 2479 est
1664 2449 1697 2479 in
1721 2454 1765 2486 te,
1788 2454 1822 2479 et
1844 2449 1947 2479 verba
1969 2457 2052 2484 mea,
2078 2456 2164 2488 quae

1176 2493 1273 2534 posui
1297 2493 1328 2523 in
1353 2502 1411 2532 ore
1433 2498 1503 2530 tuo,
1527 2502 1595 2523 non
1618 2492 1774 2523 recedent
1799 2492 1841 2522 ab
1868 2502 1927 2522 ore
1950 2496 2020 2528 tun,
2044 2499 2108 2521 nec
2120 2489 2162 2519 ab

1177 2546 1235 2567 ore
1260 2535 1396 2566 seminis
1420 2536 1478 2573 tui,
1503 2535 1581 2566 dicit
1603 2534 1779 2573 Dominus,
1806 2535 1963 2576 deinceps
1979 2540 2009 2565 et
2032 2533 2064 2563 in
2078 2542 2163 2564 sem·

1177 2579 1350 2620 piternum.
1397 2577 1546 2610 Eundem
1572 2578 1729 2620 Spiritum
1753 2579 1797 2610 ait
1822 2589 1899 2610 esse
1922 2580 1953 2609 in
1977 2577 2096 2613 lesaia,
2129 2580 2163 2606 et

1176 2623 1210 2653 in
1233 2628 1303 2654 tota
1325 2620 1481 2654 Ecclesia
1504 2623 1547 2654 ad
1570 2632 1700 2654 omnem
1724 2623 1961 2654 aeternitatem.
2005 2619 2081 2651 Non
2103 2619 2163 2662 igi-
