2383 2990
147 120 211 153 367

147 220 259 246 tamen
281 215 498 252 recentioreS,
519 224 594 246 eum
606 219 731 255 negant
754 212 842 244 hanc
864 213 1142 254 propositionem,

146 258 305 290 Essentia
329 264 520 300 generatur,
544 257 718 288 offundunt
741 256 1023 297 imaginationem,
1043 258 1139 298 quasi

147 300 212 333 alia
247 302 411 343 quaedam
447 310 502 331 res
536 307 710 337 nascatur,
747 305 780 329 et
815 300 964 330 essentia
998 300 1142 331 addatur

145 355 214 376 non
238 351 339 382 nata,
367 343 453 374 haec
472 343 663 384 imaginatio
687 340 807 383 procul
831 352 873 373 ex
897 343 1063 374 mentibus
1087 344 1142 374 eii-

147 388 265 419 cienda
289 393 351 425 est,
376 393 408 417 et
431 386 616 423 sciendum,
642 396 717 417 eum
740 383 844 416 Filius
867 386 1036 424 nascitur,
1061 396 1142 417 vere

146 441 221 462 eum
245 431 286 461 de
310 429 458 460 essentia
488 428 600 459 Patris
623 429 735 466 nasci,
766 434 799 459 et
827 429 873 459 ita
903 429 998 459 nasci
1027 438 1142 460 essen-

144 474 222 504 tiam
243 482 328 514 quae
352 471 454 503 Filius
479 478 542 509 est,
555 473 642 503 sicut
664 471 730 502 hoc
753 471 863 512 ipsum
887 472 1011 503 dictum
1030 478 1140 510 sonat,

143 516 240 548 Deus
264 517 306 548 de
328 515 415 554 Deo,
439 514 567 547 Lumen
591 516 632 547 de
655 515 806 546 Lumine.

231 601 304 634 Hac
327 612 409 633 vera
432 602 599 632 sententia
624 601 857 639 considerata,
887 599 989 632 facile
1020 607 1071 632 est
1092 602 1141 633 iu-

145 646 265 678 dicium
289 646 331 677 de
356 643 420 676 illis
446 645 698 686 quaestionibus
723 645 1140 686 1·ecentiomm,ubiquae-

143 695 238 727 runt,
268 699 311 720 an
334 689 368 720 in
392 687 476 719 Filio
510 687 639 720 differat
669 687 815 726 realiter,
839 687 997 719 Essentia
1020 694 1051 719 et
1076 688 1141 719 Re-

143 732 236 771 latio,
261 739 294 763 et
316 742 359 763 an
383 731 514 763 Relatio
540 738 737 773 generetur,
769 731 797 762 si
821 732 968 762 essentia
991 741 1059 762 non
1084 741 1140 773 ge-

142 781 290 807 neratur.
337 775 435 806 Scias
470 782 582 806 autem
616 775 827 807 verissimum
861 775 1011 812 0550,111
1036 773 1141 816 quali-

143 821 200 851 bet
222 828 380 859 persona,
409 818 601 849 Essentiam
624 825 657 849 et
687 817 894 849 Relationem
929 828 1141 859 nequaquam

143 862 277 894 diil'erre
300 861 447 900 realiter,
472 873 536 893 nec
561 871 639 892 esse
663 862 746 892 duas
772 871 827 891 res
850 860 1041 891 Essentiam
1064 860 1140 892 Filii

143 911 176 937 et
199 904 424 943 Relationem,
460 905 529 936 Sed
560 915 678 936 revera
703 903 821 935 Filium
846 914 924 935 esse
958 905 1140 936 essentiam

143 950 300 991 genitam,
324 959 393 980 non
418 947 517 979 aliam
541 958 612 979 rem
635 958 714 979 0550
737 954 860 978 natam.

230 1034 326 1066 Haec
345 1045 426 1066 vera
450 1040 540 1072 sunt,
566 1040 598 1064 et
620 1034 715 1073 pios,
749 1034 804 1074 qui
828 1033 946 1064 dextre
975 1032 1062 1064 haec
1085 1044 1139 1064 ac-

144 1078 286 1119 cipiunt,
310 1077 436 1109 utiliter
460 1078 629 1111 erudiunt,
662 1083 697 1107 ut
721 1083 909 1117 agnoscant
939 1075 1056 1107 Filium
1076 1076 1140 1108 Dei
1163 1097 1166 1103 -

143 1132 224 1153 vere
247 1131 324 1152 esse
350 1122 495 1164 genitam
520 1132 538 1151 a
552 1120 651 1150 Patre
669 1121 861 1157 essentiam,
875 1130 942 1151 11011
968 1120 1051 1150 (11135
1072 1130 1139 1159 res,

142 1175 206 1197 nec
228 1170 354 1195 tantum
379 1163 589 1195 Relationem
613 1171 725 1194 natam
748 1173 838 1194 esse.
873 1163 971 1194 Mens
996 1163 1140 1195 humana

779 118 892 150 PfflL.
911 117 1015 149 MEL.
1035 117 1225 151 SCRIPTA
1241 116 1524 151 DOGMATICA.

2121 118 2188 151 368

1196 224 1276 245 esse
1308 213 1465 245 iustitiam
1498 218 1662 250 nostram,
1697 211 1854 244 videlicet
1885 211 1975 245 hanc
2007 223 2188 254 personam

1197 268 1284 298 quae
1314 256 1435 288 liberat
1456 266 1520 287 nos
1544 266 1565 287 a
1586 262 1730 297 peccato
1754 263 1787 287 et
1811 267 1830 287 a
1853 263 1960 288 morte
1983 265 2132 296 aeterna,
2155 262 2189 289 et

1195 300 1304 331 reddit
1322 300 1424 330 w'tam
1447 305 1629 330 aeternam.
1654 298 1727 331 Hae
1749 300 1973 341 proprietates
1987 299 2069 331 nulli
2094 310 2188 332 crea-

1195 348 1290 373 turae
1319 343 1540 381 conveniunt,
1574 341 1666 384 Ergo
1697 342 1866 374 affirmant
1888 344 1922 375 in
1943 342 2072 376 Messia
2093 349 2189 376 natu-

1199 396 1270 417 ram
1294 386 1439 417 divinam
1463 392 1495 417 et
1517 385 1697 418 humanam
1720 397 1811 418 esse.

1299 548 1361 580 DE
1384 549 1569 581 DUABUS
1592 548 1788 581 NATURIS
1812 549 1858 580 IN
1881 549 2086 581 CHRISTO.

1283 643 1345 675 Hic
1368 644 1555 675 inseramus
1580 645 1767 676 doctrinam
1786 644 1828 675 de
1853 644 1981 676 duabus
2005 645 2133 677 naturis
2155 646 2191 678 in

1195 686 1351 725 Christo,
1382 689 1459 729 quia
1482 688 1515 719 in
1538 689 1735 719 testimoniis
1766 688 1951 729 prudenter
1974 689 2190 721 consideran-

1195 731 1272 762 dum
1298 736 1360 768 est,
1386 732 1442 762 ubi
1467 733 1602 773 proprie
1627 732 1667 762 de
1693 732 1804 762 divina
1828 738 1962 770 natura,
1984 733 2043 764 ubi
2066 733 2108 763 de
2130 733 2191 765 hu-

1194 784 1293 805 mana
1323 773 1515 815 loquantur.
1568 775 1621 806 Ac
1650 776 1791 816 primum
1820 782 1920 806 notus
1949 782 2001 806 est
2028 774 2192 808 articulus

1194 817 1299 855 fidei,
1323 818 1413 859 quod
1436 816 1540 849 Filius
1564 819 1650 858 λόγος
1674 818 1851 849 humanam
1875 825 2030 850 naturam
2062 829 2192 851 assum-

1195 861 1287 899 serit,
1312 861 1357 891 ita
1381 867 1415 892 ut
1439 862 1482 892 sit
1505 860 1596 892 facta
1625 863 1703 893 unio
1730 861 1962 903 hypostatica,
1992 872 2054 894 seu
2076 869 2112 894 ut
2135 861 2193 894 alii

1193 903 1378 945 loquuntur
1405 903 1606 945 personalis.
1664 905 1731 936 lam
1762 905 1817 936 hic
1844 912 2014 946 repetatur
2041 905 2190 938 definitio

1193 957 1372 988 personae,
1396 948 1483 980 sicut
1505 948 1626 980 Latina
1649 948 1806 980 Ecclesia
1829 948 1987 990 loquitur.

1281 1033 1435 1064 Persona
1469 1044 1531 1065 seu
1566 1034 1788 1075 ὑφιστάμενον,
1824 1035 1856 1066 id
1888 1041 1950 1073 est,
1988 1035 2192 1075 subsistens,

1194 1083 1247 1108 est
1272 1077 1461 1107 substantia
1490 1077 1670 1115 individua,
1700 1077 1903 1120 intelligenS,
1934 1079 2192 1112 incommunica-

1195 1119 1283 1157 bilis,
1307 1130 1375 1150 11011
1399 1125 1589 1151 sustentata
1610 1121 1644 1151 in
1667 1119 1752 1159 alio,
1782 1129 1817 1152 ut
1842 1121 1963 1153 Petrus
1987 1128 2040 1154 est
2065 1121 2192 1163 ὀψο-τά-

1193 1176 1295 1203 μευον,
1318 1173 1387 1194 non
1411 1173 1535 1203 corpus
1559 1163 1666 1203 Petri,
1698 1166 1777 1206 quia
1807 1175 1930 1206 corpus
1955 1166 2124 1197 desertum
2146 1166 2190 1197 ab

143 1208 308 1250 cogitanS‚
332 1207 455 1239 format
479 1207 657 1248 imaginem
688 1207 736 1237 rei
761 1207 946 1247 cogitatae,
977 1207 1038 1237 sed
1062 1207 1139 1239 huie
1164 1205 1167 1232 Ι
1193 1208 1304 1238 31111113
1328 1216 1406 1237 mox
1432 1206 1641 1246 dissolvitur,
1677 1218 1782 1249 quare
1807 1219 1882 1239 cum
1917 1207 2007 1240 velut
2038 1215 2192 1251 gestetur

141 1252 277 1293 imagini
300 1262 368 1282 non
393 1252 617 1283 communicat
641 1260 736 1280 suam
760 1251 954 1288 essentiam,
967 1260 1007 1281 ac
1027 1251 1138 1291 imago

140 1296 216 1336 ipsa
250 1301 376 1326 tantum
412 1301 465 1325 est
499 1303 710 1325 evanescens
745 1294 845 1331 aetio,
882 1300 914 1324 et
949 1304 1016 1324 non
1048 1284 1167 1329 vivit.l

140 1339 187 1370 At
216 1344 377 1369 aeternus
406 1337 508 1369 Pater
537 1347 616 1368 sese
646 1338 797 1375 intuens,
829 1337 935 1378 gignit
962 1337 1139 1378 imaginem

142 1382 195 1413 sui
218 1380 492 1419 substantialem,
523 1387 555 1411 et
578 1381 708 1418 vivam,
736 1380 777 1410 de
800 1380 873 1420 ipsa
906 1382 1054 1411 essentia
1077 1380 1138 1412 Pa-

142 1426 215 1463 tris,
241 1435 327 1466 quae
351 1431 404 1456 est
427 1424 572 1463 ὁμούσιος
596 1423 698 1454 Patri.

141 1467 314 1510 aliquanto
347 1470 456 1499 minus
492 1468 638 1499 obscure
672 1467 865 1505 traduntur,
907 1478 1007 1508 (1113111
1049 1468 1140 1508 apud

141 1511 292 1544 Latinos.
339 1511 503 1544 Obiicitur
526 1517 637 1542 autem
659 1510 727 1542 hoc
749 1516 1000 1552 argumentum:

296 1619 414 1660 Idem
447 1633 530 1658 11011
562 1617 695 1671 gignit
727 1632 769 1657 se
803 1617 948 1672 ipsum,

295 1679 482 1720 Essentia
515 1686 578 1718 est,
609 1678 767 1729 eadem,

295 1740 403 1795 Ergo
437 1738 613 1780 essentia
644 1754 728 1779 11011
753 1739 886 1794 gignit
909 1738 1137 1779 essentiam.

230 1858 434 1900 Respondeo
465 1858 508 1889 ad
542 1857 712 1889 maiorem.
769 1856 859 1888 Idem
890 1862 1055 1898 quatenus
1088 1863 1138 1888 est

144 1900 469 1939 incommunicabile,
494 1911 560 1933 non
587 1901 702 1943 gignet
725 1910 821 1938 sese,
853 1901 914 1931 sed
938 1901 1025 1931 idem
1049 1901 1138 1942 quod

145 1953 196 1978 est
221 1944 499 1978 communicabile
520 1945 782 1975 communicatur
794 1944 918 1986 genito.
942 1943 1005 1975 Est
1028 1951 1138 1975 autem

145 1991 295 2022 essentia
319 1986 618 2026 connnunicabilis,
631 1987 723 2030 Ergo
737 1988 1000 2019 communicattn·
1012 1988 1138 2029 genito.

232 2085 406 2116 Addamus
436 2090 547 2115 autem
571 2083 612 2114 de
636 2084 769 2115 duabus
792 2084 920 2114 naturis
945 2084 978 2114 in
1002 2081 1138 2114 Christo

144 2133 178 2160 01.
199 2127 266 2160 1100
290 2128 514 2159 testimonium
536 2127 696 2158 Ieremiae
719 2126 772 2158 23.
798 2133 831 2158 et
854 2126 906 2158 33.
931 2126 1138 2157 Exuscitabo

142 2171 256 2204 David
281 2182 418 2214 germen
441 2171 581 2209 iustum,
604 2176 636 2202 et
660 2171 815 2212 regnabit
838 2181 917 2209 rex,
943 2176 976 2202 et
998 2169 1064 2201 hoc
1089 2176 1139 2200 est

143 2234 266 2256 nomen
290 2234 357 2265 quo
381 2224 552 2254 vocabunt
576 2233 649 2254 eum
668 2221 754 2268 ΠᾊΠἸ
782 2223 907 2254 iustitia
930 2228 1057 2259 nostra,
1076 2222 1139 2263 pri-

143 2287 233 2308 mum
270 2285 344 2307 cum
377 2275 525 2306 nominat
559 2286 695 2317 germen
730 2274 892 2314 Davidis,
922 2274 1069 2317 loquitur
1099 2274 1141 2319 de

143 2318 288 2350 humana
311 2324 448 2357 natura,
476 2318 609 2350 Deinde
638 2319 679 2350 de
709 2329 874 2360 persona,
904 2319 971 2351 hoc
1003 2328 1140 2361 germen

146 2363 208 2394 erit
230 2362 313 2401 Rex,
338 2368 369 2394 et
393 2360 493 2393 faciet
518 2363 676 2393 iudicium
700 2369 733 2394 01.
755 2364 925 2401 iustitiam,
940 2368 972 2394 et
993 2371 1141 2404 persona

145 2405 230 2436 11300
253 2406 496 2444 nominabitur,
524 2406 558 2437 id
588 2411 657 2444 est,
682 2407 896 2438 invocabitur
919 2413 950 2437 et
975 2415 1141 2448 agnosce-

146 2462 200 2488 tur
224 2466 302 2489 esse
335 2456 421 2502 HJU'
453 2458 578 2489 iustitia
593 2453 728 2489 nostra.
775 2458 837 2490 1110
866 2459 981 2490 tribuit
1003 2456 1139 2489 Christo

147 2517 270 2539 nomen
299 2509 440 2548 Iehova,
470 2511 559 2552 quod
591 2510 655 2542 soli
687 2510 762 2541 Deo
788 2511 959 2549 tribuitur,
988 2516 1020 2542 et
1049 2510 1138 2542 addit

150 2550 319 2583 Christum
342 2551 454 2585 facere
477 2554 634 2586 iudicium
658 2560 691 2585 et
715 2554 890 2593 iustitiam,
924 2555 956 2585 id
981 2560 1052 2593 est,
1081 2565 1140 2595 pu-

149 2594 223 2626 nire
244 2595 374 2637 111111105,
398 2604 431 2628 et
452 2598 594 2630 reddere
616 2598 773 2630 iustitiam
797 2599 1023 2631 credentibus.
1057 2597 1140 2630 Item

750 1423 843 1454 Haec
873 1425 962 1465 apud
986 1423 1138 1455 Graecos
1162 1413 1167 1460 l

1193 1251 1235 1281 ab
1261 1251 1388 1288 anima,
1420 1260 1487 1280 non
1520 1251 1658 1282 dicimus
1685 1250 1794 1283 solum
1819 1262 1942 1293 corpus
1968 1262 2047 1283 esse
2069 1262 2188 1294 perso-

1193 1304 1281 1324 nam.
1329 1293 1371 1324 Ut
1402 1300 1512 1325 autem
1541 1293 1655 1336 aliquo
1680 1296 1779 1326 modo
1805 1296 2058 1335 consideretur,
2081 1295 2192 1338 qualis

1194 1338 1234 1368 sit
1260 1338 1337 1368 unio
1363 1336 1577 1379 hypostatica
1602 1339 1740 1369 duarum
1764 1345 1959 1371 naturarum
1987 1340 2021 1370 in
2045 1337 2193 1379 Christo,

1192 1387 1388 1422 repetantur
1411 1381 1466 1412 1110
1490 1380 1588 1412 etiam
1611 1382 1700 1412 modi
1722 1383 1934 1422 praesentiae
1955 1381 2032 1415 Dei.
2103 1387 2106 1389 '

1407 1543 1525 1576 nom
1549 1519 1864 1576 PRAQSENTLOE
1886 1543 1976 1576 Dm.

1279 1638 1411 1670 Primus
1435 1645 1485 1671 est
1514 1639 1705 1681 praesentia
1728 1638 1956 1678 Universalis,
1990 1649 2057 1681 qua
2078 1639 2192 1679 Pater,

1192 1681 1296 1714 Filius
1320 1689 1351 1714 et
1382 1683 1526 1724 Spiritus
1558 1689 1696 1714 sanetus
1727 1683 1849 1714 adsunt
1881 1684 2036 1715 omnibus
2061 1689 2191 1716 creatu-

1192 1727 1251 1764 ris,
1276 1725 1385 1765 coelo,
1416 1733 1537 1765 terrae,
1567 1727 1803 1765 animantibus,
1830 1727 2034 1766 hominibus,
2057 1726 2190 1769 angelis

1192 1771 1290 1801 bonis
1315 1777 1345 1801 et
1376 1769 1492 1808 malis,
1524 1775 1555 1801 et
1588 1771 1794 1801 substantias
1823 1776 2046 1808 conservant,
2080 1771 2192 1803 donec

1193 1812 1311 1845 x'olunt
1347 1824 1405 1845 eas
1442 1824 1659 1845 conservare.
1715 1813 1769 1845 De
1799 1813 1864 1845 1130
1887 1811 2071 1846 universali
2094 1824 2190 1855 prae-

1193 1858 1302 1888 sentia
1336 1857 1456 1888 dieitur
1489 1857 1605 1888 lerem.
1640 1856 1694 1888 33.
1752 1856 1893 1889 Coelum
1922 1864 1955 1889 et
1978 1864 2100 1889 terram
2123 1867 2190 1901 ego

1192 1900 1325 1942 impleo.
1380 1900 1421 1931 Et
1456 1901 1580 1932 Esaiae
1614 1900 1667 1931 66.
1693 1900 1856 1945 nCoelum
1890 1901 1990 1932 sedes
2025 1911 2116 1940 mea,
2157 1906 2192 1934 et

1192 1950 1281 1975 terra
1315 1943 1501 1976 scabellum
1536 1944 1657 1986 pedum
1680 1955 1840 1976 meorum.
1885 1944 1973 1976 Esse
2002 1951 2113 1976 autem
2137 1954 2190 1977 se-

1192 1986 1377 2029 parabilem
1401 1987 1489 2020 hanc
1513 1988 1739 2029 praesentiam
1763 1986 1976 2019 manifestum
2001 1994 2053 2019 est
2075 1989 2110 2020 in
2133 1988 2190 2020 de·
2230 2022 2235 2025 ,

1193 2032 1380 2063 structione
1414 2042 1548 2070 rerum,
1593 2031 1668 2063 ideo
1704 2032 1790 2062 enim
1825 2032 2067 2071 destruuntur,
2112 2032 2192 2074 quia

1192 2074 1287 2107 Deus
1311 2085 1370 2107 eas
1393 2075 1514 2107 diutius
1537 2085 1605 2106 non
1630 2073 1842 2107 conservat.⁴

1282 2161 1460 2193 Secundus
1485 2163 1604 2193 modus
1629 2168 1679 2193 est
1703 2162 1898 2204 praesentia
1920 2162 1955 2193 in
1977 2161 2098 2200 beatis,
2123 2170 2191 2204 qua

1194 2216 1261 2237 11011
1296 2211 1425 2236 1311111111
1460 2212 1706 2237 conservantur
1741 2206 1962 2244 substantiae,
1997 2205 2057 2237 sed
2091 2205 2192 2237 etiam

1165 2255 1167 2264 ⁴
1195 2250 1459 2280 connnunicatnr
1482 2250 1600 2287 beatis,
1631 2248 1705 2288 lux,
1737 2250 1912 2292 sapientia,
1937 2249 2073 2287 iustitia,
2096 2247 2191 2281 laeti-

1195 2293 1241 2323 tia
1265 2292 1346 2328 Dei,
1370 2299 1401 2324 et
1425 2292 1520 2324 Deus
1550 2292 1725 2324 visibiliter
1753 2294 1785 2324 in
1810 2294 1858 2324 eis
1882 2293 1996 2332 adest,
2028 2293 2119 2325 Sicut
2141 2292 2190 2325 in-

1194 2337 1263 2377 quit
1293 2334 1435 2368 Paulus:
1471 2336 1538 2367 Erit
1573 2336 1669 2369 Deus
1695 2338 1804 2369 onmia
1828 2338 1861 2368 111
1885 2337 2052 2375 011111111115,
2075 2342 2190 2368 osten-

1195 2381 1241 2410 dit
1265 2390 1303 2411 se
1327 2380 1376 2411 eis
1401 2386 1433 2411 et
1467 2379 1565 2412 simul
1599 2382 1714 2419 adest,
1749 2387 1780 2412 et
1810 2388 1901 2412 creat
1932 2381 1965 2412 in
1994 2380 2043 2412 eis
2067 2389 2191 2412 novam

1194 2424 1402 2464 sapientiam,
1427 2424 1595 2463 iustitiam,
1620 2424 1791 2463 laetitiam,
1820 2430 1851 2456 et
1874 2423 1962 2456 alios
1990 2430 2102 2455 motus
2125 2422 2191 2465 ipsi

1194 2467 1395 2499 conformes.
1442 2467 1639 2510 Quanquam
1673 2475 1784 2500 autem
1818 2469 1906 2499 beati
1936 2478 2004 2500 non
2028 2467 2190 2499 deserun-

1193 2518 1263 2550 tur,
1301 2518 1409 2542 tamen
1432 2510 1545 2551 Deus,
1582 2519 1612 2543 et
1644 2510 1787 2554 angelus
1819 2513 1959 2550 beatus,
1994 2521 2058 2542 seu
2086 2510 2188 2542 homo

1192 2555 1328 2593 beatus,
1350 2565 1419 2587 non
1442 2561 1520 2588 sunt
1542 2566 1643 2588 111111111
1671 2555 1891 2597 ὑφιστάμενον,
1922 2555 1984 2587 5οᾱ
2010 2555 2109 2587 adest
2138 2553 2187 2587 eis

1193 2599 1366 2631 societate.
