2383 2990
176 130 240 162 211

264 223 330 254 lam
348 221 403 254 hie
426 222 674 253 considerantes
698 219 809 262 qualia
828 226 982 261 portenta
1005 221 1159 252 finxerint

176 266 308 298 Ethnici
342 272 373 297 et
403 265 468 303 alii,
503 265 712 296 discedentes
738 274 758 294 a
791 262 1012 304 patefactione
1037 266 1158 303 divina,

176 319 443 351 expavescamus
474 314 505 339 et
529 306 739 349 deploremus
763 305 938 338 humanam
963 309 1158 339 coecitatem

177 359 209 385 et
243 353 425 388 audaciam,
460 361 544 392 quae
569 349 769 385 horribiliter
791 349 869 381 lusit
894 351 1088 392 excogitatis
1113 358 1158 382 te-

176 397 237 427 tris
261 395 470 436 opinionibus
495 394 536 424 de
550 393 623 424 Deo
642 400 672 424 et
689 394 890 424 monstrosis
904 393 1057 425 cultibus
1089 393 1159 425 Ma-

178 449 243 481 gna
277 448 367 478 pars,
397 443 430 468 ut
454 436 607 476 Epicurei
643 442 673 467 et
698 435 752 467 alii
771 435 881 477 palam
905 437 1057 468 dixerunt
1081 435 1160 467 nihil

176 491 252 512 esse
286 480 403 511 Deum.
450 479 531 517 Alii,
566 480 641 521 quia
675 486 795 510 natura
829 479 972 510 humana
1005 480 1036 510 in
1071 486 1160 510 metu

175 524 299 565 quaerit
325 522 458 564 aliquod
478 533 597 553 numen
622 533 641 553 a
665 533 729 564 quo
753 523 902 561 iuvetur,
926 522 1088 553 finxerunt
1113 523 1160 553 in·

175 565 412 598 numerabilem
435 567 565 597 turbam
579 565 739 596 Deorum.
774 565 858 596 Nam
881 572 916 597 ut
940 566 1080 607 quisque
1103 576 1160 597 an-

176 611 334 652 gebatur,
367 610 411 639 ita
434 619 555 639 numen
581 609 784 640 conveniens
809 619 870 639 suo
895 610 1003 639 timori
1028 608 1160 650 sculpe-

175 654 245 690 bat,
269 651 439 694 agricolae
462 651 574 683 lovem
597 658 761 682 rectorem
785 657 1034 693 tempestatum,
1059 651 1160 683 bella—

174 701 266 727 tores
290 695 443 726 Martem.
489 695 676 725 Simonides
703 695 798 725 deum
824 694 924 726 coluit
949 694 1045 726 Diem
1069 700 1160 735 post-

174 749 278 776 erum,
299 749 319 769 a
342 749 407 780 quo
432 743 573 780 peteret,
608 748 650 768 ne
673 743 811 778 postero
847 738 899 768 die
934 736 1058 779 aliquid
1084 736 1159 768 mali

174 781 237 812 sibi
260 782 446 819 accideret,
481 781 557 822 quia
580 781 749 812 secundae
773 790 827 811 res
851 791 1058 822 nequaquam
1083 786 1161 812 sunt

176 825 360 856 diuturnae.
396 823 491 855 Multi
516 824 614 854 etiam
636 830 786 854 amantes
810 830 841 854 et
864 822 938 854 aliis
972 822 1159 855 adfectibus

174 867 392 905 insanientes,
425 867 487 898 has
511 867 603 907 ipsas
628 867 825 907 cupiditates
848 872 1003 907 tanquam
1028 867 1161 898 numina

176 909 361 948 coluerunt,
381 916 413 942 ut
440 909 646 950 Cupidinem,
672 916 704 940 et
726 908 886 951 ἁιντέρω1α.
934 909 1004 939 Hos
1028 908 1160 940 furores

173 954 288 985 imitati
311 959 389 984 sunt
410 952 561 984 homines
585 953 617 983 in
630 953 694 983 hac
706 959 873 993 postrema
887 958 1023 983 senecta
1037 953 1159 991 mundi,

172 997 206 1028 in
225 997 433 1036 haeresibus,
457 1002 490 1026 et
512 996 544 1026 in
558 996 769 1026 invocatione
782 1001 996 1033 mortuorum,
1020 1001 1055 1026 ut
1068 994 1161 1027 Chri-

174 1039 336 1082 stophori‚
355 1038 504 1081 Georgii,
529 1045 562 1069 et
584 1037 733 1069 aliorum.

261 1116 326 1148 Alii
349 1116 581 1157 sapientiores,
605 1121 641 1146 ut
664 1114 873 1157 Philosophi,
904 1125 1092 1157 quanquam
1117 1115 1162 1146 di·
1184 929 1190 1179 l

176 1161 297 1192 cebant
320 1159 447 1196 Deum,
482 1169 580 1189 unam
609 1159 775 1200 quandam
809 1165 951 1189 mentem
986 1168 1080 1195 esse,
1114 1164 1162 1189 ta-

176 1213 253 1235 men
287 1202 533 1233 diversissimas
570 1202 742 1243 opiniones
777 1202 976 1239 habuerunt,
1000 1207 1035 1232 ut
1058 1201 1162 1233 Stoici

174 1245 355 1287 alligarunt
372 1244 482 1276 Deum
506 1246 616 1276 causis
639 1245 809 1283 secundis,
841 1255 881 1276 ac
901 1246 1055 1276 dixerunt
1077 1255 1162 1283 eum,

177 1299 244 1320 non
264 1288 359 1319 aliter
381 1298 484 1330 agere
505 1298 620 1329 posse,
644 1298 744 1329 quam
763 1289 849 1319 sicut
875 1288 962 1319 cient
976 1298 1098 1319 causae
1111 1298 1163 1319 se-

178 1333 316 1364 cundae.
362 1333 429 1363 Imo
464 1337 496 1362 et
525 1331 690 1363 voluntati
716 1330 880 1363 humanae
900 1330 1085 1362 libertatem
1109 1331 1163 1362 ad-

175 1380 337 1413 emerunt,
360 1385 401 1405 ac
424 1381 602 1406 senserunt
625 1384 699 1404 eam
723 1375 917 1406 necessario
941 1375 1034 1416 sequi
1048 1372 1163 1415 impul-

176 1419 289 1451 siones
314 1418 540 1455 obiectorum,
566 1424 598 1449 et
620 1416 729 1448 Deum
753 1428 818 1448 una
838 1418 925 1448 ciere
949 1417 1024 1448 illas
1048 1415 1163 1458 impul-

175 1462 290 1493 siones
314 1461 357 1492 ad
381 1460 520 1492 scelera.
550 1460 643 1491 Haec
667 1461 774 1501 turpis
798 1461 908 1502 opinio
932 1461 973 1491 de
987 1460 1072 1498 Deo,
1096 1471 1163 1491 non

175 1505 283 1536 minus
306 1505 406 1544 impia
429 1510 461 1535 et
484 1505 673 1535 execranda
696 1510 747 1535 est
772 1514 869 1545 quam
892 1503 1067 1544 Epicurea.
1098 1502 1164 1534 Alii

175 1548 294 1579 eruditi
328 1547 394 1578 alia
429 1548 605 1578 finxerunt.
651 1546 827 1587 Euripides
858 1547 985 1578 dubitat
1008 1557 1050 1578 an
1068 1545 1163 1577 Deus

176 1592 220 1622 eit
243 1590 373 1624 coelum
395 1591 516 1632 ipsum,
535 1600 577 1621 an
600 1600 681 1621 vero
705 1589 795 1621 aliud
818 1590 984 1631 quiddam.

262 1659 354 1691 Haec
388 1660 463 1690 ideo
497 1659 662 1697 recensui,
692 1664 728 1690 ut
751 1665 817 1689 tam
839 1656 989 1689 horribili
1014 1667 1164 1689 errorum

176 1702 337 1734 varietate
361 1702 584 1740 considerata,
608 1712 884 1743 expavescamus,
909 1708 939 1732 et
963 1711 1163 1743 quaeramus

175 1746 210 1777 in
231 1744 387 1777 Ecclesia
408 1745 663 1787 patefactionem
687 1746 841 1782 divinam,
866 1751 898 1775 et
910 1744 984 1775 Deo
1010 1754 1163 1775 reveren-

177 1795 229 1821 ter
253 1790 380 1831 gratias
404 1798 557 1831 agamus,
581 1789 635 1830 qui
658 1798 697 1819 se
718 1787 887 1830 patefecit,
908 1794 940 1819 et
963 1798 1078 1818 verum
1096 1786 1163 1818 De-

176 1843 231 1863 um
255 1833 308 1873 qui
332 1833 489 1873 prodiens
514 1841 555 1862 ex
579 1842 702 1863 arcana
726 1832 806 1862 sede
831 1841 909 1869 sua,
933 1831 1032 1861 certis
1056 1840 1093 1861 se
1118 1837 1163 1861 te·
1187 1835 1193 1892 ἰ

178 1875 342 1908 §timoniis
365 1874 535 1912 revelavit,
560 1881 591 1905 et
614 1874 703 1905 dedit
725 1875 967 1915 promissiones
990 1883 1083 1911 suaS,
1109 1884 1163 1904 su·

175 1929 238 1960 pra
256 1924 288 1949 et.
307 1924 400 1950 extra
420 1924 637 1959 conspectum
652 1924 875 1948 creaturarum
895 1917 1035 1958 positas,
1060 1926 1164 1959 agno-

179 1971 327 1999 scamus,
352 1972 493 2003 eumque
517 1962 548 1992 in
568 1961 654 1992 omni
679 1961 890 1991 invocatione
913 1961 1094 1997 intuentes,
1119 1960 1164 1990 di-

176 2014 375 2036 scernamus
410 2006 452 2036 ab
488 2004 641 2036 omnibus
665 2003 738 2034 aliis
762 2004 803 2034 de
826 2003 901 2034 Deo
924 2003 1163 2045 imaginationi-

177 2049 254 2085 bus,
277 2054 310 2078 et
333 2054 470 2088 pectora
493 2053 609 2078 nostra
632 2053 826 2078 constanter
848 2047 1033 2077 muniamus
1048 2053 1164 2077 contra

178 2089 236 2122 illa
259 2097 396 2131 spectra
418 2091 665 2131 prophanarum
689 2090 976 2132 imaginationum,
1001 2095 1033 2120 et
1056 2089 1164 2120 Deum

179 2144 324 2172 oremus,
342 2139 378 2165 ut
400 2144 463 2165 sua
480 2133 556 2165 luce
577 2144 641 2165 nos
664 2139 775 2175 regat,
800 2143 842 2164 ne
864 2144 884 2164 a
907 2133 1046 2164 veritate
1068 2134 1163 2164 aber-

175 2187 300 2210 remus.
1186 2172 1191 2233 j

265 2253 418 2285 Alterum
441 2254 619 2285 discrimen
643 2259 694 2285 est
718 2263 819 2285 verae
843 2259 875 2284 et
898 2251 1006 2284 salsae
1030 2252 1163 2284 invoca-

178 2297 279 2329 tionis
303 2298 344 2328 de
367 2296 537 2328 voluntate
562 2297 633 2328 Dei.
679 2297 799 2328 Errant
824 2296 964 2333 Ethnici‚
988 2296 1110 2333 ludaei,
1131 2302 1163 2327 et

178 2339 445 2378 Mahometistae,
480 2347 512 2371 et
535 2339 590 2371 alii
613 2340 728 2371 hostes
748 2339 920 2382 Evangelii
945 2340 986 2370 tle
1009 2338 1162 2370 volunta·

179 2388 213 2414 te
235 2383 310 2420 Dei,
334 2386 410 2425 quia
433 2394 496 2415 nec
519 2390 663 2425 possunt
686 2389 850 2421 statuere,
874 2393 936 2414 nec
956 2388 1105 2413 statuunt
1125 2393 1162 2413 se

179 2427 337 2464 exaudiri,
362 2437 436 2458 cum
458 2427 697 2467 promissiones
720 2427 874 2468 ignorent
889 2433 918 2457 et
932 2431 1162 2467 aspernentur,

180 2474 214 2499 et
247 2470 409 2501 accedere
441 2471 484 2501 ad
507 2469 615 2501 Deum
645 2470 716 2500 sine
740 2470 923 2500 Mediatore
946 2467 1071 2500 volunt.
1117 2468 1162 2499 At

180 2510 268 2543 filius
291 2511 354 2543 Dei
386 2523 547 2554 expresse
581 2514 674 2544 dicit:
719 2513 824 2544 Nemo
849 2518 959 2553 potest
981 2512 1097 2543 venire
1119 2512 1162 2543 ad

181 2555 326 2592 Patrem,
360 2556 423 2586 nisi
457 2567 516 2597 per
538 2555 664 2587 Filium.
715 2555 797 2587 Cum
831 2556 929 2597 igitur
963 2565 1056 2586 mens
1090 2555 1162 2586 sine

179 2598 413 2640 promissione,
438 2605 468 2630 et
490 2600 563 2631 sine
585 2600 753 2642 agnitione
776 2598 971 2630 Mediatoris
994 2608 1062 2630 non
1085 2608 1161 2639 pos-

812 125 926 158 P111L.
948 125 1054 158 MEL.
1067 125 1257 160 SCRlPTA
1279 126 1562 160 DOGMATICA.

2132 130 2197 162 212

1214 223 1256 253 sit
1279 222 1320 253 ad
1334 221 1442 253 Deum
1465 222 1639 260 accedere,
1664 221 1872 254 manifestum
1885 228 1936 254 est
1953 223 2198 256 invocationem

1213 264 1348 296 aliarum
1373 266 1529 307 gentium,
1554 276 1640 307 (Dae
1666 266 1904 306 promissiones
1927 272 1958 298 et
1981 266 2199 300 Mediatorem

1214 314 1439 346 contemnunt,
1465 309 1652 340 damnatam
1676 319 1763 341 esse.

1300 393 1395 425 Hanc
1419 394 1677 425 admonitionem
1701 395 1742 426 de
1771 395 1959 427 discrimine
1982 405 2084 426 verae
2106 396 2197 427 invo-

1215 437 1355 467 cationis
1380 435 1541 475 etfalsae,
1567 438 1793 468 necessariam
1817 448 1894 469 esse
1906 448 1974 472 non
1987 439 2118 469 dubium
2133 444 2196 476 est,

1214 490 1311 521 quam
1335 486 1368 510 nt
1393 478 1586 511 familiarem
1611 482 1707 512 nobis
1727 480 1906 518 faciamus,
1931 482 2061 522 quoties
2085 482 2198 522 incipi-

1214 533 1285 553 mus
1309 524 1535 563 precationem
1559 530 1589 554 et
1613 524 1791 565 gratiarum
1815 525 1990 562 actionem,
2015 530 2122 555 mente
2152 526 2198 555 in-

1213 571 1363 596 tueamur
1386 566 1592 607 Baptismum
1617 565 1751 598 Christi.
1777 572 1809 597 et
1833 568 2016 607 cogitemus
2041 574 2120 598 tunc
2132 566 2198 598 De-

1214 620 1266 639 um
1291 608 1476 640 clarissime
1499 620 1537 639 se
1560 609 1770 650 patefecisse,
1795 620 1857 641 nec
1881 609 2006 641 frustra
2025 616 2080 641 aut
2093 609 2198 641 solius

1215 651 1370 682 lobannis
1395 662 1497 683 causa
1517 663 1588 683 eam
1608 652 1864 693 patefactionem
1888 652 2011 683 factam
2034 663 2110 684 esse
2133 653 2199 684 exi-

1214 695 1396 732 stimemus,
1415 695 1476 725 sed
1498 702 1633 736 propter
1656 697 1847 727 universam
1870 695 2069 728 Ecclesiam.

1299 780 1370 811 Nec
1404 786 1454 811 est
1489 781 1631 812 otiosum
1663 780 1892 822 spectaculum
1926 780 1983 812 illa
2006 781 2200 813 admiranda

1212 822 1384 861 revelatio,
1410 824 1503 854 cuius
1526 823 1617 855 nulla
1636 823 1750 855 similis
1775 823 1913 867 legitur,
1949 825 2010 855 sed
2035 830 2086 855 est
2109 826 2200 855 testi-

1215 867 1371 904 monium,
1406 878 1470 907 quo
1507 868 1682 899 manifeste
1718 869 1863 899 ostendit
1886 867 2000 905 Deus,
2034 877 2114 898 vere
2137 867 2202 898 sibi

1213 919 1314 951 curae
1349 920 1425 940 esse
1455 909 1652 948 Ecclesiam,
1687 920 1724 941 se
1758 912 1879 942 adesse
1902 912 1935 941 in
1958 909 2131 948 Ecclesia,
2169 915 2200 942 et

1215 951 1301 983 velle
1325 953 1421 983 nobis
1446 963 1541 993 opem
1566 952 1662 984 ferre.
1697 953 1794 984 Mens
1818 954 1917 996 igitur
1935 954 2019 984 sciat
2038 953 2127 985 hunc
2150 963 2202 984 es-

1214 1005 1252 1026 se
1285 1002 1454 1026 aeternum
1489 995 1622 1027 Patrem
1657 996 1789 1028 Domini
1824 997 1929 1027 nostri
1967 996 2042 1028 lesu
2065 995 2201 1035 Christi,

1214 1039 1269 1080 qui
1303 1039 1346 1069 ibi
1384 1039 1423 1069 de
1447 1037 1530 1069 Filio
1555 1040 1619 1070 edit
1643 1040 1730 1071 hanc
1755 1050 1888 1070 vocem:
1936 1039 1998 1071 Hic
2022 1045 2075 1070 est
2097 1038 2201 1070 Filius

1215 1091 1307 1112 meus
1343 1079 1492 1112 dilectus.
1540 1082 1670 1113 Deinde
1700 1082 1817 1113 Filium
1852 1092 1929 1113 esse
1964 1083 2078 1120 scias,
2111 1082 2202 1113 hunc

1214 1130 1358 1155 stantem
1381 1125 1412 1155 in
1438 1124 1586 1160 flumine,
1620 1126 1778 1165 Spiritum
1812 1132 1963 1157 sanctum
1986 1136 2068 1156 vero
2088 1126 2203 1166 specie

1216 1166 1390 1199 columbae
1414 1168 1611 1199 insidentem
1635 1167 1728 1199 Filio.

1301 1253 1396 1284 Hanc
1430 1251 1686 1294 patefactionem
1715 1254 1866 1291 intuens,
1902 1253 1992 1284 hunc
2016 1253 2125 1285 Deum
2147 1254 2202 1295 qui

1216 1306 1253 1327 se
1276 1295 1398 1327 illustri
1422 1297 1610 1328 testimonio
1633 1297 1677 1327 ibi
1702 1297 1858 1335 ostendit,
1882 1295 2077 1338 alloquaris,
2098 1303 2131 1328 et
2154 1303 2202 1328 tu—

1216 1350 1268 1371 am
1302 1340 1545 1371 invocationem
1579 1341 1621 1371 ab
1655 1338 1793 1371 aliarum
1818 1340 1963 1381 gentium
1988 1340 2202 1372 invocatione

1217 1384 1386 1424 seiungas,
1411 1388 1442 1414 et
1465 1389 1501 1414 ut
1523 1389 1556 1413 te
1579 1383 1620 1413 ad
1641 1383 1873 1424 cogitationem
1890 1381 1988 1414 huius
2003 1382 2201 1414 discriminis

1215 1427 1322 1468 magis
1346 1425 1533 1463 exuscites,
1567 1425 1678 1457 locum
1702 1433 1733 1457 et
1756 1432 1883 1467 tempus
1908 1423 2142 1466 patefactionis
2166 1424 2202 1456 il-

1216 1468 1278 1500 lius
1304 1469 1445 1510 cogiteS,
1469 1475 1501 1499 et
1526 1468 1617 1500 velut
1640 1476 1750 1500 mente
1769 1469 1967 1510 ingrediaris
1980 1469 2011 1499 in
2025 1467 2113 1499 illum
2127 1467 2203 1499 hor-

1216 1518 1282 1542 tum
1307 1511 1339 1542 in
1364 1512 1433 1553 ripa
1458 1512 1623 1548 iordanis,
1658 1513 1714 1543 ubi
1743 1513 1828 1542 inter
1851 1510 2003 1552 Angelos
2027 1517 2059 1542 et
2081 1510 2203 1543 multos

1216 1561 1372 1592 sanctos,
1408 1555 1461 1596 qui
1497 1565 1562 1586 una
1597 1553 1772 1586 adfuerunt
1805 1556 1837 1585 in
1871 1554 2042 1594 Baptismo
2067 1553 2203 1593 Christi,

1217 1603 1441 1639 spectatorem
1464 1604 1497 1628 et
1519 1598 1703 1629 auditorem
1727 1604 1840 1629 tantae
1858 1596 2072 1628 revelationis
2097 1603 2130 1628 te
2153 1607 2203 1628 es-

1216 1651 1254 1672 se
1279 1641 1421 1682 cogites,
1447 1641 1532 1671 sicut
1556 1651 1635 1672 vere
1659 1651 1785 1678 sumus,
1810 1651 1884 1672 cum
1908 1639 1973 1670 fide
1986 1646 2135 1671 nostram
2155 1640 2203 1671 in-

1217 1684 1427 1715 vocationem
1463 1684 1634 1725 dirigimus
1665 1684 1707 1714 ad
1732 1683 1855 1721 Deum,
1878 1683 1933 1724 qui
1957 1684 2000 1714 ibi
2025 1693 2063 1713 se
2086 1682 2203 1714 Eccle-

1217 1728 1285 1758 siae
1309 1727 1465 1758 ostendit.
1511 1727 1583 1758 Nec
1602 1733 1754 1768 putemus
1779 1725 1886 1758 solum
1908 1726 2105 1767 Baptistam,
2128 1735 2203 1767 spe-

1218 1776 1379 1802 ctatorem
1413 1769 1469 1800 vel
1502 1770 1685 1801 auditorem
1716 1768 1830 1801 fuisse.
1877 1769 1944 1800 Sed
1978 1779 2045 1800 non
2069 1770 2203 1800 dubium

1217 1820 1279 1851 est,
1303 1814 1347 1844 ibi
1372 1823 1513 1855 magnos
1537 1812 1733 1855 angelorum
1756 1813 1830 1844 Deo
1854 1811 2054 1853 placentium
2078 1812 2203 1843 exerci-

1216 1863 1269 1887 tus
1294 1854 1418 1893 fuisse,
1449 1862 1480 1887 et
1505 1862 1766 1888 consentaneum
1789 1862 1859 1893 est,
1892 1854 2041 1887 adfuisse
2065 1861 2203 1886 matrem

1216 1899 1366 1937 Mariam,
1390 1905 1422 1930 et
1446 1898 1569 1931 multos
1592 1899 1765 1941 Baptistae
1789 1899 1973 1930 auditores.

1303 1993 1357 2024 Ad
1387 1993 1475 2024 hanc
1502 1992 1758 2034 patefactionem
1781 1992 1952 2034 adiungito
1977 2000 2094 2022 omnes
2118 1990 2203 2024 altas

1216 2038 1249 2068 in
1272 2037 1447 2068 mlttctione
1472 2046 1512 2066 ex
1537 2036 1693 2078 Aegypto
1718 2034 1838 2072 factas,
1863 2046 2001 2076 quarum
2026 2035 2202 2077 cogitatio·

1216 2090 1258 2111 ne
1281 2079 1378 2111 fidem
1403 2079 1593 2116 confirmes,
1628 2086 1658 2109 et
1683 2079 1806 2120 dirigas
1830 2079 2077 2109 invocationem
2100 2078 2143 2109 ad
2167 2079 2203 2111 il·

1217 2123 1283 2154 lum
1307 2133 1421 2154 verum
1444 2122 1565 2159 Deum,
1590 2123 1644 2163 qui
1669 2132 1706 2152 se
1730 2123 1771 2152 ab
1797 2122 1886 2152 initio
1911 2122 1942 2152 in
1968 2120 2123 2152 Ecclesia
2145 2131 2202 2162 pa-

1218 2165 1349 2203 tefecit,
1384 2172 1415 2197 et
1445 2166 1581 2197 verbum
1613 2171 1644 2196 et
1669 2165 1909 2206 promissiones
1935 2165 2006 2195 eius
2030 2165 2200 2202 intuearis,

1217 2216 1249 2241 et
1283 2210 1371 2240 scias
1405 2214 1437 2240 tc
1470 2218 1538 2239 non
1560 2207 1649 2239 aliud
1681 2218 1799 2239 numen
1824 2209 1993 2245 invocare,
2028 2208 2091 2238 nisi
2114 2207 2203 2239 huno

1216 2263 1330 2284 verum
1355 2251 1461 2283 Deum
1495 2261 1627 2292 semper
1661 2252 1691 2282 in
1717 2250 1871 2283 Ecclesia
1905 2249 2118 2292 patefactum,
2149 2260 2202 2282 sa-

1215 2297 1377 2337 pientem,
1400 2305 1572 2332 veracem,
1592 2296 1729 2331 iustum,
1759 2294 2200 2331 castum„misericordem,

1216 2340 1301 2370 sicut
1326 2338 1513 2379 Prophetae
1537 2344 1566 2369 et
1589 2337 1743 2378 Apostoli
1767 2347 1829 2368 nos
1853 2338 1895 2367 ad
1920 2336 1982 2367 has
2006 2336 2200 2378 patefactio·

1215 2393 1275 2414 nes
1300 2383 1478 2418 deducunt,
1502 2387 1535 2412 ut
1551 2381 1669 2412 Aona.
1695 2382 1796 2422 inquit
1811 2380 1942 2417 Petrus,
1976 2379 2072 2410 Deus
2094 2379 2201 2410 Abra-

1216 2426 1303 2463 ham,
1327 2432 1359 2456 et
1383 2424 1475 2456 Dens
1501 2424 1605 2459 lsaac,
1631 2432 1661 2455 et
1686 2424 1780 2455 Deus
1804 2423 1902 2454 lacob
1927 2422 2127 2464 glorificavit
2149 2422 2199 2453 Fi-

1215 2468 1293 2501 lium
1314 2479 1409 2500 suum
1433 2467 1551 2506 lesum,
1575 2479 1673 2509 quem
1697 2477 1759 2498 vos
1784 2466 1975 2498 tradidistis,

1301 2555 1394 2586 Sicut
1416 2560 1525 2585 autem
1547 2554 1578 2584 in
1602 2553 1812 2584 invocatione
1832 2552 1970 2594 cogitari
1994 2550 2061 2581 hoc
2085 2550 2201 2582 discri-

1213 2608 1290 2630 men
1319 2596 1476 2629 verbDei
1508 2608 1529 2629 a
1562 2597 1800 2628 commenticiis
1833 2595 2021 2627 numinibus
2055 2603 2202 2626 necesse
