2383 2990
180 145 246 178 349
831 143 873 174 V.
902 134 1171 175 EXPLICATIO
1198 142 1400 176 SYMBOLI
1424 142 1585 176 NICENI.
2166 143 2231 176 350

177 350 450 391 illustrissimo
483 349 660 403 Principi
693 364 741 389 ac
773 348 971 399 Domino,
1020 347 1071 388 D.
1113 347 1293 401 Georgio
1332 347 1537 388 Friderieo
1578 347 1806 389 Marehioni
1852 347 2228 403 Brandeburgensi,

302 410 450 453 stetini
482 418 525 451 et
558 411 827 451 Pomeraniae
861 417 936 450 ete.
970 409 1078 449 Duci
1111 416 1185 449 etc.
1222 409 1478 463 Burggravio
1511 409 1813 464 Nor-ibergensi,
1848 409 2028 450 Domino
2064 425 2138 450 suo

971 470 1297 511 clementissima
1333 472 1370 511 S.
1394 470 1443 510 D.

388 591 470 620 Anni
491 594 562 620 sunt
582 590 731 623 sedecim,
758 600 825 619 cnm
851 590 879 618 in
904 590 1074 619 Academia
1087 590 1320 629 &Vitebergensi
1335 589 1553 618 enarrationem
1568 588 1708 628 Symboli
1732 588 1841 618 Niceni
1866 589 2019 619 inchoavit
2042 590 2230 620 reverendus

178 637 222 667 vir
253 634 374 674 Caspar
397 634 540 673 Cruciger
569 644 677 664 sacrae
701 633 893 673 Theologiae
924 634 1056 668 Doctor,
1093 634 1131 663 de
1163 633 1296 663 consilio
1328 638 1357 663 et
1389 634 1544 662 sententia
1568 633 1702 672 Philippi
1727 633 1954 667 indamnatus,
1991 644 2028 663 eo
2052 634 2135 673 quod
2158 638 2232 674 post

177 681 293 720 scripta
316 679 502 718 Prophetica
533 683 563 708 et
586 677 770 718 Apostolica
802 683 832 707 et
857 677 1036 717 Symbolum
1063 678 1299 717 Apostolorum.
1333 677 1424 706 huius
1449 676 1558 706 Nice-ni
1585 676 1726 716 Symboli
1750 678 1913 716 praecipua
1944 677 1999 707 fuit
2028 679 2175 708 autoritas
2200 679 2230 708 in

176 724 332 754 Ecclesia.
368 723 534 753 Conditum
560 722 588 751 id
614 726 674 757 est,
699 732 809 761 magno
835 732 992 751 consensu
1017 732 1033 750 a
1058 721 1203 751 Patribus
1225 722 1370 751 trecentis
1395 721 1567 751 octodecim
1593 722 1621 750 in
1647 722 1719 750 urhe
1740 720 1904 761 Bithyniae
1918 721 2017 751 Nicea
2039 723 2230 762 temporibus

179 766 371 798 Constantini
407 767 510 805 Magni
543 770 648 795 contra
670 767 791 795 Arrium
817 765 1045 795 Alexandrinae
1071 765 1234 795 Ecclesiae
1263 765 1482 805 Presbyterum
1507 769 1661 795 serentem
1694 766 1817 805 impium
1843 765 1954 804 dogma
1974 770 2077 796 astute
2098 767 2231 797 sucatum

178 817 281 842 contra
306 812 493 841 divinitatem
519 809 644 840 Christi.
676 809 744 839 Etsi
771 814 873 839 autem
894 811 1000 849 primis
1026 810 1118 840 huius
1144 810 1275 839 incendii
1297 811 1392 839 initiis
1418 813 1532 839 mature
1557 810 1688 839 occurrit
1713 808 1939 839 Constantinus
1960 808 2143 850 Imperator,
2170 822 2230 841 non

176 861 278 888 tamen
299 857 476 886 restinctum
502 858 551 884 est
575 859 663 889 tunc,
696 854 760 883 Sed
785 854 942 893 aliquanto
967 858 1038 893 post
1070 854 1162 883 latins
1189 856 1216 883 in
1245 855 1320 883 Asia
1344 858 1484 893 vagatum
1514 857 1571 883 est.
1618 853 1780 892 Nunquam
1806 855 1885 883 enim
1911 855 2045 893 quiescit
2067 854 2231 891 Diabolus,

176 901 235 931 sed
261 912 328 930 cnm
353 901 395 930 sit
418 899 572 929 homicida
597 903 626 928 et
650 899 780 928 mendax
805 902 835 928 et
860 898 963 927 ardeat
985 898 1118 927 horribili
1141 898 1212 927 odio
1227 898 1298 933 Dei,
1323 898 1468 927 utDeum
1490 897 1676 927 contumelia
1699 897 1811 927 afliciat
1835 903 1865 927 et
1879 897 2054 928 Ecclesiam
2080 899 2231 934 devastet,

177 949 335 985 oppugnat
358 944 436 973 hanc
460 947 590 982 utroque
611 942 712 975 modo,
733 943 863 972 saevitia
888 947 980 981 atque
1002 942 1181 971 crudelitate
1202 941 1393 982 Tyrannicae
1418 942 1686 982 persequutionis,
1718 946 1748 972 et
1773 942 1862 971 salsis
1883 941 2095 980 dogmatibus,
2127 942 2232 983 impel-

176 989 269 1019 lendo
294 988 374 1018 levia
398 988 521 1026 ingenia
543 987 581 1016 ad
606 987 797 1027 spargendas
822 988 931 1026 impias
957 988 1135 1025 opiniones,
1163 986 1330 1026 harumque
1355 987 1494 1025 contagia
1519 986 1731 1025 propagando,
1762 991 1792 1016 et
1816 987 1970 1015 incitando
1996 986 2174 1026 Tymmos,
2200 991 2233 1017 ut

177 1033 398 1073 suppliciorum
424 1034 458 1060 ac
484 1031 622 1060 caedium
649 1032 835 1060 immanitate
859 1031 963 1060 delere
990 1030 1164 1060 Ecclesiam
1192 1036 1346 1060 conentur.
1395 1030 1455 1060 Vix
1480 1030 1607 1059 liberata
1631 1030 1775 1059 Ecclesia
1803 1041 1821 1059 a
1853 1030 2010 1070 tyrannide
2036 1030 2231 1066 Diocletiani,

177 1077 334 1107 Maximini
361 1079 391 1106 et
415 1075 536 1109 Licinii,
562 1076 758 1114 acquieverat
783 1073 1022 1114 aliquantulum,
1059 1085 1125 1104 cnm
1159 1075 1331 1104 incendium
1363 1074 1421 1104 hoc
1445 1075 1554 1104 Arrius
1569 1075 1596 1103 in
1624 1075 1767 1114 Aegypto
1789 1075 1933 1104 excitavit
1957 1074 2063 1104 dolore
2088 1075 2233 1115 repulsae

176 1125 210 1152 ut
229 1121 381 1155 scribunt,
415 1120 494 1159 quod
522 1118 745 1159 Episcopainm
771 1119 1011 1148 Alexandrinum
1037 1120 1191 1151 ambienti,
1216 1119 1372 1158 praelatus
1397 1122 1485 1147 esset
1511 1117 1701 1148 Alexander:
1732 1118 1779 1148 Re
1804 1119 1871 1158 ipsa
1896 1118 1975 1148 idem
2002 1120 2118 1154 sensit,
2149 1119 2233 1159 quod

177 1169 247 1196 ante
272 1165 439 1195 docuerant
463 1163 563 1193 Ebion
589 1165 813 1192 Simos-atomis
839 1168 869 1192 et
893 1163 1014 1192 similes
1039 1162 1099 1191 alii.
1148 1163 1213 1192 Sed
1245 1174 1312 1192 cum
1339 1174 1396 1192 non
1421 1162 1548 1192 auderet
1573 1173 1723 1202 expresse
1755 1173 1868 1201 negare
1889 1163 1974 1202 λόγοι
1998 1173 2072 1192 esse
2101 1162 2232 1205 υφιστιί-

176 1222 276 1250 peior,
302 1212 404 1238 astute
429 1207 521 1237 alium
546 1208 730 1244 excowitmit
756 1208 866 1236 suc.nm
917 1207 1001 1236 Dixit
1026 1218 1084 1236 non
1110 1218 1185 1235 csse
1211 1212 1405 1237 coaeternnm
1429 1207 1505 1246 patri
1530 1206 1618 1246 7670»
1627 1229 1633 1240 ‚
1665 1207 1723 1235 sed
1748 1217 1897 1236 summam
1930 1210 2097 1237 creaturam
2130 1208 2232 1237 condi-

176 1257 237 1284 tam
263 1263 301 1282 ex
326 1251 432 1282 nihilo.
480 1250 514 1281 ld
538 1253 617 1281 enim
643 1251 801 1283 formulae.
827 1252 940 1290 quihus
965 1262 1042 1280 nsns
1067 1255 1126 1283 e,st
1153 1252 1329 1285 ostendunt,
1351 1252 1386 1290 ἦν
1409 1263 1494 1288 nore,
1518 1248 1564 1280 0⁵1⁶
1589 1249 1642 1281 οὐκ
1667 1252 1700 1289 ἢν
1723 1250 1830 1290 ὶόγος,
1861 1250 1919 1280 hoc
1944 1256 2012 1285 est,
2043 1256 2106 1281 erat
2137 1256 2232 1291 pater,

177 1308 246 1328 cum
271 1297 403 1326 nondum
429 1299 519 1325 esset
541 1295 638 1335 ὶόμις.
686 1295 770 1329 Item,
797 1295 871 1325 dixit
891 1306 965 1323 esse
990 1292 1076 1334 70'701
1100 1298 1130 1333 εξ
1154 1294 1206 1325 οὐκ
1230 1295 1334 1334 «hum,
1359 1304 1396 1324 ex
1420 1306 1479 1324 non
1500 1295 1719 1329 existentibus,
1746 1294 1777 1324 id
1796 1299 1856 1330 est,
1882 1305 1920 1324 ex
1944 1295 2049 1326 nihilo.
2097 1294 2234 1335 Negavit

178 1351 250 1382 ergo
275 1351 308 1371 re
332 1342 401 1380 ipsa
424 1339 536 1369 Filium
562 1350 636 1369 esse
661 1339 699 1369 de
724 1340 864 1369 essentia
887 1338 988 1368 Patris
1014 1343 1044 1369 et
1070 1340 1321 1379 omnipotentem.

388 1418 489 1448 Huius
514 1418 772 1457 interpretationis
798 1422 827 1447 et
851 1419 1025 1447 sententiae
1051 1428 1117 1447 cnm
1150 1417 1277 1448 haberet
1301 1418 1521 1456 suffragatores
1546 1417 1664 1457 aliquot
1688 1416 1883 1457 Episcopos,
1914 1422 1945 1448 et
1970 1419 2087 1457 privata
2110 1418 2230 1449 dissen-

176 1464 226 1494 sio
251 1464 279 1493 in
303 1462 498 1493 manifestam
524 1466 695 1502 erumperet
722 1461 932 1491 Ecclesiarnm
958 1462 986 1491 d.
991 1463 1203 1497 structionem,
1229 1460 1453 1492 (onstantinus
1479 1462 1579 1492 edicto
1604 1461 1729 1501 publico
1753 1463 1934 1492 coruocavit
1966 1472 2072 1492 omnes
2098 1462 2229 1502 Episco-

174 1518 234 1549 pos
260 1508 289 1537 in
309 1507 415 1537 urbem
440 1505 606 1546 Bithyniae
631 1505 792 1540 Niceam‚⁸
808 1510 840 1536 ut
864 1507 932 1535 ibi
927 1517 954 1535 in
980 1506 1108 1540 anodo
1139 1506 1177 1535 de
1202 1506 1400 1535 consessione
1425 1505 1614 1544 singulorum
1639 1510 1671 1535 et
1689 1506 1892 1541 testimoniis,
1928 1506 2043 1546 quibus
2067 1507 2227 1538 consessio

177 1553 333 1589 niteretur,
357 1550 507 1591 dirempta
530 1550 687 1580 discordia
710 1551 948 1580 constitueretur
971 1561 1030 1580 una
1054 1555 1085 1580 et
1109 1551 1307 1580 consentiens
1331 1550 1427 1580 torma
1451 1539 1605 1580 doctrinae
1629 1550 1668 1579 de
1688 1549 1768 1580 Filio
1792 1549 1861 1580 Dei

388 1636 608 1668 Convenerunt
631 1648 704 1678 ergo
727 1639 854 1668 trecenti
887 1642 917 1667 et
941 1638 1113 1667 octodecim
1138 1637 1307 1678 Episcopi,
1340 1638 1418 1667 inter
1441 1648 1520 1677 quos
1551 1637 1636 1667 multi
1662 1638 1783 1667 suerunt
1812 1637 1942 1668 mutilati
1966 1638 2070 1678 aliqua
2093 1640 2230 1679 corporis

176 1686 261 1736 parte
285 1682 346 1712 sub
368 1682 565 1713 Diocletiano
589 1682 756 1712 Maximino
782 1686 813 1712 et
837 1681 967 1717 Licinio,
992 1683 1044 1711 viri
1071 1683 1195 1722 pictate.
1221 1682 1368 1717 doctrina,
1392 1683 1554 1712 sanctitate
1578 1683 1670 1716 vitae,
1691 1683 1862 1711 constantia
1876 1682 2095 1717 consessionis,
2119 1688 2231 1720 aetate,

176 1728 317 1767 insignes
343 1730 372 1756 et
397 1727 575 1763 admirandi
601 1728 651 1766 qui
672 1737 740 1756 cum
766 1727 990 1766 opposnissent
1014 1727 1102 1755 Arrio
1129 1731 1220 1766 capnt
1243 1728 1372 1766 primum
1393 1725 1537 1756 Iohannis
1561 1729 1612 1757 καὶ
1628 1726 1703 1762 &ng
1723 1721 1756 1765 ἦν
1774 1725 1790 1757 ὁ
1809 1727 1912 1766 ὶόγοςε
1932 1726 1971 1757 Et
1986 1727 2068 1757 dicta
2087 1727 2126 1757 de
2139 1729 2232 1757 omni-

176 1771 314 1812 potentia
336 1770 407 1800 Filii
432 1775 465 1801 ut
488 1770 633 1800 Iohannis
654 1771 760 1810 primo,
785 1770 896 1799 Omnia
919 1781 974 1810 per
997 1771 1097 1810 ipsum
1124 1770 1204 1800 sacta
1227 1776 1309 1801 sunt.
1356 1770 1442 1804 ltern,
1468 1770 1534 1805 Euo
1559 1772 1651 1800 vitam
1675 1776 1828 1800 aeternam
1848 1771 1887 1800 do
1912 1772 1967 1801 eis.
2015 1772 2092 1801 Sine
2116 1781 2166 1801 me
2190 1773 2232 1801 ni—

176 1815 220 1846 hil
243 1815 379 1855 potestis
404 1814 515 1845 facere.
562 1815 603 1845 Et
626 1814 736 1844 Matth.
761 1817 810 1845 18.
859 1814 1044 1854 Ubicunque
1069 1820 1141 1844 sunt
1166 1815 1226 1844 duo
1250 1819 1301 1845 aut
1330 1819 1393 1845 tres
1418 1816 1592 1854 congregati
1619 1817 1647 1845 in
1680 1816 1801 1844 nomine
1825 1826 1912 1850 meo,
1949 1816 1978 1845 in
2003 1815 2105 1845 medio
2126 1826 2231 1846 eorum

176 1870 258 1892 sum.
305 1857 474 1889 Colossen.
502 1862 527 1889 1.
576 1859 688 1889 Omnia
711 1869 766 1898 per
790 1859 889 1898 ipsum
916 1864 946 1889 et
971 1860 998 1888 in
1025 1860 1125 1899 ipsum
1151 1860 1273 1889 condita
1293 1864 1374 1892 sunt,
1401 1864 1431 1889 et
1455 1860 1554 1888 omnia
1579 1870 1631 1899 per
1650 1870 1718 1889 enm
1745 1860 1927 1889 consistunt.
1972 1859 2084 1890 Ebrae.
2112 1863 2138 1889 1.
2171 1859 2232 1890 Per

176 1914 268 1944 quem
293 1907 324 1933 et
347 1903 455 1933 secula
480 1903 568 1937 fecit,
605 1905 656 1943 qui
681 1907 730 1932 est
760 1902 861 1942 fulgor
884 1903 1000 1942 gloriae
1025 1908 1056 1933 et
1080 1903 1200 1942 efligies
1224 1904 1418 1933 substantiae
1450 1905 1518 1933 eius
1549 1908 1731 1933 sustentans
1756 1905 1866 1933 omnia.
1914 1905 2056 1943 Denique
2086 1903 2168 1934 dicta
2192 1904 2231 1934 de

176 1948 381 1981 invocatione.
407 1958 486 1987 quae
509 1951 660 1978 testantur
683 1947 794 1977 Filium
819 1949 1058 1987 ‹unnipotentem
1083 1958 1168 1982 esse,
1195 1949 1323 1977 Adesse
1348 1949 1472 1987 ubique,
1497 1949 1698 1988 introspicere
1722 1958 1758 1977 ac
1778 1958 1964 1987 pernoscere
1989 1948 2111 1978 abditos
2137 1952 2231 1987 atque

177 1991 318 2022 occultos
343 1993 509 2021 animorum
534 2002 668 2025 sensus,
705 1992 849 2021 exaudire
873 1997 966 2031 atque
998 1991 1138 2031 opitulari
1164 1992 1290 2032 ubique,
1315 2003 1394 2032 qnae
1423 1992 1544 2022 divinae
1569 1996 1692 2022 naturae
1717 1997 1788 2021 sunt
1812 1993 1948 2032 propria,
1975 1992 2032 2022 His
2057 2003 2129 2031 ergo
2161 2003 2230 2023 curn

175 2037 257 2066 Arrii
289 2040 493 2066 commentum
525 2036 684 2066 evidenter
707 2036 917 2070 refutassent,
943 2036 1160 2066 concluserunt
1189 2047 1227 2066 ex
1251 2037 1393 2066 collectis
1418 2037 1604 2066 testimoniis
1637 2037 1805 2076 scripturae
1837 2040 1940 2066 contra
1971 2036 2092 2066 Arrium
2116 2035 2230 2067 Filium

175 2081 252 2120 patri
277 2079 438 2119 ὁμοούσιον
462 2090 547 2115 esse,
572 2079 613 2110 Et
637 2085 669 2110 ut
693 2080 850 2110 doctrinae
875 2091 994 2109 sunnna
1014 2080 1161 2109 brevibus
1182 2081 1407 2121 comprehensa
1427 2092 1551 2121 semper
1574 2082 1603 2110 in
1628 2085 1797 2120 conspectu
1823 2084 1926 2113 esset,
1951 2091 2100 2110 summam
2132 2081 2229 2111 totins

175 2125 384 2164 repetiverunt
408 2124 559 2164 Symbolo
585 2125 768 2164 composito,
795 2125 876 2163 qnod
901 2135 917 2153 a
937 2124 1006 2154 loco
1027 2124 1145 2164 Synodi
1170 2124 1320 2155 Nicenum
1346 2130 1502 2160 vocatum,
1529 2129 1559 2155 et
1582 2124 1776 2164 plurimorum
1802 2125 1852 2164 qui
1886 2129 2091 2154 convenerant
2122 2125 2231 2155 suffra-

176 2169 236 2208 giis
261 2172 292 2198 et
322 2169 551 2208 subscriptione
576 2169 803 2209 comprohatum
829 2173 885 2198 est¹
934 2168 1097 2208 Repetitae
1122 2173 1194 2198 sunt
1217 2169 1254 2199 ah
1279 2170 1391 2199 iisdem
1417 2174 1447 2199 et
1479 2169 1672 2199 confirmatae
1703 2169 1804 2198 denno
1839 2169 2113 2199 condemnationes
2145 2169 2229 2209 impii

176 2213 330 2252 dogmatis
355 2212 562 2247 Samosateni,
588 2217 618 2242 et
643 2213 747 2242 reiecti
771 2217 843 2242 snut
867 2218 958 2252 atque
984 2212 1103 2252 explosi
1131 2224 1249 2243 errores
1273 2213 1384 2243 Novati
1410 2218 1439 2243 et
1460 2213 1582 2246 Miletii.
1603 2214 1654 2252 qui
1680 2217 1826 2251 negarunt
1850 2212 1958 2253 lapsos
1982 2215 2008 2243 si
2034 2213 2166 2243 redirent
2190 2212 2229 2242 ad

175 2257 395 2296 poenitentiam
425 2256 620 2296 recipiendos
653 2267 735 2286 esse.
796 2257 862 2286 Hae
895 2257 1014 2286 t'nernnt
1043 2259 1226 2286 occasiones
1249 2262 1282 2288 nt
1306 2257 1488 2287 conderetur
1518 2256 1700 2297 Symbolum
1733 2256 1892 2287 Nicennm.
1941 2256 2010 2287 Etsi
2034 2262 2136 2287 autern
2169 2268 2227 2287 non

175 2300 268 2330 modo
289 2311 347 2330 non
373 2303 475 2340 sopita
494 2305 566 2330 sunt
590 2302 754 2330 certamina
778 2300 827 2330 his
853 2301 1009 2335 remediis,
1034 2301 1092 2330 sed
1115 2301 1206 2341 paulo
1232 2306 1303 2341 post
1327 2302 1541 2331 vehementius
1566 2305 1753 2335 exarserunt,
1774 2306 1804 2331 et
1829 2301 1962 2331 horribili
1984 2302 2178 2331 Arrianorum
2199 2302 2229 2331 iu

176 2343 378 2375 Orthodoxos
402 2345 532 2373 saevitia
551 2349 624 2374 sunt
648 2349 839 2384 exasperata,
864 2346 942 2374 adeo
967 2349 999 2374 nt
1024 2346 1051 2374 in
1084 2356 1120 2375 ea
1143 2346 1343 2376 distractione
1372 2345 1600 2383 Ecclesiamm,
1628 2345 1719 2386 paulo
1750 2349 1821 2384 post
1845 2345 1926 2385 quod
1951 2345 2100 2375 dubitatio
2125 2345 2229 2375 odium

175 2388 333 2418 doctrinae
357 2389 445 2428 parit,
465 2389 597 2418 maxima
617 2388 778 2418 multitudo
805 2394 948 2429 pertaesa
972 2390 1171 2419 obscurarum
1188 2391 1429 2430 disputationum
1455 2394 1484 2419 et
1504 2391 1632 2419 rixarum
1659 2390 1735 2419 inter
1747 2388 1953 2424 Christianos,
1978 2389 2160 2418 avidissime
2184 2399 2227 2418 re-

174 2433 290 2472 ceperit
314 2432 424 2471 dogma
449 2432 617 2463 Mahometi
642 2432 809 2473 prophanis
836 2434 968 2473 ingeniis
994 2433 1175 2473 plausibile,
1208 2436 1297 2464 cuins
1327 2435 1467 2474 contagia
1496 2444 1575 2474 pene
1607 2435 1696 2463 nnius
1720 2435 1788 2463 anni
1820 2435 1919 2473 spatio
1945 2434 2104 2463 maximam
2129 2433 2227 2463 Asiae

174 2479 206 2506 et
229 2476 384 2516 Aphricae
408 2481 523 2516 partem
549 2477 717 2507 infecerunt
740 2477 877 2507 doctrina
902 2482 932 2507 et
952 2479 1042 2507 armis
1057 2483 1231 2517 propagata,
1255 2478 1368 2518 profuit
1388 2483 1489 2508 tamen
1509 2478 1668 2507 consessio
1688 2478 1805 2508 Niceae
1815 2478 1895 2507 edita
1910 2481 1939 2507 et
1960 2477 2021 2507 illis
2035 2478 2226 2518 temporibus

175 2524 206 2550 et
224 2521 278 2550 toti
303 2521 486 2560 posteritati.
512 2520 651 2551 Retinuit
671 2522 750 2551 enim
771 2525 801 2551 et
814 2523 971 2562 usurparit
985 2532 1051 2551 eam
1078 2522 1223 2552 Ecclesia
1248 2524 1380 2552 omnium
1404 2527 1572 2562 temporum
1597 2528 1739 2561 tanquam
1764 2522 1892 2551 evidens
1917 2521 2038 2551 illustre
2061 2526 2092 2551 et
2111 2522 2227 2552 firmum

173 2565 383 2594 testimonium
407 2564 445 2594 ad
467 2565 644 2594 refutandos
669 2569 700 2595 et
724 2566 972 2605 compescendos
998 2576 1068 2599 eos.
1094 2567 1144 2605 qui
1173 2566 1367 2596 Samosateni
1397 2571 1427 2596 ct
1458 2567 1536 2596 Arrii
1569 2566 1686 2596 furores
1715 2570 1905 2595 renovarunt.
1954 2565 1984 2595 ln
2016 2567 2130 2596 nostris
2154 2576 2226 2596 vero

173 2607 330 2639 Ecclesiis
355 2608 553 2638 decantantur
576 2609 711 2648 publice,
731 2614 763 2639 ut
783 2609 860 2639 haec
884 2611 952 2649 ipsa
976 2611 1118 2649 repetitio
1144 2613 1275 2640 testetur
1299 2611 1339 2642 de
1362 2621 1518 2640 consensu
1544 2615 1648 2640 nostro
1674 2611 1701 2639 in
1722 2620 1793 2639 sera
1817 2610 1954 2640 doctrina
1980 2621 2048 2640 cum
2072 2620 2144 2639 vera
2169 2609 2227 2640 Ec-

174 2651 272 2682 clesia
295 2651 458 2683 Catholica
481 2653 552 2688 Dei,
578 2658 609 2683 et
631 2657 665 2683 ut
688 2654 779 2683 animi
810 2654 849 2683 de
873 2654 965 2684 huius
990 2654 1146 2685 doctrinae
1177 2655 1359 2685 certitudine
1388 2656 1608 2685 confirmentur.
1655 2653 1725 2684 Etsi
1755 2656 1835 2684 enim
1859 2653 1978 2696 Synodi
2004 2665 2063 2684 non
2093 2657 2228 2695 possunt
