2383 2990
186 111 251 143 683
799 113 911 147 PfflL.
935 114 1036 146 MEL.
1060 113 1249 147 SCRIPTA
1272 114 1551 147 DOGMATlttA.

272 205 419 239 Econtra
453 218 533 240 vero
569 208 754 240 coelibatus
790 219 855 240 non
888 219 928 241 eo
963 215 1090 242 tantum
1121 215 1175 241 est

185 250 420 288 immundities,
455 250 530 292 qnia
554 252 747 293 pauclssimi
776 253 850 284 sine
873 253 1074 295 turpitudine
1096 259 1175 286 sunt

187 291 346 331 0011111105,
372 294 433 325 sed
457 294 554 326 etiam
579 296 621 326 ob
645 295 733 327 hauc
756 306 907 335 eausam,
943 297 1020 339 quia
1042 303 1096 328 est
1118 307 1174 329 su-

185 337 396 378 perstitiosus
421 336 540 369 cultus-

271 426 339 459 Cur
361 426 460 469 igitur
494 425 607 458 laudat
642 425 767 459 Paulus
790 427 832 458 ad
856 426 1051 459 Corinthios
1075 427 1174 469 virgi·
1197 433 1201 461 Ι

184 470 341 503 nitatem?
408 469 539 502 Laudat
567 471 600 501 in
634 469 703 508 1115,
739 471 793 512 qui
817 476 895 502 sunt
916 470 1039 509 idonei,
1064 476 1096 502 et
1119 471 1174 513 qui

185 521 322 556 propter
358 512 448 545 hune
481 513 581 545 finem
612 514 643 545 id
667 515 756 545 vitae
781 524 889 556 genus
913 512 1172 555 amplectuntur,

183 565 217 590 ut
243 557 467 599 expeditiores
491 557 555 588 sint
579 558 622 589 ad
645 558 849 597 docendum,
884 558 927 589 ad
962 558 1174 589 serviendum

182 600 365 633 Ecclesiis:
385 600 459 632 Non
484 601 532 631 sie
545 600 671 639 laudat,
697 602 787 643 quod
810 602 842 633 id
867 611 952 642 opus
977 601 1085 643 magis
1098 611 1173 643 gra·
1196 610 1200 648 ξ

181 646 259 676 tiam
282 644 402 676 mereri
425 644 557 676 iudicet.
582 644 679 675 Hunc
702 654 850 677 errorem
873 651 1075 687 pugnantem
1099 655 1173 676 cum
1197 656 1200 678 ι

181 689 302 720 iustitia
327 687 403 719 fidei
426 688 566 719 maxime
589 694 774 720 execratur.
819 689 896 720 Non
926 698 1089 730 negamus
1113 687 1173 718 dit·
1196 681 1200 744 Ι

180 731 269 764 {erre
292 741 417 774 genera
442 730 545 763 vitae:
580 730 762 764 Antecellit
795 733 1005 774 gubernator
1029 731 1173 763 civitatis
1196 746 1200 789 ἱ

181 782 313 813 nautae,
335 775 394 806 sed
419 785 486 806 non
510 775 616 817 magis
641 781 789 807 meretur
812 776 954 817 gratiam
973 775 1172 815 gubernatio
1196 791 1200 807 i

182 819 339 857 civitatis,
373 829 473 860 quani
506 828 565 850 ars
598 819 742 850 nautica.
796 818 850 857 ,Et
882 818 953 850 fieri
976 823 1101 859 potest,
1136 810 1200 857 uti,

181 869 282 895 nauta
307 862 419 894 verius
439 860 527 894 eolat
551 861 671 899 Deum,
695 873 794 904 quam
822 863 1028 905 gubernator
1059 861 1172 892 civita-

180 907 233 938 tis.
278 906 355 938 Non
378 906 478 948 igitur
502 905 656 938 differunt
678 905 711 937 hi
736 906 874 948 graduS‚
896 905 985 947 quod
1008 905 1051 936 ad
1069 905 1172 936 vitam

181 948 398 992 spiritualem,
421 959 483 980 seu
507 950 597 991 quod
620 949 662 980 ad
687 950 828 991 gratiam
851 950 978 986 attinet,
1002 948 1063 979 etsi
1086 948 1173 979 inter
1196 959 1199 972 ι

183 1004 261 1025 5050
296 991 411 1025 collati
445 993 478 1023 iu
513 993 580 1024 vita
616 998 752 1024 externa
776 991 932 1024 3111131115
955 990 1172 1031 antecellunt,

182 1036 253 1070 vult
277 1037 362 1068 enim
386 1035 481 1068 Deus
506 1046 584 1067 esse
607 1036 757 1068 ordinem
780 1034 998 1068 functionum.
1195 1045 1200 1090 ι

271 1123 441 1155 Hactenus
477 1123 519 1154 de
553 1129 632 1154 voto
657 1122 736 1162 dixi,
766 1129 926 1165 quantum
948 1123 981 1154 in
1004 1121 1071 1154 hoc
1095 1120 1172 1153 loco

182 1177 266 1210 opus
290 1173 354 1205 est,
379 1167 467 1208 quod
489 1164 589 1198 valde
613 1172 820 1209 exaggerant
833 1166 978 1208 quidam,
1001 1175 1068 1197 non
1082 1165 1173 1208 quod

181 1212 231 1244 sie
254 1211 410 1248 sentiant,
433 1210 494 1241 sed
517 1215 553 1242 ut
565 1209 792 1252 qualicunque
810 1215 987 1252 praetextu
1010 1209 1174 1241 retineant

181 1264 306 1287 morem
328 1254 409 1296 ipsis
432 1253 554 1285 utilem.

182 1305 217 1330 to
241 1298 438 1340 prohibetur
462 1297 663 1340 coniugium.
717 1296 758 1329 Et
788 1303 823 1328 ut
847 1297 1025 1328 accederet
1047 1303 1172 1335 votum,

183 1342 405 1374 certissimum
430 1347 481 1372 est
505 1348 584 1372 vota
606 1341 699 1372 irrita
723 1351 812 1380 0550,
837 1351 924 1383 quae
949 1340 1031 1372 fiunt
1055 1346 1175 1371 contra

180 1386 339 1418 mandata
362 1384 437 1423 Dei,
461 1394 547 1426 quae
571 1385 644 1416 sine
666 1390 806 1426 peccato
826 1395 893 1416 non
912 1389 1057 1426 possunt
1079 1393 1174 1426 prae·
1197 1391 1201 1440 Ι

344 1427 412 1460 Cur
435 1429 477 1459 ad
500 1427 590 1459 hanc
613 1429 864 1460 excusationem
884 1427 1117 1470 gravissimam
1135 1433 1174 1467 ‚et
1198 1442 1202 1474 ι
1227 1425 1383 1456 dientiam
1415 1425 1518 1456 verbo
1553 1424 1617 1456 Dei
1641 1425 1826 1456 ordinatam
1850 1431 1883 1456 et
1906 1426 2125 1466 approbatam
2149 1435 2216 1457 ma-

181 1429 274 1461 stari.

180 1474 400 1511 verissimam,
435 1472 556 1503 surdas
590 1482 690 1503 aures
714 1471 839 1503 habent
861 1471 915 1503 isti
939 1471 1049 1514 asperi
1072 1477 1174 1512 atque

180 1517 322 1549 immites
346 1514 533 1547 coelibatus
558 1513 772 1554 defensores,
797 1526 871 1547 cum
894 1514 1005 1557 palam
1030 1515 1173 1553 videant,

182 1567 341 1602 quantum
365 1558 531 1591 scelerum
556 1559 683 1590 oriatur
706 1569 747 1590 ex
771 1557 835 1590 hac
861 1559 1005 1600 coniugii
1027 1556 1173 1600 prohibi-

179 1604 296 1636 tione?
325 1603 362 1635 Si
381 1603 586 1634 arbitrantur
608 1602 717 1634 Deum
741 1602 861 1633 offendi
886 1600 1090 1639 libidinibus,
1114 1611 1174 1632 cur

180 1658 248 1679 non
267 1648 379 1679 iubent
402 1646 594 1688 Episcopos
617 1645 755 1678 abolere
779 1646 914 1678 votum?
938 1656 998 1677 cur
1016 1644 1172 1687 laqueum
1196 1652 1200 1693 j

181 1692 328 1723 scientes
352 1690 501 1721 iniiciunt
524 1690 590 1729 his,
613 1690 668 1732 qui
691 1690 734 1722 ad
746 1687 1007 1722 Ecclesiasticas
1031 1687 1173 1721 functio-

183 1745 245 1767 nes
264 1733 485 1766 adhibentur?

268 1821 339 1852 Nec
362 1827 439 1862 peto
464 1821 496 1851 in
519 1819 584 1853 1130
597 1829 699 1851 causa
714 1818 817 1857 aliud,
841 1819 904 1851 nisi
928 1826 963 1851 ut
982 1818 1081 1850 iudex
1104 1817 1173 1849 ani-

180 1876 267 1897 mum
282 1864 408 1896 adterat
421 1874 574 1906 aequum,
598 1863 783 1905 cupientem
797 1862 975 1894 consulere
999 1862 1174 1894 conscien-

182 1909 235 1940 tiis
258 1909 399 1950 piorum,
423 1913 589 1940 amantem
609 1907 771 1945 veritatiS,
794 1906 1032 1938 abhorrentem
1050 1915 1172 1936 amon-

181 1952 303 1984 strosis
332 1951 543 1990 libidinibus,
573 1960 661 1993 quae
683 1951 769 1991 parit
791 1949 999 1988 coelibatus,
1025 1949 1174 1991 cogitan-

182 2002 249 2027 tem
277 2005 357 2027 vere
380 1994 489 2027 Deum
512 1994 611 2026 irasci
647 1992 778 2036 vulgari
807 1994 1002 2025 scortationi
1026 1998 1059 2024 et
1082 1990 1174 2023 adul·
1196 1992 1200 2059 Ι

180 2039 286 2077 tei-iis,
311 2040 398 2070 sicut
421 2039 527 2080 inquit
550 2045 677 2070 textus:
708 2038 924 2069 Scortatores
948 2043 979 2069 et
1003 2034 1173 2067 adulteros

181 2083 342 2114 iudicabit
375 2082 481 2114 Deus.
549 2082 585 2114 Si
620 2082 692 2123 quis
726 2087 837 2112 autem
872 2086 1010 2122 propter
1033 2089 1117 2120 opes
1141 2085 1171 2110 et

182 2125 397 2168 splendorem
422 2126 636 2157 sacerdotum
661 2124 809 2156 decrevit
833 2124 967 2155 omnino
992 2121 1173 2154 defendere

182 2169 397 2207 coelibatum,
419 2169 496 2211 quid
522 2179 596 2200 cum
619 2166 676 2199 illo
700 2168 923 2209 disputemus,
958 2167 1013 2209 qui
1038 2176 1173 2197 causam
1195 2183 1198 2199 .

182 2223 249 2246 non
274 2213 426 2252 veritate,
449 2212 509 2243 sed
529 2210 669 2243 utilitate
692 2211 847 2243 metitur?
892 2210 933 2242 Et
963 2208 1093 2242 callidis
1124 2209 1172 2240 in-

183 2257 291 2300 geniis
326 2267 392 2288 non
422 2254 559 2287 difficile
587 2261 639 2287 est
661 2255 854 2297 excogitare
883 2253 1085 2296 praestigias
1113 2251 1173 2284 ali·

183 2310 280 2342 quas,
304 2301 347 2332 ad
371 2298 569 2331 eludendam
589 2299 740 2341 quamvis
763 2298 976 2340 perspicuam
988 2297 1172 2329 veritatem.

183 2344 250 2376 Sed
273 2354 294 2376 a
312 2343 441 2375 iudiciis
466 2344 771 2375 controversiarum
790 2341 979 2380 Ecclesiae,
1001 2349 1174 2372 removen-

183 2388 226 2420 da
244 2394 296 2419 est
319 2386 521 2429 sophistice,
545 2397 644 2429 quam
667 2387 782 2418 odisse
805 2395 922 2418 omnes
945 2385 1020 2427 pios
1043 2390 1076 2416 et
1098 2393 1174 2426 gra·

183 2441 244 2463 ves
267 2432 360 2463 viros
383 2441 424 2462 ex
448 2430 558 2462 animo
582 2430 690 2462 decet.

602 1253 733 1285 Revera
757 1253 831 1296 lege
856 1254 1012 1291 humana,
1035 1263 1102 1284 non
1116 1263 1173 1284 vo·
1197 1270 1201 1293 ς

1503 212 1693 255 Secunda
1725 213 1926 255 Obiectio.

1314 337 1350 369 In
1373 337 1465 381 Lege
1488 339 1701 371 abstinebant
1724 339 1930 372 Sacerdotes
1954 351 1975 373 a
2003 344 2216 376 eonsuetudi-

1227 391 1269 412 ne
1304 382 1496 424 coniugum,
1526 389 1619 414 certo
1655 389 1824 424 tempore,
1860 385 1938 416 dum
1972 385 2110 417 obibant
2132 396 2214 419 suas

1226 423 1429 456 functiones.
1495 425 1594 457 Nunc
1623 426 1826 457 Sacerdotes
1850 437 1983 469 semper
2006 438 2085 460 esse
2109 430 2217 470 parati

1225 469 1268 499 ad
1292 468 1473 499 ministeria
1496 479 1557 500 sua
1582 470 1721 501 debent:
1757 469 1848 512 Ergo
1883 481 2016 512 semper
2045 473 2217 505 abstinere

1226 512 1359 543 debent.
1418 511 1476 542 Sic
1499 518 1561 550 est,
1585 512 1662 544 Non
1684 513 1805 544 desunt
1828 513 2059 546 catillationes
2081 515 2135 554 iis,
2160 515 2219 559 qui

1226 555 1398 586 veritatem
1421 565 1488 586 non
1512 562 1632 587 amant.
1681 555 1790 587 Utitur
1812 555 1877 588 hoe
1901 563 2099 599 argumento
2124 559 2218 601 Papa

1226 598 1258 629 in
1283 598 1395 629 distin.
1419 598 1472 629 82.
1503 624 1505 627 .
1541 599 1610 630 Sed
1634 600 1662 630 si
1686 598 1804 631 volunt
1827 600 2015 642 exemplum
2037 601 2140 644 Legis
2163 613 2217 634 se-

1227 642 1295 684 qui,
1316 652 1376 673 cur
1397 641 1431 672 in
1454 648 1560 673 totum
1582 642 1759 684 prohibent
1772 644 1986 686 coniugium?
2010 644 2082 676 Lex
2094 646 2215 688 exiguo

1225 691 1375 726 tempore
1399 687 1673 717 consuetudinem
1697 687 1876 729 coniugum
1907 688 2084 721 interdixit.
2131 688 2215 725 Quis

1225 735 1278 760 est
1300 735 1429 766 autem,
1460 739 1561 771 quem
1584 740 1651 761 non
1675 730 1748 771 ipsa
1772 731 1907 772 negotia
1930 731 2092 763 interdum
2117 733 2216 764 domo

1229 772 1424 803 abducant?
1490 772 1561 804 Nec
1586 780 1762 814 propterea
1785 775 1816 805 in
1842 780 1945 806 totum
1974 774 2218 817 prohibendum

1225 821 1277 846 est
1307 815 1508 857 coniugium.
1575 816 1617 847 Et
1652 816 1879 858 sophisticum
1914 824 1967 849 est
2001 819 2092 860 quod
2125 820 2218 852 addit

1226 858 1333 900 Papa,
1358 857 1441 890 Cum
1466 860 1663 891 sacerdotes
1687 870 1819 902 semper
1843 862 1986 893 debeant
2009 872 2088 894 esse
2106 863 2215 904 parati

1225 902 1269 933 ad
1292 902 1485 940 ministeria,
1505 912 1636 944 semper
1659 904 1858 936 abstineant.
1925 904 2089 937 Concedit
2111 905 2211 938 inter-

1226 943 1315 976 valla
1338 945 1488 977 officium
1512 946 1690 986 publicum,
1715 953 1747 978 et
1772 949 1816 989 pii
1840 949 1962 986 sciunt,
1997 949 2055 980 ubi
2074 959 2216 981 eonsue-

1225 989 1306 1020 tudo
1342 987 1529 1032 coniugalis
1565 990 1770 1022 moderanda
1792 992 1847 1029 sit,
1881 991 2024 1030 Deinde,
2047 1002 2115 1024 non
2137 998 2217 1024 sunt

1225 1033 1418 1064 onerandae
1453 1033 1679 1065 eonscientiae
1713 1034 1831 1066 ritibus
1861 1033 2035 1066 Mosaicis.
2102 1035 2218 1072 Quare

1224 1086 1291 1107 non
1315 1083 1366 1107 est
1389 1077 1624 1115 immundities,
1648 1076 1714 1109 hoc
1738 1083 1807 1115 est,
1843 1087 1898 1108 res
1923 1077 2104 1120 displicens
2128 1079 2215 1118 Deo,
2233 1099 2245 1102 ⁴

1226 1118 1404 1161 coniugale
1445 1118 1610 1158 officium,
1651 1123 1737 1152 sicut
1772 1120 1896 1153 Paulus
1932 1121 2054 1163 inquit:
2096 1122 2217 1154 Omnia

1225 1164 1348 1194 munda
1372 1163 1513 1194 mundis.
1578 1162 1735 1195 Canones
1755 1165 1898 1206 quadam
1921 1167 2082 1211 κακοζῃλίᾳ
2112 1172 2145 1197 et
2168 1166 2216 1197 in-

1226 1207 1357 1238 erudita
1390 1206 1572 1238 imitatione
1606 1206 1830 1239 Mosaicarum
1865 1209 2129 1241 ceremoniarum
2162 1219 2217 1241 cu-

1226 1249 1436 1282 mulaverunt
1472 1251 1729 1291 superstitiones
1772 1252 1804 1282 in
1839 1250 2004 1284 Ecclesia.
2069 1252 2218 1294 Eamque

1225 1296 1400 1333 κακοζηλίαν
1413 1294 1769 1335 reprehendinccesse
1789 1301 1852 1333 est,
1877 1296 1962 1326 sicut
1985 1301 2017 1326 et
2031 1293 2156 1328 Paulus
2173 1296 2217 1328 ad

1228 1336 1369 1369 Galatas
1394 1347 1466 1369 eam
1491 1338 1616 1369 duriter
1640 1344 1746 1369 taxat:
1771 1338 1951 1370 Discamus
1975 1338 2039 1370 fide
2062 1339 2098 1370 in
2121 1337 2216 1372 Chri-

1227 1388 1315 1412 stum
1350 1391 1413 1412 nos
1449 1381 1675 1420 sanctificare,
1709 1387 1742 1413 et
1776 1382 1809 1413 in
1833 1382 1930 1413 bonis
1955 1382 2113 1423 operibus
2137 1382 2216 1414 obe-

1226 1466 1461 1510 gnisaciamuS,
1498 1469 1743 1500 meminerimus
1779 1468 1886 1499 Deum
1910 1467 2000 1499 velle
2024 1479 2087 1500 nos
2111 1469 2217 1500 verbo

1226 1522 1289 1543 suo
1314 1511 1506 1554 gubernari,
1532 1522 1598 1543 non
1623 1510 1748 1553 eligere
1770 1512 1922 1553 quamvis
1941 1512 2097 1553 speciosa
2109 1521 2215 1553 opera

1225 1561 1342 1586 nostro
1363 1555 1483 1586 iudicio
1507 1555 1579 1586 sine
1602 1557 1707 1595 verbo
1732 1554 1808 1586 Dei.
1875 1555 1947 1587 Nec
1982 1555 2090 1586 dicam
2118 1553 2218 1596 proli·

1225 1599 1300 1630 xius
1325 1599 1366 1630 de
1391 1598 1455 1630 hac
1481 1599 1678 1630 obiectione.
1746 1598 1902 1629 Brew'ter
1930 1599 2015 1630 enim
2046 1598 2089 1630 ad
2111 1597 2218 1630 Maio-

1225 1652 1295 1673 rem
1318 1642 1589 1684 respondendum
1613 1649 1677 1680 est,
1701 1641 1736 1673 ln
1761 1642 1853 1683 Lege
1871 1641 2113 1674 Sacerdotibus
2137 1651 2217 1674 eon-

1225 1686 1349 1727 iugium
1385 1686 1542 1717 concedi:
1584 1685 1675 1727 Ergo
1710 1696 1772 1717 nee
1807 1686 1933 1716 nostris
1974 1683 2217 1726 prohibendum

1225 1736 1288 1760 est.
1346 1727 1525 1760 Intervalla
1548 1729 1809 1760 moderabuntur
1834 1728 1984 1760 homines
2007 1728 2051 1769 pii
2074 1739 2144 1770 pro.
2161 1737 2218 1759 ne-

1226 1773 1338 1814 gotiis.
1396 1772 1467 1803 Nee
1503 1778 1641 1813 propter
1674 1772 1763 1803 hane
1783 1782 1919 1803 causam
1948 1771 2114 1803 iniicietuli
2139 1776 2217 1803 sunt

1224 1815 1336 1858 laquei
1372 1816 1609 1854 conscientiis,
1643 1826 1705 1847 nee
1737 1825 1877 1857 prorsus
1901 1815 2111 1847 adimendum
2136 1825 2215 1847 con-

1225 1871 1359 1903 tugiam.

1313 1946 1442 1978 Eodem
1476 1946 1574 1977 modo
1609 1945 1786 1977 diluendae
1820 1951 1897 1976 sunt
1923 1951 1957 1976 et
1986 1943 2110 1976 multae
2132 1941 2217 1976 aliae

1227 1990 1447 2022 obiectiones.
1517 1989 1660 2025 Quidam
1683 1990 1787 2026 aiunt,
1809 1987 2027 2020 Sacramenta
2049 1997 2116 2018 non
2139 1996 2218 2019 con·

1226 2034 1399 2066 trectanda
1434 2043 1513 2065 esse
1547 2034 1589 2064 ab
1622 2033 1807 2063 immundis.
1877 2030 1944 2062 13111
1963 2031 1993 2062 51
2015 2030 2218 2062 Sacerdotes

1227 2083 1341 2109 essent
1360 2077 1478 2113 mariti,
1503 2086 1605 2118 saepe
1629 2081 1880 2107 contrectarent
1903 2080 2116 2106 sacramenta
2137 2079 2218 2116 post

1227 2119 1435 2163 coniugalem
1460 2119 1747 2151 consuetudinem.
1792 2117 2008 2159 Respondeo‚
2030 2124 2066 2149 ut
2089 2118 2153 2149 iam
2170 2117 2218 2149 di-

1226 2170 1315 2195 etum
1345 2170 1411 2195 est:
1436 2163 1600 2195 Scortatio
1635 2169 1686 2194 est
1711 2161 1952 2200 immundities,
1985 2166 2018 2192 et
2040 2170 2119 2192 vere
2149 2160 2216 2192 dis-

1226 2207 1327 2249 plicet
1363 2207 1449 2238 Deo.
1518 2206 1563 2237 At
1598 2204 1785 2248 coniugalis
1820 2204 2028 2236 consuetudo
2064 2214 2132 2236 non
2163 2208 2216 2236 est

1225 2250 1458 2288 immundities,
1493 2250 1554 2281 sed
1589 2260 1675 2291 opus
1710 2249 1897 2280 ordinatum
1930 2253 1964 2280 et
1994 2249 2216 2289 approbatum

1225 2295 1331 2327 verbo
1354 2293 1431 2332 Dei,
1467 2291 1605 2334 placens
1629 2292 1715 2324 Deo.
1784 2291 1825 2323 Et
1849 2298 1960 2323 tamen
1982 2291 2027 2333 pii
2050 2290 2218 2323 moderari

1225 2349 1323 2370 usum
1347 2347 1409 2379 pro
1434 2343 1584 2378 tempore
1606 2343 1750 2367 norunt:
1786 2334 1827 2366 Et
1861 2335 1996 2376 negotia
2017 2334 2092 2376 ipsa
2116 2344 2217 2366 exeu-

1226 2383 1311 2414 tiunt
1334 2381 1431 2412 bonis
1454 2381 1535 2412 viris
1558 2380 1761 2412 domesticas
1785 2379 2016 2421 cogitationes.

1314 2466 1405 2499 Idem
1434 2467 1625 2508 respondeo
1651 2467 1691 2497 de
1721 2465 1811 2497 dicto
1834 2464 1976 2496 Esaiae:
2010 2462 2216 2496 Mundamini

1227 2511 1284 2554 qui
1308 2509 1402 2543 fertis
1422 2520 1504 2541 vasa
1528 2509 1671 2541 Domini.
1729 2508 1898 2550 Propheta
1920 2507 1963 2539 de
1984 2517 2066 2539 vera
2089 2506 2215 2539 muudi-

1228 2556 1273 2587 tie
1305 2554 1363 2586 hic
1396 2552 1556 2596 loquitur,
1590 2553 1624 2585 td
1658 2557 1722 2592 est,
1756 2552 1798 2583 de
1824 2552 1981 2584 universa
2014 2549 2215 2589 obedientia,

1200 2611 1204 2638 l
1229 2609 1330 2641 quam
1363 2596 1459 2629 Deus
1493 2597 1668 2639 approbat.
1736 2594 1801 2631 Qui
1819 2601 1952 2638 gestant
1974 2603 2058 2626 vasa
2080 2592 2158 2632 Dei,
2179 2593 2214 2625 id
