2383 2990
139 137 201 168 177

137 231 181 262 ita
217 240 330 261 sumus
364 228 473 267 liberi,
506 239 574 260 non
609 229 699 271 quod
722 227 776 260 lex
800 239 866 260 non
892 234 1022 270 arguat,
1058 229 1120 259 sed

137 275 164 304 si
207 274 380 304 vincamus
426 272 491 303 fide
524 271 633 314 legem
679 278 892 313 arguentem,
940 272 1038 313 idque
1073 278 1120 302 te-

136 322 244 347 statur
268 316 382 347 Oratio
401 316 576 346 dominica.
601 316 677 347 Non
701 322 813 346 essent
837 316 958 352 debita,
982 316 1044 346 nisi
1067 313 1121 345 lex

137 359 301 401 obligaret
335 365 368 390 et
397 365 563 400 argueret.
610 359 807 400 Quanquam
829 359 873 389 ita
896 356 1121 396 liberabimur,

137 412 211 433 cum
236 402 400 434 credimus
425 408 487 433 810.

222 487 333 519 Tertia
354 488 394 519 de
419 489 614 519 obedientia.
650 487 721 517 Etsi
746 497 860 518 sumus
884 485 980 517 liberi
1003 497 1022 517 a
1045 485 1122 527 lege

136 541 178 562 ne
201 531 345 569 damnet,
369 537 478 562 tamen
502 537 611 562 manet
635 531 798 561 ordinatio
823 536 855 560 et
880 528 1033 560 voluntas
1051 529 1121 566 Dei,

136 580 172 605 ut
206 580 359 605 creatura
390 575 532 605 obediat.
580 574 691 608 Quare
715 574 902 605 ohedientia
928 574 1122 603 necessaria

138 624 206 655 est,
231 624 261 648 et
287 618 452 658 quomodo
476 616 624 658 placeat,
649 618 745 647 docet
771 615 998 657 Evangelium.
1046 616 1121 646 ldeo

138 661 241 702 inquit
265 659 434 691 Christus:
480 660 555 690 Non
578 660 653 690 veni
676 658 811 690 solvere
835 658 960 700 legem,
984 660 1041 689 sed
1067 660 1122 689 im-

137 703 239 745 plere.
287 703 365 734 Item
395 702 548 733 Christus
581 703 699 744 inquit:
744 702 815 733 Hoc
849 709 898 732 est
934 703 1123 733 mandatum

138 756 261 784 meum,
296 752 329 776 ut
360 745 503 787 diligatis
527 746 678 777 invicem.
723 745 764 776 Et
781 746 813 775 2).
837 745 951 776 lohan.
976 745 1005 776 3.
1052 745 1122 775 1100

138 795 189 819 051
222 790 411 820 mandatum
446 789 536 826 eius,
570 795 603 819 ut
640 789 815 820 credamus
840 789 872 819 in
897 790 1028 819 nomine
1052 788 1123 818 Filii

138 832 208 862 eius
233 832 306 863 lesu
331 830 471 869 Christi,
507 838 539 862 et
562 831 739 873 diligamus
762 832 911 862 invicem.
957 832 1027 862 Hae
1050 842 1124 861 sen-

138 876 259 905 tentiae
284 874 462 915 loquuntur
486 875 526 905 de
545 874 731 905 voluntaria
745 876 945 912 ohedientia,
971 882 1001 905 et
1016 882 1123 905 tamen

136 918 305 948 nominant
320 918 517 948 mandatum.
564 917 649 953 Quia
672 925 781 948 manet
808 919 970 949 ordinatio
993 918 1067 955 Dei,
1091 924 1123 948 ut

139 967 291 991 creatura
316 960 460 998 obediat,
486 961 583 991 etiam
608 971 681 991 cum
706 960 823 992 volens
838 963 1057 1002 obtemperat.
1083 960 1123 992 Et

136 1009 245 1034 tamen
258 1002 476 1044 Evangelium
500 1005 627 1035 interea
651 1005 763 1042 docet,
788 1011 950 1045 qnatenus
974 1003 1068 1034 liberi
1082 1005 1124 1034 si-

136 1056 221 1085 mus,
246 1045 374 1077 scilicet
397 1057 439 1077 ne
463 1047 596 1078 damnet
620 1046 687 1085 lex,
706 1058 773 1079 non
797 1054 832 1078 ut
856 1058 921 1078 non
948 1047 1013 1078 fiat.

405 1212 479 1252 DE
511 1212 854 1253 EVANGELlO.

252 1306 361 1356 Quid
394 1307 527 1346 differt-
559 1307 649 1346 Lex
682 1308 734 1346 ab
767 1307 1018 1361 Evangelio?

222 1430 365 1462 Maxime
389 1429 489 1462 refert
511 1432 600 1462 initio
623 1432 694 1472 pios
718 1432 889 1462 admoneri
909 1432 951 1463 de
964 1433 1124 1463 discrimi-

138 1485 179 1506 ne
211 1474 328 1506 harum
363 1474 631 1515 appellationum.
679 1475 762 1505 Nam
797 1474 950 1506 confusio
986 1475 1125 1506 offundit

137 1528 294 1559 magnam
317 1516 491 1559 caliginem
516 1517 710 1560 Evangelio.
756 1517 816 1549 Est
848 1519 948 1559 igitur
972 1519 1042 1550 Lex
1066 1520 1124 1549 do—

138 1562 244 1592 ctrina
272 1571 357 1602 quae
392 1561 506 1599 docet,
537 1561 652 1602 quales
677 1571 753 1592 esse
778 1568 948 1602 oporteat,
982 1568 1015 1593 et
1039 1572 1124 1603 110110

137 1614 241 1645 opera
263 1614 283 1634 a
306 1604 402 1634 nobis
426 1606 573 1645 requirat
596 1605 701 1643 Deus,
725 1610 757 1635 et
781 1605 918 1646 requirit
941 1604 1123 1645 perfectam

137 1647 370 1684 obedientiam,
394 1652 423 1677 et
451 1648 583 1678 damnat
606 1658 678 1686 eos,
704 1648 757 1689 qui
782 1658 847 1678 non
862 1649 1026 1680 obediuntv
1061 1650 1123 1680 Sed

135 1688 309 1730 Evangelii
332 1689 525 1731 principalis
557 1697 589 1721 et
611 1692 766 1732 proprius
789 1689 886 1722 locus
911 1698 963 1723 est
986 1693 1125 1732 promis-

136 1733 206 1770 sio,
236 1733 267 1762 in
292 1743 358 1774 qua
381 1734 485 1775 gratis
508 1734 605 1764 nobis
629 1740 766 1774 propter
790 1733 957 1765 Christum
983 1736 1125 1766 donatur

137 1775 290 1806 remissio
320 1782 554 1815 peccatorum,
590 1777 761 1818 imputatio
796 1778 950 1816 iustitiae,
981 1779 1124 1818 Spiritus

136 1824 294 1856 sanctus,
328 1824 361 1849 et
394 1819 462 1849 vita
496 1823 643 1850 aeterna.
690 1819 731 1850 Et
766 1820 852 1851 hanc
869 1822 1124 1861 promissionem

137 1866 268 1903 oportet
302 1861 367 1892 fide
402 1863 519 1903 accipi.
565 1863 649 1893 Sunt
673 1870 782 1894 autem
806 1862 957 1904 duplices
981 1865 1124 1904 promis-

136 1905 251 1936 siones
274 1905 307 1935 in
331 1905 519 1946 scripturis,
542 1905 587 1936 Ut
608 1907 850 1946 promissiones
875 1905 1018 1948 legales:
1061 1907 1124 1942 Qut

135 1946 254 1979 feccrit
276 1958 327 1985 ea,
352 1948 442 1979 vivet
465 1949 497 1979 in
521 1949 579 1979 eis.

136 1997 214 2029 tam,
237 2001 337 2022 serva
358 1992 526 2022 mandata.
554 1991 757 2023 Tales-sunt
780 1992 1036 2031 conditionales,
1060 1993 1124 2025 hoc

136 2039 202 2072 est,
236 2034 360 2065 habent.
390 2035 612 2066 conditionem
635 2034 789 2076 impletae
814 2034 911 2077 legis.
958 2037 1025 2068 Sed
1050 2048 1124 2078 pro-

137 2077 252 2107 missio
276 2078 409 2117 propria
431 2077 605 2119 Evangelii
629 2084 680 2109 est
705 2080 861 2120 gratuita,
886 2078 951 2110 1100
969 2086 1032 2118 851,
1058 2090 1123 2111 11011

138 2171 200 2192 seu
222 2163 444 2194 conditionem
466 2171 603 2195 nostrae
627 2165 804 2206 dignitatis.
856 2165 1002 2197 Tametsi
1024 2166 1126 2197 habet

139 2204 362 2236 conditionem
385 2206 472 2238 fidei.
496 2206 687 2238 Memineris
711 2208 811 2250 igitur
830 2208 1026 2249 particulam
1050 2220 1125 2250 gra-

139 2247 181 2278 tis
193 2254 331 2289 propter
344 2247 523 2287 Christum,
549 2251 727 2291 discrimen
746 2251 858 2283 facere
882 2253 967 2283 inter
985 2253 1125 2294 promis-

138 2291 264 2330 siones,
297 2291 397 2332 idque
430 2302 572 2324 necesse
605 2300 659 2325 est
692 2299 815 2325 tenere.
861 2295 946 2326 Nam
981 2297 1013 2326 in
1043 2306 1124 2327 vero

138 2343 249 2375 agone
285 2335 491 2366 conscientia
523 2347 590 2367 non
624 2337 788 2378 disputat,
821 2344 932 2369 utrum
963 2338 1057 2370 Deus
1082 2339 1124 2370 sit

137 2377 341 2415 misericors,
376 2388 419 2408 an
448 2379 591 2410 remittat
612 2386 764 2420 peccata,
798 2382 859 2412 sed
881 2380 961 2413 illud
985 2382 1124 2423 quaerit,

137 2429 181 2451 an
204 2420 303 2451 nobis
327 2426 360 2451 et
381 2421 526 2463 indignis
549 2420 630 2453 velit
652 2423 830 2455 remittere.
876 2425 939 2456 Hic
963 2431 1014 2456 est
1038 2435 1123 2456 unus

137 2469 255 2504 portus
280 2465 518 2503 conscientiae,
542 2470 666 2504 tenere,
690 2467 778 2508 quod
802 2473 928 2499 certum
953 2468 996 2498 sit
1018 2469 1123 2510 gratis

137 2507 275 2545 remitti,
306 2508 394 2549 quod
418 2505 591 2550 Evangelii
624 2509 801 2550 promissio
823 2511 960 2552 propria
983 2512 1023 2542 sit
1048 2522 1124 2553 gra-

137 2550 232 2589 tuita,
254 2560 318 2581 nee
341 2549 463 2582 habeat
476 2551 698 2583 conditionem
711 2559 847 2585 nostrae
860 2555 1037 2596 dignitatis.
1064 2554 1125 2586 Est

138 2599 248 2625 autem
259 2593 415 2626 Christus
434 2595 604 2636 aptissime
623 2595 819 2637 complexus
842 2608 1003 2629 summam
1014 2596 1124 2629 Evan-

294 2661 442 2682 unum-u.
457 2662 538 2684 OPER.
553 2663 616 2683 VOL.
632 2663 716 2683 xxm.

848 134 900 165 111.
946 133 1222 166 CATECHESIS
1246 133 1462 166 PUERlLlS.

2099 138 2161 171 178

1175 227 1263 269 gelii,
1289 239 1364 260 cum
1393 229 1438 259 ait
1461 229 1572 260 Lucae
1595 228 1727 260 ultimo:
1773 229 1969 262 Praedicate
1992 232 2161 272 poeniten-

1175 273 1254 302 tiam
1288 278 1320 302 et
1354 273 1582 303 remissionem
1618 278 1831 313 peccatorum
1866 275 1898 304 in
1921 276 2053 305 nomine
2077 285 2160 307 meo.

1174 314 1260 345 Hinc
1294 314 1514 346 definitionem
1555 317 1810 347 constituamus:
1858 316 2077 360 Evangelium
2112 324 2163 349 est

1175 358 1376 399 praedicatio
1398 360 1631 398 poenitentiae,
1663 366 1692 390 et
1716 360 1905 400 promissio,
1940 361 1973 391 in
1998 371 2063 402 qua
2086 372 2161 402 pro-

1175 407 1249 442 pter
1273 400 1440 432 Christum
1465 402 1567 442 guttis
1588 402 1770 433 offeruntur
1794 404 1890 434 nobis
1910 405 2061 435 remissio
2086 415 2162 445 pec-

1177 450 1337 481 catorum,
1362 445 1530 484 imputatio
1557 446 1708 483 iustitiae,
1730 447 1862 477 donatio
1887 447 2029 488 Spiritus
2054 449 2162 478 sancti

1176 494 1207 518 et
1243 488 1329 517 vitae
1363 494 1536 525 aeternae,
1571 489 1670 519 modo
1700 496 1733 519 ut
1758 490 1934 521 credamus
1958 490 2041 521 haec
2064 491 2162 521 nobis

1178 537 1268 560 certo
1300 536 1333 560 et
1356 541 1436 560 vere
1460 538 1591 572 propter
1618 531 1782 562 Christum
1809 535 2014 575 contingere,
2041 541 2073 565 et
2096 544 2161 565 11011

1177 580 1311 614 propter
1346 574 1538 613 dignitatem
1581 583 1751 611 nostram,
1797 586 1851 606 aut
1887 584 2003 608 nostra
2036 578 2163 608 merita.

1178 616 1268 647 llaec
1294 618 1403 647 brevis
1418 616 1590 657 Evangelii
1614 618 1758 648 detinitio
1785 620 1925 650 tenenda
1950 626 2012 657 est,
2036 626 2163 661 1111110-

1176 661 1247 700 pria
1271 658 1445 701 Evangelii
1470 661 1629 691 beneficia
1650 662 1715 691 sint
1739 662 1835 692 nobis
1859 663 1891 693 in
1916 670 2112 704 conspectu.

1385 835 1460 874 DE
1491 834 1956 877 IUSTIFICATIONE.

1264 959 1482 1002 Evangelium
1508 962 1615 1003 arguit
1640 967 1791 1001 peccata,
1812 967 1843 992 et
1866 961 1959 993 offert
1974 963 2166 1003 promissio-

1177 1014 1252 1035 nem
1277 1003 1412 1041 Christi,
1448 1003 1524 1034 ldeo
1561 1003 1793 1044 perterrefacti
1818 1006 1987 1047 agnitione
2010 1007 2079 1037 irae
2103 1006 2165 1038 Dei

1178 1048 1344 1078 adversus
1370 1053 1519 1087 peccata,
1543 1048 1665 1078 dehent
1681 1048 1817 1078 credere
1831 1050 2053 1088 promissioni,
2079 1050 2167 1091 quod

1178 1097 1313 1131 propter
1338 1090 1506 1121 Christum
1532 1089 1696 1121 GRATls
1732 1091 1895 1122 donentur
1930 1093 1979 1123 eis
2014 1093 2167 1124 remissio

1178 1140 1393 1174 peccatorum
1429 1139 1461 1164 et
1484 1134 1655 1174 imputatio
1688 1134 1842 1166 iustitiae.
1888 1135 1960 1166 Hac
1984 1136 2049 1167 tide
2074 1142 2165 1167 certo

1179 1182 1431 1218 consequuntur
1466 1177 1694 1208 remissionem
1718 1185 1933 1218 pet-catorum
1958 1184 1988 1209 et
2012 1179 2167 1210 iustifica-

1178 1220 1300 1250 tionem
1335 1230 1396 1250 seu
1420 1220 1576 1260 gratiam,
1611 1220 1695 1250 sicut
1721 1219 1845 1252 Paulus
1870 1222 2046 1262 perspicue
2070 1223 2168 1253 docet

1178 1262 1273 1293 Rom.
1309 1262 1339 1293 3.
1410 1262 1629 1293 iustificamur
1671 1264 1774 1303 gratis
1817 1265 1920 1304 ipsius
1967 1266 2073 1306 gratia
2108 1275 2168 1306 per

1179 1306 1438 1346 redemptionem
1462 1306 1494 1336 in
1508 1305 1642 1336 Christo
1657 1308 1746 1344 Iesu,
1772 1317 1867 1348 quem
1881 1309 2054 1348 proposuit
2073 1308 2167 1340 Deus

1178 1349 1438 1389 propitiatorium
1462 1359 1523 1389 per
1547 1349 1645 1380 fidem
1668 1350 1700 1379 in
1726 1351 1888 1392 sanguine
1911 1351 1983 1381 eius
2008 1357 2069 1382 etc.

1244 1433 1440 1465 Huiusmodi
1464 1432 1589 1475 aliquot
1612 1435 1789 1475 perspicua
1812 1436 1999 1467 testimonia
2028 1437 2169 1468 tenenda

1178 1484 1267 1515 sunt,
1291 1487 1377 1518 quae
1412 1484 1442 1507 et
1468 1478 1617 1508 erudiant
1640 1479 1885 1517 conscientias,
1922 1485 1955 1510 et
1983 1481 2170 1511 exuscitent

1180 1520 1275 1551 iidem
1301 1522 1332 1550 in
1357 1521 1444 1550 omni
1468 1521 1690 1552 invocatione.
1726 1522 1823 1552 Nunc
1847 1522 1999 1553 adiiciam
2023 1525 2169 1555 vocabu-

1178 1562 1285 1594 lorum
1310 1564 1625 1603 interpretationem.
1658 1564 1831 1596 Iustificari
1855 1565 2021 1607 significat
2044 1566 2169 1598 sorensi

1178 1617 1271 1637 more
1306 1607 1427 1637 iustum
1464 1608 1609 1647 reputari
1644 1618 1704 1638 seu
1740 1609 1957 1648 pronuntiari.
2003 1609 2114 1641 Iustus
2138 1611 2171 1641 in

1178 1649 1229 1680 his
1244 1648 1338 1680 Pauli
1358 1650 1635 1690 disputationibus
1659 1651 1826 1692 significat
1849 1652 1935 1682 idem
1959 1653 2048 1693 quod
2072 1664 2169 1685 acce-

1178 1699 1254 1734 ptus
1281 1703 1341 1723 500
1364 1691 1500 1733 placens
1524 1692 1610 1724 Deo.
1658 1694 1697 1725 Et
1730 1694 2020 1726 tUsTtFchTlt)
2044 1702 2096 1727 est
2118 1707 2169 1728 re-

1178 1736 1294 1767 missio
1319 1744 1544 1776 peccatorum‚
1569 1744 1600 1767 et
1626 1739 1810 1778 acceptatio
1835 1748 1947 1769 coram
1966 1737 2059 1777 Deo,
2095 1751 2169 1772 cum

1179 1789 1245 1820 qua
1280 1780 1457 1810 coniuncta
1493 1786 1543 1810 est
1568 1780 1701 1811 donatio
1728 1780 1871 1820 Spiritus
1896 1783 2012 1813 saneti.
2058 1782 2169 1814 Voca-

1181 1821 1293 1858 bulum
1319 1822 1516 1853 GRATtAE
1540 1823 1626 1853 idem
1651 1824 1827 1865 significat,
1851 1825 1910 1855 sed
1937 1826 2084 1856 continet
2103 1837 2169 1857 em-

1178 1865 1307 1906 phasim
1331 1864 1513 1906 particulae
1536 1866 1731 1898 exclusivae
1755 1868 1869 1909 gratis.
1901 1867 1963 1899 Est
1986 1870 2071 1899 enim
2086 1869 2169 1900 Gra-

1180 1910 1222 1939 tia
1247 1909 1391 1950 gratuita
1415 1909 1564 1939 remissio
1584 1917 1809 1950 peccatorum,
1833 1917 1865 1941 et
1884 1912 2071 1952 acceptatio
2093 1923 2168 1953 pro-

626 1949 721 1980 ltem:
746 1950 781 1980 Si
802 1950 851 1980 vis
875 1950 1003 1991 ingredi
1027 1951 1058 1981 in
1077 1951 1124 1981 vi·
1148 1980 1153 1992 ,
1179 1958 1252 1993 pter
1275 1951 1453 1990 Christum,
1479 1963 1554 1983 cum
1578 1963 1641 1994 qua
1666 1955 1845 1984 coniuncta
1868 1960 1918 1985 est
1942 1955 2075 1986 donatio
2096 1955 2168 1996 Spi-

1180 1996 1262 2026 ritus
1287 1996 1406 2026 sancti.
1455 1995 1662 2027 Vocabulum
1686 1996 1818 2027 FtDEs
1841 1997 2009 2039 significat
2027 1998 2082 2030 1110
2100 2009 2169 2030 non

1178 2044 1305 2069 tantum
1328 2038 1488 2070 historiae
1507 2040 1667 2073 notitiam,
1693 2040 1753 2070 sed
1778 2041 1875 2071 etiam
1900 2040 2053 2072 fiduciam
2073 2042 2169 2073 mise-

1147 2075 1152 2131 Ι
1179 2081 1344 2112 ricordiae
1368 2082 1553 2122 promissae
1576 2088 1713 2123 propter
1726 2082 1906 2121 Christum,
1930 2094 1990 2115 seu
2003 2084 2169 2123 fiduciam,

136 2117 238 2149 habet
261 2120 481 2152 conditionem
503 2119 607 2163 legis,
631 2127 787 2162 tanquam
812 2133 948 2153 causam
961 2122 1123 2161 beneficii,
1147 2137 1152 2149 ·-

1179 2135 1264 2166 quae
1288 2125 1409 2165 accipit
1431 2126 1698 2165 promissionem,
1722 2132 1754 2156 et
1776 2125 1921 2167 applicat
1941 2137 2013 2158 eam
2036 2129 2079 2159 ad
2092 2138 2168 2167 nos,

1179 2169 1265 2199 sicut
1278 2166 1402 2199 Paulus
1415 2167 1591 2200 manifeste
1616 2175 1757 2200 testatur
1781 2170 1874 2201 Rom.
1898 2170 1928 2201 4.
1952 2180 1990 2202 se
2012 2169 2103 2213 loqui
2128 2172 2170 2202 de

1178 2221 1218 2241 ea
1237 2210 1314 2249 fide,
1338 2221 1423 2252 quae
1442 2212 1563 2252 accipit
1585 2213 1850 2253 promissionem,
1873 2219 1910 2244 ut
1932 2214 2058 2255 inquit:
2090 2214 2168 2246 Ideo

1177 2264 1219 2285 ex
1242 2253 1318 2292 fide,
1342 2260 1375 2285 ut
1399 2255 1442 2286 sit
1465 2254 1558 2286 firma
1581 2256 1772 2297 promissio.
1801 2256 1913 2292 Quare
1935 2267 2009 2288 sum
2033 2258 2167 2290 dicitur:

1178 2296 1259 2328 Fide
1283 2298 1360 2328 iusti
1383 2307 1519 2337 sumus,
1548 2297 1633 2330 haec
1663 2300 1769 2331 oratio
1799 2298 2000 2331 correlative
2028 2299 2169 2342 inteiltgi

1177 2340 1290 2379 debet,
1315 2340 1380 2371 hoc
1403 2341 1514 2379 1110110,
1537 2351 1598 2382 per
1620 2342 1883 2374 misericordiam
1912 2349 2052 2384 propter
2074 2342 2166 2375 Chri-

1176 2389 1264 2415 stum
1288 2384 1378 2422 10511,
1402 2384 1436 2415 id
1459 2390 1524 2420 est,
1547 2386 1679 2426 accepti
1701 2395 1834 2424 sumus,
1858 2395 1926 2417 non
1949 2392 2086 2427 propter
2108 2396 2167 2418 no-

1177 2432 1267 2458 stras
1290 2427 1443 2465 virtutes,
1467 2428 1527 2458 sed
1551 2433 1659 2459 tamen
1683 2427 1770 2460 lianc
1793 2429 2055 2461 misericordiam
2069 2439 2167 2471 opor-

1176 2475 1222 2500 tet
1244 2469 1311 2501 fide
1333 2471 1441 2510 accipi
1465 2477 1497 2502 et
1519 2472 1735 2512 apprehendi.
1782 2471 1874 2503 Haec
1897 2478 1947 2504 est
1969 2473 2030 2504 sim
2055 2471 2111 2504 lex
2134 2477 2168 2505 et

1175 2514 1312 2555 propria
1336 2513 1430 2545 Pauli
1464 2515 1638 2545 sententia.
1685 2513 1871 2556 Explicatis
1897 2483 2071 2547 vocabuiis
2095 2526 2166 2548 rur-

1176 2565 1236 2588 sus
1259 2558 1445 2589 monendus
1470 2564 1523 2588 est
1544 2557 1668 2589 Lector
1693 2559 1734 2589 de
1756 2556 1930 2590 exclusiva
1952 2559 2071 2601 gratis.
2102 2558 2167 2589 Ex-

1177 2599 1281 2631 cludit
1310 2601 1397 2632 enim
1422 2601 1644 2632 conditionem
1667 2601 1785 2640 meriti,
1810 2611 1872 2633 seu
1892 2608 2032 2634 nostrae
2060 2601 2166 2645 digni-

1976 2663 2008 2687 12
