2383 2990
175 131 219 163 87
806 131 916 163 PHIL.
940 132 1043 164 MEL.
1067 132 1251 165 SCRIPTA
1272 132 1555 165 DOGMA'HCA.
2144 135 2189 168 88

175 231 295 256 nantur
319 226 400 256 ordo
420 224 583 266 politicus,
608 232 639 257 et
663 232 739 256 sunt
761 236 816 257 res
836 227 997 267 sapientia
1016 233 1048 258 et
1065 228 1153 260 iusti-

174 268 218 299 tia
242 267 303 299 Dei
328 270 358 299 in
383 279 504 309 genere
529 268 672 299 humano
696 269 878 301 ordinatae.

259 344 298 374 Er
323 355 507 385 quanquam
522 344 654 376 Diaboli
681 352 711 376 et
730 347 816 387 impii
838 347 1000 385 homines,
1026 358 1153 389 organa

172 386 399 425 Diabolorum,
422 387 619 419 horribiliter
640 390 770 419 turbant
790 390 878 420 1111110
896 389 1151 431 pulcherrimum

171 431 335 461 ordinem:
367 430 490 461 'l'amen
514 439 670 472 quantum
701 433 825 463 ordinis
851 441 972 471 manet,
997 440 1151 464 servatur

170 480 320 513 potenter
343 483 361 503 a
377 472 459 503 Deo.
494 473 534 504 Et
559 474 641 505 haec
662 476 731 515 ipsa
752 477 964 506 consertatio
989 483 1037 507 est
1062 477 1151 507 testi-

169 516 311 546 monium
347 517 386 546 de
411 516 484 547 Deo
515 523 544 547 et
576 518 799 557 providentia,
836 525 866 549 et
897 520 937 549 de
964 520 1150 560 praesentia

168 557 230 589 Dei
260 559 291 588 in
323 569 446 599 genere
476 559 626 592 humano.
675 560 759 595 Quia
790 561 961 592 manifeste
990 563 1150 601 videmus,

168 601 289 632 retrahi
312 601 494 632 homicidas
519 603 560 633 ad
584 603 763 644 supplicia,
787 605 890 635 iuvari
911 605 1050 646 Cyrum,
1074 604 1150 636 Ale-

167 644 340 682 xandrum,
358 645 557 685 Augustum,
578 652 607 676 et
625 645 758 677 similes.
794 649 887 678 Item:
912 647 1151 679 Universaliter

167 688 331 727 praesidia
355 687 498 719 humana
521 688 701 720 infirmiora
725 700 819 727 esse,
843 701 939 731 quam
963 697 996 722 ut
1020 692 1149 732 possint

168 730 335 760 custodire
353 729 504 771 politius,
524 732 600 762 -nisi
625 732 716 763 Deus
741 734 940 768 custodiret,
971 745 1054 774 quas
1080 733 1149 764 vult

165 771 348 804 incolumes
373 783 460 804 esse.
505 775 580 806 Ideo
611 774 766 806 Psalmus
797 777 911 817 inquit:
943 777 1012 807 Nisi
1037 776 1149 807 Domi-

165 825 228 846 nus
252 816 442 847 custodierit
464 818 637 852 civitatem,
662 817 786 850 frustra
815 818 931 860 vigilat
954 820 1007 860 qui
1039 826 1149 850 custo-

166 859 212 889 dit
231 869 313 890 eam.

251 935 368 977 Longe
391 937 489 978 igitur
508 938 715 968 discernatur
734 939 814 969 ordo
833 937 989 979 politicus
1007 949 1026 969 a
1049 940 1148 976 vitiis,

166 989 251 1020 quae
274 978 418 1017 Diaboli,
438 987 468 1010 et
493 990 618 1021 organa
630 980 850 1012 Diabolorum
870 983 1006 1018 addunt,
1029 988 1063 1012 ut
1083 983 1148 1012 dis-

167 1022 256 1052 cerni
280 1029 407 1062 oportet
427 1024 609 1054 custodiam
635 1024 748 1065 gregis
774 1035 794 1054 a
816 1024 916 1065 lupis,
941 1023 1148 1063 latrunculis,

166 1071 199 1095 et
221 1066 340 1102 servis,
363 1067 418 1107 qui
446 1067 506 1107 ipsi
532 1066 681 1098 furantur
710 1077 803 1097 oves.
856 1067 949 1098 Deus
979 1074 1015 1099 ut
1038 1068 1146 1099 fidelis

165 1107 286 1138 Pastor
308 1115 419 1139 servat
443 1108 585 1150 politias,
610 1116 643 1140 et
666 1110 720 1139 dat
743 1109 873 1151 aliquos
893 1111 1010 1141 fideles
1034 1118 1146 1143 custo-

165 1150 236 1181 des.
282 1151 347 1181 Sed
372 1151 521 1190 Diaboli,
546 1151 706 1189 latrones,
733 1160 765 1183 et
787 1152 933 1194 Tyranni
957 1160 1033 1185 sunt
1058 1153 1145 1185 velut

164 1191 242 1233 lupi.
278 1193 428 1234 Rapaces
443 1194 572 1225 Domini
592 1201 669 1226 sunt.
692 1195 782 1227 velut
807 1197 909 1227 fures.
948 1197 988 1227 Hi
1013 1199 1146 1228 turbant

163 1235 312 1277 politias,
337 1244 490 1278 tanquam
515 1248 668 1281 gregem:
698 1238 738 1269 Et
764 1245 872 1270 tamen
900 1240 1028 1270 interea
1051 1239 1146 1271 Deus

164 1286 276 1309 servat
299 1290 450 1321 magnam
464 1287 602 1321 partem,
627 1288 659 1312 et
678 1281 813 1322 depellit
830 1280 939 1323 lupos,
958 1282 1146 1324 Tyrannos,

163 1319 324 1359 latrones,
337 1321 486 1354 homines
500 1325 680 1355 seditiosos
693 1331 724 1355 et
741 1335 891 1366 rapaces.
927 1325 1018 1356 Haec
1035 1327 1145 1368 imago

163 1370 328 1406 utcunque
352 1373 513 1397 monstrat
537 1367 713 1398 discrimen
732 1368 856 1398 ordinis
875 1367 999 1409 politici
1019 1374 1050 1400 et
1069 1379 1147 1399 con-

163 1405 343 1449 fusionum,
367 1420 453 1450 quae
475 1409 609 1441 aliunde
633 1411 867 1442 admiscentur.

209 1556 330 1606 Quod
362 1564 423 1598 est
455 1558 669 1598 discrimen
700 1558 804 1599 Boni
837 1559 1030 1615 Principis
1062 1566 1104 1600 et,

551 1619 756 1672 Tyranni?

250 1725 366 1756 Bonus
390 1725 551 1767 Princeps
576 1732 639 1765 est,
662 1727 716 1768 qui
740 1726 840 1757 habet
857 1732 1033 1769 προαίρεσιν
1057 1734 1147 1759 recte

162 1766 317 1805 faciendi,
341 1775 371 1799 et
396 1768 578 1810 plerunque
601 1777 631 1800 et
657 1771 688 1800 in
712 1771 899 1811 praecipuis
924 1772 1074 1811 partibus
1098 1771 1146 1802 of-

164 1811 228 1842 ficii
253 1812 302 1842 sui
328 1820 416 1843 recte
435 1811 526 1850 facit,
551 1813 676 1843 etiamsi
698 1812 876 1854 aliquando
897 1812 1028 1845 labitur.

250 1888 320 1919 Hac
338 1888 442 1920 forma
467 1889 641 1920 definiendi
671 1891 703 1920 in
728 1890 792 1921 hac
815 1891 882 1922 vita
912 1891 1067 1922 utendum
1095 1896 1147 1921 est

164 1931 204 1962 de
233 1932 384 1963 omnibus
414 1933 702 1963 Gubernatoribus
736 1940 768 1964 et
798 1934 972 1972 ministris,
1006 1935 1039 1964 in
1069 1944 1145 1975 quo-

1207 238 1338 269 cunque
1362 238 1485 270 genere
1509 226 1621 258 officii.
1666 227 1708 259 Et
1730 229 1870 260 sumitur
1897 230 2002 270 prima
2029 239 2108 271 pars
2132 230 2187 262 de-

1206 270 1362 302 finitionis
1394 282 1433 302 ex
1463 271 1552 302 dicto
1577 269 1687 302 Pauli:
1721 271 1794 303 Hoc·
1827 273 2021 313 requiritur,
2055 272 2187 305 Fideles

1205 320 1240 345 ut
1265 315 1377 345 simus.
1424 312 1579 345 Secunda
1601 324 1679 355 pars
1704 324 1746 345 ex
1766 315 1852 346 dicto
1876 315 2081 346 Salomonis:
2110 316 2187 348 Non

1206 363 1257 387 est
1286 358 1393 388 iustus
1423 358 1454 387 in
1478 363 1584 395 terra,
1619 357 1672 398 qui
1709 358 1795 388 bene
1828 357 1956 389 faciens
1988 360 2086 390 etiam
2120 370 2187 390 non

1204 406 1331 439 peccet.
1377 400 1428 431 Ac
1457 399 1568 441 placet
1591 400 1665 431 Deo
1694 411 1815 441 gerens
1846 402 2093 443 magistratum,
2128 412 2188 434 seu

1203 442 1301 480 Dux,
1324 453 1385 474 seu
1416 443 1534 481 ludex,
1559 454 1620 474 seu
1644 442 1759 480 Miles,
1782 442 1911 475 habens
1934 444 2046 475 Fidem
2071 451 2104 476 et
2128 446 2187 476 bo-

1203 496 1280 516 nam
1305 487 1555 524 conscientiam,
1578 487 1668 517 iuxta
1692 486 1786 517 Pauli
1810 486 1974 528 regulam:
2000 487 2063 522 Qui
2092 494 2126 519 et
2154 489 2187 519 in

1204 527 1314 559 officio
1339 530 1458 560 bonam
1484 530 1719 560 conscientiam
1742 530 1879 567 retinet,
1902 528 2055 561 videlicet
2079 535 2186 570 προαί-

1203 583 1284 612 ρεσιν
1307 578 1397 602 recte
1421 571 1574 604 faciendi.
1608 572 1680 603 Nec
1703 573 1768 604 ruit
1792 579 1909 604 eontra
1933 572 2184 612 conscientiam,

1204 620 1319 645 contra
1349 614 1442 656 leges
1478 614 1596 652 offleii,
1637 616 1709 646 Nec
1744 615 1902 658 indulget¹
1935 617 1997 647 sibi
2031 616 2186 648 affectata

1202 658 1400 699 ignorantia,
1425 664 1456 689 et
1478 658 1634 689 affectata
1657 659 1848 690 omissione.

1288 733 1412 765 Contra
1440 745 1520 766 vero
1549 734 1724 776 Tyrannus
1756 742 1825 773 est,
1854 742 1886 767 et
1917 735 1990 767 Deo
2021 735 2186 777 displicet,

1203 778 1256 818 qui
1281 788 1345 808 11011
1371 777 1470 809 habet
1493 783 1669 819 προαίρεσιν
1693 785 1782 810 recte
1805 779 1965 817 faciendi,
1990 785 2022 810 et
2045 778 2186 820 plerum-

1202 830 1266 861 que
1289 819 1452 852 scelerate
1475 819 1566 857 facit,
1590 822 1717 852 etiamsi
1741 822 1904 853 interdum
1926 823 2013 853 iusta
2031 821 2122 860 facit,
2145 832 2186 853 ac

1201 862 1337 904 negligit
1366 864 1564 904 praecipuas
1596 863 1696 894 officii
1725 871 1854 905 partes,
1889 875 1947 895 seu
1977 865 2089 896 sciens
2125 875 2186 896 seu

1201 905 1355 936 aflectata
1371 908 1567 948 ignorantia,
1588 917 1648 938 seu
1660 907 1811 938 affectata
1831 908 2022 946 omissione,
2043 914 2078 938 ut
2093 906 2186 946 Saul,

1202 947 1399 991 Cambyses,
1423 949 1673 991 Sardanapalus
1696 956 1758 981 etc.

1199 1131 1269 1171 An
1300 1132 1384 1171 iure
1416 1132 1549 1186 potuit
1580 1132 1748 1172 Naboth
1779 1147 1974 1184 recusare,
2007 1148 2050 1174 se
2081 1133 2186 1187 Regi

1198 1191 1354 1246 petenti
1385 1192 1646 1232 venditurum
1685 1206 1772 1232 esse
1804 1193 1983 1243 vineam,
2020 1194 2064 1233 id
2103 1200 2182 1233 est:

1199 1252 1269 1291 An
1308 1252 1510 1291 distinctio
1544 1252 1813 1292 dominiorum
1853 1253 1904 1293 sit
1934 1253 2028 1293 iuris
2060 1253 2187 1294 divini

1199 1312 1303 1351 inter
1347 1311 1558 1352 facultates
1604 1312 1765 1366 Regum
1814 1319 1857 1352 et
1896 1312 2186 1353 subditorum?

1286 1418 1500 1460 Respondeo.
1546 1418 1784 1460 Praeceptum,
1815 1419 1889 1450 Non
1915 1418 2038 1451 furtum
2069 1420 2186 1458 facies,

1201 1461 1329 1503 obligat
1362 1473 1476 1493 omnes
1516 1461 1684 1500 homines,
1727 1468 1758 1493 et
1800 1463 1970 1504 distinguit
2009 1469 2041 1494 et
2083 1464 2188 1494 munit

1201 1506 1343 1535 omnium
1367 1505 1533 1536 hominum
1558 1506 1721 1541 dominia,
1756 1504 1883 1546 Regum
1908 1511 1939 1536 et
1963 1504 2185 1537 Subditorum.

1200 1546 1363 1578 lohannes
1398 1548 1475 1578 dicit
1510 1547 1656 1589 Regibus
1698 1554 1729 1578 et
1765 1547 1990 1588 Principibus:
2031 1548 2187 1580 Contenti

1200 1596 1308 1621 estote
1332 1589 1511 1631 Stipendiis
1536 1591 1677 1621 vestris:
1708 1591 1877 1621 Neminem
1898 1592 2108 1630 concutiatis,
2130 1602 2186 1628 ne-

1200 1644 1264 1674 que
1288 1632 1543 1664 calumniamini.
1591 1633 1685 1664 item:
1716 1633 1790 1664 Non
1819 1632 1894 1674 plus
1919 1635 2056 1675 exigite,
2087 1645 2187 1675 quam

1201 1677 1413 1707 constitutum
1449 1682 1509 1706 est.
1565 1675 1702 1716 Propria
1741 1682 1816 1707 sunt
1855 1677 1953 1717 igitur
1990 1676 2119 1718 Regum
2154 1682 2186 1707 et

1200 1718 1388 1760 Principum
1411 1718 1602 1760 Stipendia,
1631 1719 1662 1749 id
1695 1725 1761 1756 est,
1796 1720 1917 1749 tributa
1945 1726 1977 1750 et
2007 1717 2186 1760 vectigalia

1200 1760 1357 1802 legitima.
1402 1760 1443 1792 Et
1473 1763 1515 1792 ab
1543 1760 1596 1791 his
1627 1762 1870 1801 distinguantur
1900 1761 2077 1793 facultates
2101 1762 2184 1793 Sub-

1201 1805 1354 1842 ditomm,
1375 1815 1438 1836 nec
1463 1805 1699 1835 conturbentur
1723 1805 1877 1842 dominia,
1901 1815 1963 1836 nec
1986 1812 2118 1845 praeter
2141 1803 2187 1836 le-

1201 1848 1313 1889 gitima
1336 1848 1510 1888 stipendia,
1536 1853 1567 1878 et
1592 1848 1663 1878 sine
1686 1848 1772 1878 iusta
1797 1858 1898 1878 causa
1921 1855 2053 1879 sumant
2076 1847 2187 1890 Reges

1201 1901 1240 1921 ex
1276 1889 1489 1921 facultatibus
1524 1891 1748 1927 subditorum,
1782 1897 1940 1932 quantum
1974 1891 2057 1931 ipsis
2091 1889 2185 1929 libet,

1201 1933 1329 1964 Briarei
1349 1934 1511 1971 manibus,
1536 1939 1570 1964 ut
1593 1933 1823 1964 Nazianzenus
1847 1932 2003 1974 loquitur.

368 2044 456 2072 Hunc
479 2044 576 2073 locum
604 2044 652 2073 De
679 2046 865 2082 nia-qulram
885 2045 1020 2084 politico
1046 2046 1073 2073 in
1098 2044 1155 2073 hac
1178 2044 1311 2073 editione
1335 2044 1491 2073 Examinis
1510 2043 1764 2078 ordinandorum,
1790 2054 1878 2082 quam
1904 2044 1954 2073 hic
1984 2045 2186 2074 recudendam

164 2096 318 2119 curamus,
343 2088 480 2124 sequitur
503 2087 590 2116 locus
611 2087 660 2116 De
679 2098 695 2115 c
717 2090 841 2126 uinffl'o,
871 2089 921 2127 qui
951 2088 1058 2117 iisdem
1083 2089 1186 2117 verbis
1207 2089 1263 2116 iam
1294 2088 1322 2116 iu
1354 2087 1501 2116 Locorum
1526 2087 1764 2125 theologicorum
1788 2086 1945 2116 latinorum
1970 2089 2058 2117 tertia
2086 2091 2186 2117 aetate

163 2128 271 2167 legitur
290 2130 370 2164 (vid.u
385 2129 453 2158 Vol.
477 2129 559 2159 XXI.
582 2131 741 2169 Appendix
761 2132 781 2160 1.
802 2141 831 2169 p.
856 2133 1075 2160 lom-1076.
1101 2131 1179 2161 conf.
1201 2141 1228 2169 p.
1254 2133 1343 2160 1051.
1365 2132 1498 2168 notar),
1519 2134 1700 2169 quapropter
1719 2129 1748 2158 h.
1769 2129 1787 2159 l.
1813 2141 1880 2159 eum
1906 2131 2083 2165 omittimus,
2104 2130 2186 2160 illico

163 2173 419 2207 transgredientes
448 2173 486 2202 ad
509 2173 753 2212 Rcsponsz'onem
776 2174 816 2203 cle
838 2175 1060 2204 controversiis
1077 2173 1242 2207 Stuncari,
1274 2183 1351 2212 quae
1372 2173 1456 2202 illum
1481 2173 1519 2202 de
1543 2174 1682 2212 coniugio
1705 2172 1805 2201 locum
1834 2174 1862 2202 in
1883 2173 1939 2202 hac
1959 2174 2092 2203 editione
2115 2173 2186 2203 sub·

162 2215 308 2253 sequitur.

208 2379 512 2422 RESPONSIO
544 2381 788 2422 PHILIPPI
819 2380 1231 2422 MELANTHONIS
1263 2381 1337 2421 DE
1369 2379 1814 2422 CONTROVERSHS
1848 2379 2145 2421 STANCARI.

255 2504 349 2539 Quod
372 2504 473 2537 filius
487 2505 548 2537 Dei
563 2506 725 2538 Dominus
750 2512 866 2537 noster
886 2507 979 2538 lesus
992 2505 1146 2537 Christus

166 2546 341 2578 crucifixus
364 2559 423 2588 pro
448 2551 544 2580 nohis
563 2556 595 2580 et
618 2550 836 2581 resuscitatus
854 2550 961 2580 oravit
977 2556 1147 2580 aeternum

1202 2507 1296 2548 ipso,
1330 2506 1417 2537 idem
1447 2505 1537 2553 ι11111111
1572 2506 1670 2537 dubie
1704 2516 1836 2547 semper
1871 2512 1953 2536 orat.
2000 2505 2052 2536 Ad
2087 2504 2185 2536 huius

1202 2550 1318 2580 summi
1348 2549 1543 2580 Sacerdotis
1577 2549 1801 2590 precationem
1830 2555 1946 2580 nostra
1980 2554 2057 2579 vota
2087 2549 2184 2579 etiam

167 2589 298 2621 Patrem
322 2591 353 2621 in
376 2602 485 2634 agone
507 2603 585 2630 suo,
609 2600 645 2624 ut
668 2591 779 2631 faciat,
802 2599 837 2624 ut
859 2603 960 2624 unum
990 2593 1093 2623 simus
1115 2593 1147 2623 in
1201 2593 1439 2634 adiungamuS,
1469 2598 1501 2623 et
1523 2599 1674 2634 petamus
1697 2592 1796 2630 idem,
1821 2597 1855 2623 ut
1878 2597 2005 2623 mentes
2029 2598 2063 2622 et
2082 2592 2185 2622 corda
