2383 2990
167 126 210 158 23

167 220 253 251 hanc
277 221 381 261 ipsam
406 222 448 252 ob
469 231 604 251 causam
627 222 786 251 immensa
808 220 1034 251 misericordia
1056 227 1144 262 pate-

168 262 244 294 fecit
263 262 356 294 Deus
379 264 631 305 promissionem
655 264 696 293 (le
715 263 841 301 Gratia,
865 269 897 293 et
919 264 1075 304 imputata
1099 264 1145 294 iu-

167 307 255 336 stitia
279 314 413 347 propter
436 307 584 337 meritum
607 305 678 336 Filii
701 305 908 337 Mediatoris.
976 306 1015 337 Et
1050 306 1146 338 simul

166 348 201 379 fit
226 349 392 380 inchoatio
416 349 621 380 obedientiae
645 359 705 379 seu
719 347 958 380 conformitatis
972 361 1047 381 cum
1059 349 1145 388 Deo,

165 392 254 422 iuxta
279 393 399 422 (lictum
422 392 452 422 ἱ).
473 391 550 423 Cor.
575 391 604 422 3.
641 391 929 423 Transformamur
951 394 984 424 in
1008 394 1146 424 eandem

164 434 352 477 imaginem,
377 441 532 476 tanquam
555 445 575 465 a
598 433 731 466 Domini
755 435 889 477 Spiritu.

444 600 494 640 V.

542 600 856 655 Argumentum.
1170 554 1174 611 Ι

222 712 335 752 Deus
368 712 568 762 iustificat,
1170 614 1174 747 i

222 772 334 812 Deus
369 780 430 812 est
463 773 633 822 dilectio,

221 831 329 886 Ergo
363 833 523 872 dilectio
555 832 753 872 iustificat.

248 922 462 964 Respondeo.
509 922 666 954 Concedo
690 930 812 960 totum,
842 924 870 953 si
894 924 965 955 sine
989 924 1147 965 ambigui·
1170 936 1173 951 ι

163 972 230 997 tate
259 973 490 1007 argumentum
521 965 732 1005 intelligatur.
786 966 880 997 Deus
916 973 966 997 est
1003 961 1173 1016 (111θυῖ10,1

164 1009 303 1046 scilicet,
328 1021 391 1050 qua
414 1020 474 1040 nos
494 1008 607 1050 diligit,
631 1010 663 1039 id
682 1015 743 1046 est,
768 1016 817 1039 est
842 1011 987 1040 essentia
1009 1020 1087 1040 vere
1106 1021 1146 1041 ac
1170 1019 1173 1044 ς

163 1053 251 1083 serio
272 1052 412 1093 diligens
436 1052 584 1082 homines
609 1060 745 1093 propter
769 1051 894 1082 Filium.
929 1053 967 1083 Et
994 1052 1077 1083 haec
1102 1054 1147 1083 di·
1170 1048 1174 1089 ¹,

162 1094 274 1133 lectio,
297 1106 360 1136 qua
375 1096 464 1126 Deus
484 1106 546 1125 nos
566 1093 668 1135 diligit
689 1102 826 1135 propter
838 1094 966 1132 Filium,
981 1096 1146 1126 iustificat.
1170 1096 1173 1140 ξ

163 1138 269 1169 Huius
293 1139 530 1179 propositionis
566 1137 760 1169 correlativa
786 1145 851 1168 est:
883 1139 961 1169 fide
990 1140 1146 1169 iustifica-
1171 1143 1173 1160 ¹

162 1193 246 1219 mur,
271 1182 299 1211 id
327 1188 388 1219 θεῖ,
408 1181 471 1211 hae
496 1181 572 1217 fide,
597 1191 661 1221 qua
684 1182 899 1221 agnoscimus
919 1188 948 1211 et
971 1183 1146 1212 statuimus
1171 1163 1173 1208 i

163 1235 226 1254 nos
250 1223 338 1265 diligi
362 1231 497 1265 propter
511 1223 636 1254 Filium.
672 1225 864 1254 Adversarii
889 1235 968 1255 vero
990 1226 1145 1265 cogitant,
1170 1237 1173 1262 ι

162 1278 224 1298 11οε
249 1268 354 1298 iustos
375 1278 450 1298 esse
474 1266 660 1307 dilectione,
681 1278 745 1308 qua
768 1267 867 1298 homo
898 1266 1001 1310 diligit
1026 1268 1145 1299 Deum.
1170 1276 1173 1336 Ι

434 1433 506 1473 VI.
539 1433 854 1487 Argumentum.

224 1528 408 1568 Virtutes
471 1542 553 1567 non
610 1534 704 1568 sunt
760 1527 1083 1579 confundendae,

283 1603 375 1628 cum
392 1588 540 1627 Paulus
564 1588 782 1628 discernat:
815 1589 946 1639 Fides,
973 1588 1084 1643 Spes,

281 1648 466 1697 Dilectio‚
499 1649 574 1688 tria
606 1650 726 1698 haec,
760 1649 832 1688 sed
863 1649 991 1688 maior
1023 1649 1084 1689 in-

281 1715 344 1748 ter
374 1709 447 1748 has
480 1708 663 1758 Dssectio,

221 1768 388 1809 Fiducia
421 1775 482 1808 est
514 1769 619 1808 actio
652 1783 726 1808 seu
757 1775 871 1808 actus
903 1769 999 1823 spei,

222 1829 330 1883 Ergo
362 1829 510 1869 fiducia
543 1836 604 1869 est
637 1829 901 1868 discernenda
933 1844 957 1868 a
989 1829 1099 1869 Fide.
1169 1815 1173 1900 1

249 1937 451 1977 Respondeo
476 1937 517 1967 ad
541 1937 710 1968 maiorem.
755 1936 881 1968 Verum
906 1943 976 1974 est,
1006 1937 1146 1968 virtutes
1169 1905 1173 1973 i

164 1990 230 2012 non
254 1990 332 2011 esse
356 1979 620 2017 confundendas,
644 1980 703 2010 sed
723 1986 814 2010 recte
838 1978 1053 2021 intelligenda
1071 1987 1148 2011 sunt
1170 1981 1174 2020 l

165 2024 364 2055 discrimina.
404 2023 487 2053 Nam
506 2024 604 2054 Fides
627 2034 694 2054 non
718 2029 769 2053 θεῖ
792 2029 916 2053 ῖ311ῖ11111
941 2024 1065 2061 notitia,
1089 2024 1149 2054 sed
1171 2023 1174 2046 i

165 2073 217 2097 est
250 2065 348 2097 simul
379 2067 533 2097 assentiri
564 2067 794 2107 promissioni,
824 2067 856 2096 in
880 2076 944 2106 qua
968 2066 1149 2097 offeruntur

164 2110 316 2141 remissio
340 2115 565 2149 peccatorum,
586 2108 824 2146 reconciliatio,
849 2109 982 2139 donatio
1007 2110 1148 2149 Spiritus

165 2153 274 2183 sancti
299 2158 330 2183 et
350 2154 435 2183 vitae
453 2159 618 2183 aeternae.
648 2151 690 2182 Et
713 2158 763 2183 est
788 2151 906 2182 fiducia
929 2153 1148 2192 acquiescens

165 2196 199 2226 in
228 2195 301 2226 Deo
330 2202 468 2236 propter
496 2195 729 2233 Mediatorem,
771 2195 935 2225 acce-lens
963 2195 1005 2225 ad
1028 2194 1147 2233 Deum,

166 2244 199 2269 et
239 2239 428 2270 accendens
476 2238 735 2276 invocationem,
783 2244 815 2268 et
854 2237 1003 2268 clamans
1050 2239 1149 2268 Abba

165 2280 276 2312 Pater.
321 2281 362 2312 Et
390 2282 464 2322 quia
488 2281 586 2312 Fides
616 2281 650 2311 in
674 2281 863 2322 praesentia
892 2281 1012 2321 accipit
1035 2282 1149 2311 remis-

166 2325 293 2354 sionem
315 2330 529 2365 peccatorum
558 2330 588 2355 et
618 2323 939 2361 reconciliationem,
968 2329 999 2354 et
1028 2323 1148 2354 fidncia

166 2368 354 2408 praesentis
379 2367 540 2398 beneficii.
576 2367 644 2398 Sed
667 2377 745 2408 spes
770 2373 820 2397 est
845 2374 937 2397 certa
960 2368 1147 2407 expectatio

166 2410 254 2440 vitae
277 2416 450 2448 aeternae,
474 2410 578 2451 gratis
603 2411 731 2441 dandae
759 2416 896 2451 propter
919 2409 1148 2447 Mediatorem‚

167 2457 200 2482 et
214 2458 265 2482 est
283 2454 468 2492 expectatio
482 2453 692 2494 mitigationis
712 2463 893 2493 poenarum
913 2451 1148 2493 corporalium,

166 2495 256 2526 iuxta
279 2495 482 2526 voluntatem
505 2495 578 2526 Dei.
624 2495 707 2527 Cum
731 2496 831 2538 igitur
859 2496 979 2526 fiducia
1003 2496 1148 2526 nomina-

167 2543 221 2568 tur
242 2543 340 2569 actus
363 2539 445 2579 spei,
468 2538 661 2580 intelligitur
675 2539 810 2570 Fiducia
832 2537 962 2570 suturae
981 2537 1148 2569 liberatio-

167 2580 232 2619 nis,
254 2590 315 2613 seu
336 2579 465 2613 futurae
487 2582 713 2624 mitigationis
747 2581 892 2613 Dilectio
917 2587 968 2612 est
991 2582 1148 2613 obedien-

799 124 911 156 PfflL.
934 124 1039 157 MEL.
1062 124 1250 157 SCRIPTA
1269 124 1536 157 DOGMATICA

1171 1221 1173 1233 ι
1199 1218 1272 1237 men
1297 1217 1364 1237 11011
1396 1216 1472 1236 esse
1502 1207 1664 1247 integram
1694 1206 1794 1247 Legis
1824 1206 2058 1246 impletionem.

2139 125 2184 156 24

1200 221 1260 258 tia,
1291 230 1376 262 quae
1404 218 1619 260 praelucente
1648 217 1714 250 fide
1741 225 1935 260 praestatur
1962 218 2055 256 Deo,
2091 219 2184 250 iuxta.

1200 264 1308 295 onmia
1331 264 1496 300 mandata,
1520 263 1569 292 sic
1590 268 1626 293 ut
1649 272 1708 293 cor
1730 261 1870 293 laetetur
1892 263 1924 293 in
1946 261 2033 293 Deo.

1452 428 1543 468 VII.
1608 427 1922 481 Argumentum.

1260 524 1369 563 Mala.
1402 538 1523 577 opera
1556 523 1762 562 damnant.

1260 584 1366 638 Ergo
1409 585 1517 623 bona
1561 583 1736 633 salvant,
1784 582 1877 636 quia
1924 583 2123 623 contraria

1320 644 1475 683 habent
1508 644 1726 683 contrarios
1760 644 1939 682 effectus.

1286 734 1501 775 Respondeo.
1547 733 1733 772 Contraria,
1757 736 1785 764 si
1810 736 1875 765 sint
1898 735 2020 775 patiter
2042 734 2182 775 integra,

1198 777 1323 808 habent
1348 778 1536 808 contrarios
1563 777 1711 808 effectus.
1765 777 1832 808 Sed
1857 776 1955 823 malav
1977 787 2078 818 opera
2107 781 2185 807 sunt

1199 822 1326 862 integre
1350 819 1447 857 mala,
1471 821 1559 861 quod
1584 821 1624 850 de
1648 831 1713 851 non
1737 821 1861 851 renatis
1886 820 2096 851 manifestum
2120 825 2183 850 est.

1198 864 1283 894 Nam
1304 864 1401 894 etiam
1425 864 1455 893 in
1470 864 1616 894 Aristide
1642 871 1669 893 et
1686 864 1843 904 Scipione
1867 870 1943 894 sunt
1967 873 2106 904 magnae
2119 864 2184 893 vir-

1199 913 1298 943 tutes,
1325 907 1399 947 quia
1425 907 1486 937 nisi
1511 912 1600 937 esset
1632 905 1816 947 aliquorum
1843 909 2101 948 gubernatorum
2129 916 2184 936 ex-

1200 948 1326 980 cellens
1350 950 1455 980 virtus
1487 956 1518 980 et
1541 950 1719 989 sapientia,
1749 960 1815 980 non
1844 956 1958 990 posset
1989 947 2184 980 conservari

1198 992 1341 1023 humana
1364 993 1529 1023 societas:
1554 992 1678 1023 Tamen
1702 991 1764 1023 hae
1789 993 1928 1023 virtutes
1948 1003 2013 1023 non
2032 998 2109 1022 sunt
2126 992 2184 1021 im-

1198 1034 1298 1076 pletio
1323 1035 1436 1076 Legis,
1460 1042 1592 1066 manent
1623 1036 1654 1065 in
1684 1036 1784 1066 corde
1808 1037 1966 1066 tenebrae
1990 1036 2030 1066 de
2053 1034 2127 1065 Deo
2152 1040 2185 1065 et

1200 1079 1239 1109 de
1264 1078 1346 1108 Filio
1370 1078 1445 1116 Dei,
1470 1079 1693 1109 dubitationes
1718 1084 1748 1108 et
1773 1078 1928 1109 horrendi
1952 1078 2103 1109 fremitus
2127 1077 2184 1107 ad-

1200 1131 1319 1151 versus
1332 1120 1452 1151 Deum.
1488 1121 1618 1151 Deinde
1642 1121 1850 1152 manifestum
1875 1128 1937 1158 est,
1962 1122 2059 1152 etiam
2082 1121 2115 1150 in
2133 1130 2183 1150 re-

1199 1165 1298 1201 natis,
1324 1174 1509 1204 quanquam
1535 1165 1636 1194 estin
1661 1166 1708 1195 eis
1732 1164 1885 1194 inchoata
1913 1164 2111 1201 obedientia,
2135 1170 2183 1193 ta-

2104 1206 2182 1237 Ideo

1170 1267 1173 1274 ·
1199 1250 1317 1280 dicitiu·
1340 1251 1372 1280 in
1397 1248 1547 1280 Psalmo:
1576 1250 1649 1279 Non
1680 1250 1911 1280 iustificabitur
1939 1250 1971 1279 in
2001 1255 2185 1288 conspectu

1199 1299 1255 1323 tuo
1281 1294 1386 1323 omnis
1406 1293 1534 1323 vivens.
1568 1292 1609 1323 Et
1629 1293 1686 1323 lob
1705 1303 1776 1333 cap.
1795 1293 1825 1323 9.
1845 1293 1966 1333 inquit:
1991 1292 2081 1322 Vere
2099 1292 2184 1329 scio,

1199 1336 1288 1377 quod
1312 1346 1378 1366 11011
1401 1335 1597 1366 iustificetur
1620 1335 1719 1365 homo
1746 1346 1857 1367 coram
1881 1335 1967 1366 Deo.
2014 1334 2096 1366 Cum
2125 1335 2184 1375 igi-

1198 1385 1252 1409 tur
1270 1389 1336 1409 non
1350 1380 1391 1408 sit
1412 1379 1540 1419 integra
1563 1379 1760 1415 obedientia,
1784 1389 1851 1408 non
1872 1376 1959 1408 valet
1978 1387 2185 1418 consequen-

1200 1422 1260 1451 tia:
1285 1420 1374 1451 'Mala
1394 1431 1496 1461 opera.
1516 1422 1681 1459 damnant,
1703 1421 1794 1462 Ergo
1815 1422 1900 1451 bona
1923 1431 2022 1461 opera
2041 1419 2184 1456 salvant,

1199 1465 1274 1504 quia
1300 1465 1467 1494 contraria
1491 1475 1556 1494 11011
1582 1471 1657 1494 ε1111ῖ
1683 1463 1847 1505 aequalia.
1894 1463 1985 1494 Haec
2010 1462 2184 1493 antithesis

1198 1506 1343 1538 illustrat
1367 1507 1563 1537 beneficium
1587 1506 1722 1544 Christi,
1747 1508 1801 1547 qni
1824 1507 1905 1548 tegit
1929 1505 2084 1547 reliquias
2108 1515 2184 1546 pec-

1199 1551 1261 1580 03ῖί
1285 1550 1317 1580 111
1342 1551 1480 1588 renatis,
1505 1551 1593 1580 iuxta
1618 1551 1756 1581 dictum:
1791 1551 1884 1581 Beati
1910 1560 2047 1591 quorum
2072 1549 2185 1579 remis-

1197 1603 1256 1623 sae
1280 1598 1356 1623 sunt
1386 1594 1572 1633 iniquitates
1599 1599 1631 1624 et
1655 1604 1795 1634 quorum
1819 1600 1903 1623 tecta
1928 1599 2004 1623 sunt
2034 1597 2185 1633 peccata,

1197 1636 1229 1667 id
1254 1641 1316 1674 est,
1340 1636 1445 1666 renati
1469 1635 1599 1676 placent
1625 1644 1760 1677 propter
1773 1636 1991 1667 Metliatorem
2016 1637 2092 1672 fide,
2117 1645 2186 1665 non

1197 1685 1335 1719 propter
1354 1680 1521 1720 propriam
1536 1680 1740 1721 (lignitatem,
1761 1680 1836 1720 qnia
1858 1679 2013 1709 inchoata
2030 1678 2184 1710 obedien-

1197 1723 1243 1753 tia
1265 1722 1373 1753 adhuc
1396 1721 1514 1763 procul
1536 1724 1634 1753 abest
1657 1734 1676 1754 a
1699 1721 1902 1763 perfectione
1926 1723 2037 1763 LegiS.

1462 1896 1572 1937 VIII.
1605 1897 1920 1951 Argumentum.

1260 2009 1511 2063 Impossibile
1544 2014 1606 2047 est
1628 2022 1744 2047 nosse
1768 2008 2020 2047 voluntatem
2046 2008 2124 2048 Dei

1322 2084 1417 2123 erga
1450 2083 1533 2118 nos,
1566 2068 1679 2107 iuxta
1703 2068 1874 2107 dictum:
1909 2067 2008 2117 Quis
2025 2083 2122 2108 con-

1323 2129 1487 2169 siliarius
1521 2128 1605 2167 eius
1636 2128 1737 2168 fuit?

1262 2187 1438 2229 Credere
1487 2188 1598 2241 quod
1642 2189 1794 2227 habeas
1847 2189 2124 2228 remissionem

1320 2255 1590 2304 peccatorum⁷
1624 2256 1686 2288 est
1713 2248 1863 2301 aliquid
1893 2264 2123 2289 asseverare

1322 2316 1363 2348 et
1389 2308 1589 2348 affirmare
1614 2309 1665 2348 de
1690 2309 1900 2349 vohmtate
1925 2309 2003 2348 Dei
2027 2324 2123 2363 erga

1320 2384 1404 2419 nos,
1948 2370 1951 2372 ’

1261 2429 1376 2469 Haec
1398 2428 1520 2482 igitur
1541 2427 1756 2468 affirmatio
1775 2436 1836 2469 est
1856 2428 2121 2483 impossibilis.

1287 2538 1499 2579 Respondeo.
1552 2536 1643 2568 Haec
1666 2538 1738 2578 ipsa
1763 2537 1952 2579 imaginatio
1982 2536 2184 2568 Academica

1201 2591 1263 2613 seu
1294 2580 1481 2623 Pyrrhonia
1514 2581 1657 2612 omnium
1689 2580 1856 2612 hominum
1897 2586 2025 2611 mentes
2060 2581 2181 2611 turbat.
