2383 2990
147 114 210 146 275
776 110 888 139 PHIL.
910 109 1014 139 MEL.
1037 107 1225 139 SCRIPTA
1247 105 1527 139 DOGMATIGA.
2114 105 2180 138 276

148 208 180 240 in
204 205 336 239 Achille
360 208 499 248 imperat
522 206 689 240 manibus,
721 214 763 235 ne
788 203 954 244 stringant
977 201 1134 245 gladium.

149 251 315 283 Voluntas
350 252 382 282 in
415 249 591 281 laborante
624 247 792 287 1011111105,
829 252 941 288 potest
976 249 1136 278 coercere

148 306 284 334 01011115,
315 305 356 326 ne
385 292 538 335 poculum
565 292 613 323 ori
637 292 852 327 admoveant,
884 290 1013 321 etiamsi
1037 288 1136 321 valde

147 341 226 372 sitit.

235 408 330 440 Hanc
362 406 548 438 libertatem
577 404 671 436 Deus
706 405 739 438 111,
769 402 901 433 homine
931 401 1027 443 lapso
1059 401 1135 433 reli·

149 463 248 495 quam
271 461 349 482 esse
373 448 496 487 voluit,
524 456 557 480 nt
589 447 741 479 homines
766 445 941 487 disciplina
965 446 1035 487 regi
1058 455 1136 487 pos-

149 501 239 533 sent,
268 496 360 526 iuxta
390 494 529 525 dictum:
560 492 630 523 Lex
659 497 711 522 est
741 490 872 521 iniustis
900 490 1017 531 posita,
1064 489 1136 519 Nisi

148 540 233 572 enim
256 538 340 569 haec
363 536 500 568 libertas
523 537 554 567 in
580 534 822 578 gubernatione
850 533 1017 575 potentiae
1044 531 1136 563 loco-

148 583 290 614 motivae
315 591 375 612 seu
400 586 614 612 externorum
638 578 861 609 membrorum
884 575 1011 617 reliqua
1035 581 1136 614 esset,

147 635 288 668 prorsus
312 625 344 655 in
368 634 434 655 non
458 624 598 660 renatis,
632 621 743 653 nullus
772 630 854 652 usus
878 626 970 651 esset
992 617 1136 661 discipli-

147 680 211 701 nae
240 667 357 703 ullius,
392 674 425 699 et
454 666 659 708 politicarum
689 665 818 707 legum,
849 670 882 694 et
912 663 1136 694 comminatio-

147 720 244 751 num,
277 721 362 754 quae
393 711 632 752 proponendae
661 714 756 745 sunt,
789 712 826 739 ut
856 705 946 737 sacta
976 705 1136 737 delibera-

147 757 253 794 tione,
281 766 341 786 scu
366 754 498 786 delectu
523 753 773 785 commodorum
797 757 825 782 01
852 750 1136 781 incommodorum

147 800 279 838 habito,
315 797 468 830 voluntas
500 797 633 840 fugiens
663 804 790 838 poenas
821 795 958 834 imperet
990 792 1135 824 externis

145 844 314 881 1000111115,
338 853 380 874 00
403 841 527 873 saciant
551 847 664 872 contra
690 839 795 880 leges.

233 912 309 943 Non
334 913 481 943 obscura
506 917 557 941 est
577 910 728 941 doctrina
747 910 788 939 de
807 909 872 939 hoc
892 915 1015 948 genere
1033 906 1134 936 actio-

149 968 239 994 01101,
264 963 295 987 01
321 956 373 986 1115
398 955 453 996 qui
477 964 542 986 non
567 959 645 985 sunt
668 953 769 984 rudes
794 950 1033 983 elementorum
1055 947 1136 990 phy-

148 1001 253 1038 sices,
288 999 394 1041 inagis
425 999 525 1029 obvia
554 1003 616 1028 est.
663 996 715 1026 Ac
750 1002 784 1026 ut
820 994 923 1035 vulgo
958 991 1134 1034 loquimur,

147 1044 238 1074 Haec
259 1042 455 1085 gubernatio
476 1048 526 1073 est
547 1038 719 1079 δεσποτική,
745 1039 776 1069 id
796 1044 858 1076 est,
880 1038 1020 1077 imperat
1039 1036 1135 1066 etiam

147 1086 275 1125 invitis,
307 1092 341 1117 ut
373 1086 525 1117 dominus
556 1085 674 1115 servis
722 1082 857 1113 Frenari
884 1086 1052 1121 utcunque
1080 1083 1137 1109 aut

149 1130 227 1162 cieri
251 1135 385 1161 externa
415 1129 579 1165 membra,
608 1126 792 1159 voluntatis
821 1125 955 1166 imperio
983 1127 1138 1164 possunt,

147 1174 219 1205 sive
237 1174 325 1205 intus
347 1177 533 1214 congruant.
552 1170 705 1203 adfectus
726 1179 786 1200 5011
806 1169 1040 1210 adpetitiones,
1064 1166 1137 1197 sive

147 1228 214 1248 000
243 1222 450 1258 congruant,
487 1215 529 1246 Ut
559 1214 718 1246 laborans
752 1213 902 1244 febribus
935 1212 1031 1242 011001
1062 1220 1167 1241 cum<

147 1260 246 1292 valdo
268 1261 345 1298 sitit,
370 1265 482 1301 potest
507 1261 667 1290 coercere
689 1267 806 1289 1030115
831 1261 863 1286 01
886 1254 994 1291 labra,
1018 1263 1061 1285 nc
1078 1263 1137 1293 po-

148 1303 257 1336 culum
280 1304 453 1346 attingant.

233 1372 387 1404 Alterum
418 1382 525 1414 genus
555 1372 722 1403 actionum
750 1371 783 1401 in
813 1368 985 1400 voluntate
1016 1369 1137 1398 obscu-

148 1418 216 1449 rius
241 1422 303 1455 est,
330 1427 404 1448 0001
429 1414 585 1447 voluntas
609 1425 689 1446 vera
713 1419 746 1445 et
765 1413 854 1444 seria
877 1411 1054 1448 electione,
1077 1420 1139 1441 5011

148 1464 323 1503 προαιρέσει
347 1458 491 1491 antefert
513 1459 674 1490 honestas
698 1457 864 1493 00110005,
887 1461 923 1487 ut
937 1452 1138 1496 Hippolytus

148 1504 236 1536 serio
273 1509 306 1535 et
335 1504 408 1535 sine
438 1501 650 1534 simulatione
679 1500 762 1533 vitat
795 1504 828 1531 et
858 1497 943 1540 fugit
970 1506 1139 1529 novercae

148 1547 372 1585 concubitum,
397 1545 569 1578 Fabricius
589 1545 678 1577 serio
699 1550 732 1576 et
751 1544 823 1574 sine
842 1541 1053 1573 simulatione
1065 1540 1138 1571 reii-

148 1592 193 1623 cit
216 1602 332 1623 aurum
354 1601 374 1621 a
397 1588 528 1633 Pyrrho
559 1589 707 1620 missum.
754 1587 838 1618 Nam
866 1592 896 1617 et
926 1586 959 1616 in
989 1595 1057 1615 non
1088 1594 1138 1614 re-

150 1635 236 1666 natis
260 1633 417 1666 voluntas
441 1633 531 1665 serio
555 1637 671 1675 potest
692 1630 855 1663 honestas
879 1629 1028 1660 actiones
1060 1637 1140 1669 erga

148 1678 301 1710 homines
331 1676 444 1719 aliquo
472 1676 572 1708 modo
595 1674 701 1714 velle,
736 1674 797 1706 sed
819 1673 892 1705 sine
922 1673 1040 1704 timore
1062 1670 1139 1708 Dei,

150 1723 223 1753 sine
246 1732 327 1754 vera
345 1721 468 1752 fiducia
497 1726 529 1752 et
557 1719 629 1751 sine
652 1717 832 1750 dilectione
855 1715 929 1748 Dei.
977 1715 1045 1747 Sed
1075 1715 1140 1746 hae

149 1766 298 1797 actiones
321 1765 431 1796 seriae
454 1769 487 1795 et
509 1774 578 1795 non
601 1761 777 1794 simulatae
799 1761 944 1792 rariores
968 1764 1001 1790 et
1019 1759 1140 1790 obscu-

151 1809 257 1841 riores
288 1815 376 1841 sunt.
422 1808 499 1840 Ideo
530 1807 639 1850 magis
672 1806 847 1838 iubeamus
880 1803 986 1846 aspici
1021 1803 1141 1844 guber-

150 1853 317 1885 nationem
341 1852 511 1894 potentiae
533 1849 767 1887 locomotivae,
792 1858 877 1889 quac
901 1853 1070 1888 utcunque
1089 1851 1141 1877 est

151 1897 276 1929 rectrix
300 1895 496 1937 disciplinae
518 1895 550 1926 in
574 1892 735 1936 pluribuS.

237 1965 322 1998 Cum
345 1965 444 2007 igitur
457 1962 583 1996 Paulus
606 1971 769 2006 expresse
792 1961 880 1992 dicat
903 1959 1046 2002 aliquam
1065 1968 1143 1990 esse

154 2009 310 2041 iustitiam
334 2008 464 2047 carnis,
493 2008 526 2039 id
550 2013 619 2046 est,
642 2011 814 2038 externam
838 2003 1059 2036 obedientiam
1081 2011 1143 2033 seu

155 2051 381 2094 disciplinam,
416 2061 515 2093 quam
544 2050 697 2082 homines
727 2059 794 2080 non
817 2047 924 2079 renati
946 2052 982 2078 ut
1012 2055 1143 2087 cunque

153 2101 324 2139 praestare
346 2100 502 2137 possunt,
520 2092 692 2126 fatendum
714 2098 768 2125 est
785 2091 929 2133 aliquam
949 2099 1026 2121 esse
1043 2088 1144 2120 liber-

153 2145 271 2178 tatem,
300 2149 361 2172 seu
384 2137 549 2170 delectum
572 2137 670 2169 etiam
692 2136 726 2167 in
748 2146 817 2168 non
839 2134 975 2166 renatis.
1020 2133 1073 2164 Ac
1102 2133 1145 2163 de

155 2182 398 2226 gubernatione
420 2181 647 2213 locomotivae
670 2189 726 2212 res
748 2177 926 2211 manifesta
948 2182 1012 2215 est,
1036 2181 1072 2209 ut
1089 2186 1143 2207 ex-

154 2227 316 2268 perientia
340 2224 541 2258 universalis
566 2234 681 2256 omnes
706 2223 884 2255 convincit.

241 2295 337 2328 Ha'nc
359 2295 546 2327 libertatem
569 2294 715 2325 adimere
739 2291 927 2323 hominibus
952 2300 1019 2322 non
1037 2288 1145 2320 solum

155 2339 294 2371 stultitia
317 2345 380 2378 est,
404 2339 464 2370 sed
489 2339 585 2370 etiam
614 2337 819 2380 perversitas
844 2340 895 2367 est
916 2334 1025 2366 Deum
1048 2331 1147 2365 valde

157 2383 341 2422 offendens,
366 2383 443 2425 quia
466 2381 561 2413 Deus
584 2382 617 2412 in
643 2378 785 2423 singulis
810 2379 997 2411 hominibus
1019 2376 1145 2408 renatis

156 2432 188 2457 et
216 2437 285 2458 non
314 2426 439 2457 renatis
474 2424 682 2467 disciplinam
716 2423 786 2465 regi
820 2432 940 2454 severe
974 2420 1145 2462 praecipit.

156 2469 241 2501 Nam
265 2476 297 2501 et
319 2469 444 2501 renatis
467 2469 606 2512 prodest
636 2467 702 2500 hoc
725 2465 873 2505 frenum,
900 2466 975 2508 quia
998 2462 1147 2506 plerique

156 2515 190 2544 in
213 2511 278 2544 11οε
301 2513 367 2545 vita
390 2519 467 2544 sunt
489 2512 686 2550 imbecilles,
710 2510 752 2541 Et
776 2516 889 2542 notum
913 2515 966 2541 est
985 2514 1080 2540 vetus
1101 2507 1147 2538 di·

158 2562 262 2588 ctum:
285 2557 391 2588 vitare
412 2562 572 2597 peccata,
603 2562 655 2588 est
678 2555 783 2587 vitare
807 2554 1007 2585 occasiones
1030 2561 1148 2593 pecca-

159 2606 276 2633 torum.
322 2599 364 2631 Et·
389 2598 510 2632 Paulus
534 2601 656 2642 inquit:
680 2598 811 2641 Redigo
834 2608 943 2629 meum
967 2604 1090 2638 corpus
1116 2595 1147 2625 in

1188 204 1401 238 servitutem,
1432 200 1522 242 quod
1549 198 1662 241 aliqua
1686 209 1727 231 ex
1749 205 1846 241 parte
1870 199 1906 231 fit
1927 198 2098 232 frenandis
2122 211 2177 233 ex-

1187 246 1291 277 ternis
1310 244 1479 277 membris.
1524 242 1567 274 Et
1595 244 1627 274 in
1651 245 1777 274 renatis
1807 243 1893 274 haec
1921 243 2091 286 diligentia
2120 245 2178 276 bo-

1188 300 1266 321 num
1297 298 1381 330 opus
1413 294 1481 325 est,
1512 293 1545 318 ct
1574 286 1650 317 Deo
1678 285 1837 327 placens,
1861 286 2075 328 praelucente
2100 287 2175 326 fide,

1188 339 1224 364 ut
1247 343 1310 364 suo
1334 331 1410 363 loco
1435 331 1573 362 dicetur.
1618 330 1758 371 Sintque
1781 330 1814 360 in
1838 338 2024 372 conspectu
2055 341 2179 362 causae

1189 382 1349 417 quatuor,
1383 385 1469 416 quae
1492 384 1555 405 nos
1585 373 1626 404 ad
1652 384 1766 404 curam
1788 375 1957 416 regendae
1980 373 2177 416 disciplinae

1189 419 1389 451 exuscitent.

1276 487 1397 525 Prima,
1421 487 1497 528 quia
1521 495 1664 517 0000550
1688 490 1739 516 051
1760 486 1925 517 mandatis
1943 485 2008 518 Dei
2031 487 2177 519 obedire.

1276 556 1444 594 Secunda,
1464 562 1499 586 ut
1518 556 1663 587 vitentur
1689 565 1818 595 poenae
1844 555 1877 586 in
1895 555 1961 587 1100
1979 555 2111 588 mortali
2133 557 2179 588 vi-

1189 608 1240 637 ta,
1267 607 1299 631 et
1322 599 1449 638 futura,
1485 600 1563 641 quia
1593 599 1815 630 certissimum
1846 605 1897 630 est
1920 600 2029 631 omnia
2052 600 2179 632 atrocia

1189 644 1309 675 delicta
1344 642 1441 674 etiam
1472 643 1503 673 in
1535 642 1599 674 bac
1633 643 1696 673 vita
1720 642 1827 683 puniri
1855 643 2025 674 atrocibus
2048 644 2178 684 poeniS,

1188 693 1223 718 ut
1246 687 1407 728 scriptum
1427 692 1495 717 est:
1521 685 1583 722 Qui
1609 685 1756 728 gladium
1776 687 1955 727 acceperit,
1975 686 2087 729 gladio
2106 697 2180 728 per-

1188 731 1256 761 ibit.
1304 729 1402 767 ltem,
1436 729 1512 761 Non
1536 729 1672 761 habebit
1697 728 1793 760 Deus
1818 729 1983 761 insontem
2007 741 2100 768 eum,
2124 730 2180 772 qui

1189 784 1274 805 vane
1298 778 1437 812 usurpat
1460 783 1581 804 11011100
1606 774 1686 804 0105.
1734 772 1834 810 11010,
1863 773 2075 804 scortatores
2099 773 2180 805 iudi·

1190 818 1278 848 cabit
1307 816 1412 847 Deus.
1460 815 1543 847 Vult
1572 817 1655 847 enim
1686 815 1780 847 Deus
1812 816 1964 858 exempla
1997 827 2181 858 poenarum

1188 862 1222 892 in
1246 859 1309 890 hac
1334 861 1400 891 vita
1425 859 1555 891 mortali
1579 860 1780 891 incurrentia
1804 860 1836 890 in
1861 859 2031 891 hominum
2051 859 2180 899 oculos,

1190 904 1379 934 testimonia
1410 912 1488 934 esse
1516 904 1763 945 providentiae,
1800 901 1869 934 vult
1901 904 1981 934 sciri
2006 914 2072 935 non
2097 914 2181 936 casu

1190 946 1279 978 volvi
1303 957 1357 977 res
1384 945 1555 985 humanas,
1575 948 1635 977 sed
1659 946 1766 977 Deum
1793 956 1869 977 esse
1900 947 2124 987 inspectorem
2147 952 2180 979 et

1188 991 1341 1028 iudicem,
1367 988 1436 1020 vult
1455 1000 1493 1021 se
1506 991 1646 1032 agnosci
1666 988 1773 1031 qualis
1794 990 1847 1028 sit,
1868 989 2034 1029 videlicet,
2059 992 2180 1032 iustus,

1189 1045 1305 1071 verax,
1329 1040 1455 1071 castus,
1479 1033 1682 1065 horribiliter
1704 1034 1846 1074 puniens
1869 1034 2023 1072 iniurias,
2047 1034 2181 1066 menda-

1190 1079 1253 1115 cia,
1276 1076 1442 1114 libidines,
1468 1076 1538 1108 vult
1562 1083 1593 1108 et
1618 1077 1715 1108 huius
1730 1077 1815 1107 vitae
1837 1087 1962 1118 poenas
1982 1078 2079 1119 signa
2102 1087 2182 1109 esse

1190 1122 1318 1152 venturi
1342 1120 1462 1158 iudicii,
1486 1126 1517 1152 et
1542 1118 1884 1151 commonefactiones
1905 1121 1946 1152 de
1965 1121 2179 1162 poenitentia.

1276 1198 1429 1240 Denique
1453 1199 1687 1240 gravissimam
1712 1198 1896 1229 doctrinam
1929 1199 2076 1230 continet
2097 1198 2182 1230 haec

1190 1242 1415 1274 consideratio
1438 1252 1640 1283 poenarum,
1666 1242 1707 1273 dc
1730 1251 1796 1283 qua
1819 1241 1852 1272 in
1876 1241 1929 1272 his
1954 1243 2066 1274 causis
2089 1247 2182 1274 tuen-

1191 1288 1254 1318 dae
1283 1283 1480 1327 disciplinae
1514 1284 1692 1327 loquimur.
1746 1284 1788 1315 Et
1825 1285 1957 1326 quidem
1986 1285 2053 1317 hoc
2086 1283 2183 1318 freno

1192 1333 1328 1362 coercet
1351 1329 1445 1360 Deus
1468 1329 1647 1360 humanum
1672 1338 1795 1370 genuS‚
1818 1334 1854 1359 ut
1876 1327 1964 1360 11000
1987 1329 2184 1370 sapientiam

1190 1374 1288 1405 nobis
1311 1378 1488 1415 proponat,
1514 1373 1599 1403 sicut
1621 1378 1654 1403 et
1677 1369 1833 1402 Psalmus
1857 1372 1974 1413 inquit:
2003 1371 2040 1404 ln
2063 1371 2182 1404 chamo

1192 1423 1224 1450 et
1247 1416 1344 1448 freno
1369 1414 1521 1448 maxillas
1546 1425 1659 1447 eorum
1684 1415 1908 1457 constringes.

1279 1494 1390 1526 Tertia
1414 1504 1518 1525 causa
1543 1499 1605 1531 est,
1630 1493 1706 1534 quia
1718 1492 1812 1524 Deus
1829 1492 1901 1523 vult
1925 1491 2080 1535 singulos
2103 1489 2183 1523 0110·

1191 1550 1263 1570 rum
1286 1538 1374 1570 vitae
1397 1537 1494 1568 etiam
1517 1546 1677 1578 parcere,
1707 1535 1783 1567 Non
1806 1541 1933 1567 tantum
1956 1536 2054 1567 nobis
2077 1535 2184 1567 nasci-

1192 1593 1277 1620 mur,
1302 1581 1362 1612 sed
1386 1581 1454 1612 vita
1477 1580 1634 1612 universa
1657 1580 1783 1610 directa
1814 1588 1892 1610 esse
1923 1579 2022 1610 debet
2044 1579 2185 1620 primum
2206 1606 2209 1608 .

1193 1626 1236 1658 ad
1270 1625 1476 1667 agnitionem
1511 1629 1541 1653 et
1580 1621 1838 1654 celebrationem
1872 1622 1955 1660 Dei,
1990 1623 2109 1654 deinde
2142 1622 2186 1654 ad

1194 1678 1402 1702 communem
1426 1668 1621 1698 societatem
1644 1666 1830 1698 fovendam.
1878 1664 1961 1697 vult
1979 1666 2078 1708 igitur
2091 1665 2185 1697 Deus

1195 1712 1324 1745 servari
1343 1710 1564 1752 disciplinam,
1584 1716 1616 1742 et
1635 1710 1731 1741 vitari
1754 1709 1964 1741 turbationes
1983 1707 2109 1751 politici
2132 1718 2185 1740 or·

1195 1757 1297 1792 dinis,
1325 1762 1361 1787 ut
1390 1756 1423 1786 in
1446 1763 1529 1796 pace
1553 1760 1585 1785 et
1608 1753 1765 1785 mediocri
1796 1751 2054 1794 tranquillitate,
2088 1762 2185 1794 puer·

1194 1810 1296 1843 perae
1330 1805 1362 1831 et
1397 1803 1522 1829 matres
1555 1796 1671 1829 fovere
1705 1795 1881 1835 sobolem,
1925 1794 2185 1837 patresfamiliae

1195 1844 1340 1876 educare
1363 1848 1395 1874 et
1413 1842 1587 1873 instituere
1609 1846 1709 1872 natos
1731 1840 1872 1881 possint.

1282 1912 1352 1944 Has
1380 1917 1450 1943 tres
1481 1920 1604 1943 causas
1639 1907 1825 1952 intelligere
1854 1918 1921 1939 non
1952 1905 2088 1939 difficile
2121 1913 2184 1947 est,

1196 1967 1282 2000 quae
1306 1956 1369 1987 etsi
1404 1956 1502 1986 etiam
1535 1953 1742 1996 sapientibus
1772 1951 1913 1984 ethnicis
1947 1957 2047 1983 notae
2077 1956 2184 1990 erant,

1196 2006 1307 2032 tamen
1330 2008 1541 2042 nequaquam
1565 1996 1828 2029 contemnendae
1852 2000 1940 2026 sunt.

1285 2069 1412 2104 Quarta
1436 2077 1538 2099 causa
1560 2066 1715 2108 proprius
1739 2066 1782 2097 ad
1799 2063 1977 2097 Ecclesiae
2000 2063 2187 2096 doctrinam

1196 2113 1349 2156 pertinet.
1394 2110 1457 2143 Est
1479 2111 1578 2152 igitur
1596 2110 1681 2141 haec
1700 2115 1815 2151 quarta
1835 2118 1950 2146 causa,
1974 2107 2052 2139 Ideo
2071 2116 2188 2139 neces-

1197 2157 1289 2189 saria
1312 2162 1363 2187 est
1387 2153 1580 2195 disciplina,
1603 2153 1697 2195 quia,
1732 2158 1767 2184 ut
1790 2150 1916 2183 Paulus
1941 2151 2037 2190 dicit,
2062 2149 2188 2183 1300110-

1198 2201 1300 2243 gogia
1323 2204 1374 2231 est
1395 2199 1428 2230 in
1459 2197 1638 2230 Christum.
1685 2195 1791 2228 Huius
1821 2196 1900 2227 dicti
1928 2195 2093 2227 sententia
2116 2193 2187 2226 dili-

1199 2250 1317 2286 genter
1353 2241 1599 2274 consideranda
1633 2246 1695 2271 est.
1758 2239 1981 2271 Verissimum
2015 2244 2066 2269 est
2100 2238 2188 2271 enim

1198 2285 1373 2329 Evangelii
1397 2295 1516 2317 vocem
1540 2289 1572 2316 et
1596 2284 1754 2324 Spiritum
1778 2289 1930 2314 53001010
1949 2291 2017 2312 1100
2041 2291 2119 2313 0550
2142 2279 2188 2313 ef·

1200 2331 1340 2363 ficacem
1362 2330 1394 2361 in
1424 2327 1496 2366 his,
1531 2327 1585 2369 qui
1608 2332 1828 2369 perseverant
1857 2327 1889 2358 in
1914 2323 2044 2356 delictis
2070 2330 2188 2357 contra

1200 2374 1449 2406 conscientiam,
1488 2371 1601 2407 Quare
1614 2381 1757 2403 0000550
1771 2376 1823 2402 est
1836 2369 1957 2411 deponi
1971 2367 2094 2400 delicta
2107 2378 2187 2400 con-

1200 2424 1251 2449 tra
1265 2417 1515 2449 conscientiam.
1546 2413 1593 2446 lta
1607 2413 1661 2446 lex
1676 2421 1725 2446 est
1739 2413 1949 2456 paedagogia
1961 2412 1993 2443 in
2007 2411 2190 2450 Christum,

1200 2462 1232 2493 id
1256 2468 1325 2500 est,
1359 2471 1426 2492 000
1449 2458 1557 2490 5010111
1583 2457 1690 2490 civilis
1714 2457 1925 2500 paedagogia
1955 2461 2023 2493 est,
2057 2461 2093 2487 ut
2117 2460 2190 2487 erat

1201 2505 1352 2537 Socratis
1387 2502 1580 2545 disciplina,
1617 2503 1677 2534 sed
1704 2502 1803 2533 etiam
1830 2501 1873 2532 ad
1896 2501 1961 2532 hoc
1985 2499 2189 2541 praestanda

1201 2556 1263 2588 cst,
1287 2549 1363 2591 quia
1385 2546 1638 2590 perseverantia
1661 2546 1693 2576 in
1719 2544 1848 2576 delictis
1873 2550 1990 2576 contra
2013 2542 2187 2574 conscien-

1200 2594 1277 2625 tiam
1299 2599 1393 2624 arcet
1416 2591 1575 2632 Spiritum
1599 2594 1762 2621 sanctum.
