2383 2990
175 135 233 168 131

172 236 317 262 mentum
352 234 401 259 est
437 226 647 268 praecipuum
682 222 848 254 vinculum
883 220 1005 262 politici
1040 225 1157 258 status,

174 273 265 314 Ergo
291 272 360 303 eius
384 270 544 301 autoritas
565 268 705 298 maxime
729 265 860 296 defendi
885 265 983 295 debet
1005 274 1066 304 per
1089 264 1158 294 Ma-

175 316 345 357 gistratus.
391 313 502 347 Quare
525 311 666 341 omnium
696 309 840 350 gentium
862 306 956 349 leges
980 307 1159 338 constitue-

175 364 250 389 runt
281 355 442 397 supplicia
472 355 503 384 in
534 354 698 393 periuros.
754 351 796 382 Et
820 351 890 381 Lex
920 349 992 380 Xll.
1017 347 1159 380 Tabula·

174 411 246 432 rum
282 398 378 429 laude
403 397 597 438 dignissima
621 401 690 432 est,
726 404 812 436 quae
834 392 954 424 falsum
976 398 1093 423 testem
1117 392 1158 422 de

175 452 256 474 saxo
280 441 420 481 Tarpeio
456 439 550 469 deiici
584 438 726 469 iubebat.
775 437 880 468 Porro
903 437 988 467 haec
1011 436 1094 466 ratio
1118 435 1159 465 de

173 485 373 525 Magistratn
396 483 536 513 sumitur
559 487 686 511 tantuin
715 491 735 511 a
758 478 926 520 corporali
945 478 1159 514 necessitate,

173 529 248 559 ideo
272 525 337 557 alia
360 526 455 562 ratio,
481 535 566 565 quae
590 524 729 554 sumitur
751 533 771 553 a
794 521 901 564 gloria
913 521 989 559 Dei,
1008 520 1160 552 addenda

175 575 236 601 est.
284 569 368 599 Nam
404 567 621 609 Magistratus
656 576 723 596 non
759 571 882 595 tantum
917 571 966 595 est
1002 562 1160 594 defensor

176 612 339 652 eorporis,
364 611 425 642 sed
450 611 545 640 etiam
569 608 696 650 gloriae
716 608 791 645 Dei,
814 608 903 649 quod
926 607 968 637 ad
993 613 1160 637 externam
1183 612 1187 652 Ι

175 653 380 695 disciplinam
404 654 529 683 attinet.
563 652 754 682 Tenendum
779 657 829 681 est
852 650 952 692 igitur
974 650 1039 680 hoc
1053 649 1160 690 Argu-

173 704 335 730 mentum:
369 695 587 737 Magistratus
613 699 665 725 est
688 700 803 725 custos
827 695 929 724 totius
949 691 1047 733 legis9
1071 691 1160 733 quod

174 741 217 772 ad
247 746 416 771 externam
453 737 659 778 disciplinam
693 737 825 774 attinet,
855 736 941 767 sieut
964 733 1089 766 Paulus
1113 734 1160 764 in-

175 784 259 825 quit:
287 782 356 813 Lex
379 788 430 812 est
452 782 562 821 posita
584 780 732 817 iniustiS,
755 778 936 820 prophanis
961 783 1022 808 etc.
1069 777 1159 818 Ergo

175 827 272 857 debet
303 826 419 866 punire
448 823 568 855 delicta
592 830 728 853 externa
751 823 914 853 adversus
939 820 1048 851 onmia
1066 829 1161 861 prae-

176 874 281 909 cepta.
328 867 445 898 Puniat
478 866 576 908 igitur
604 871 635 896 et
663 866 806 905 periuria
830 870 861 895 et
884 863 968 895 alias
992 868 1161 894 contume-

175 910 237 942 lias
257 916 412 942 externas
426 909 566 940 nominis
581 909 692 945 divini,
712 906 879 943 videlicet,
894 906 1078 947 Epicureos
1091 915 1161 936 ser-

174 964 312 991 moneS,
349 959 480 984 atroces
505 952 752 987 execrationes,
777 956 809 981 et
832 948 930 980 tollat
952 947 1162 979 idololatrias

176 1003 209 1029 et
231 996 359 1031 cultus,
387 1004 472 1037 quos
497 993 648 1034 intelligit
673 1002 749 1024 esse
771 993 901 1033 impios.
947 991 1026 1022 ltem
1049 990 1162 1032 puniat
1184 952 1189 1066 ι

175 1039 365 1071 haereticos
389 1044 539 1069 serentes
563 1035 650 1067 falsa
673 1042 704 1067 et
733 1036 830 1076 impia
861 1035 1036 1076 dogmata,
1071 1038 1162 1075 post·
1186 1073 1188 1075 Ι

176 1093 274 1125 quam
305 1091 360 1112 res
393 1091 414 1111 a
448 1081 509 1121 piis
534 1086 566 1110 et
591 1080 698 1111 doctis
728 1079 790 1109 rite
815 1078 959 1109 iudicata
983 1083 1044 1108 est.
1091 1076 1162 1107 Hae
1186 1078 1189 1083 ¹

175 1135 305 1166 poenae
328 1133 443 1154 omnes
468 1129 544 1154 sunt
568 1121 680 1153 officia
702 1121 800 1152 huius
823 1121 1014 1161 praecepti,
1050 1125 1082 1150 et
1104 1118 1162 1150 ha·
1185 1092 1189 1145 Ι

176 1170 255 1199 bent
274 1165 460 1207 exemplum
479 1166 512 1196 in
535 1163 622 1206 lege,
645 1164 753 1196 Levit.
777 1164 828 1196 24.
870 1163 933 1198 Qui
954 1161 1163 1203 blasphema-

177 1211 260 1242 verit
283 1219 404 1241 nomen
428 1208 571 1245 Domini,
596 1214 702 1239 morte
726 1207 893 1240 morietur.
1132 1245 1138 1250 ᾖ

264 1523 383 1556 Illicita
415 1524 598 1554 iuramenta
631 1520 771 1563 intelligi
806 1522 946 1558 debent,
981 1521 1014 1551 in
1043 1520 1163 1561 quibus

177 1568 376 1610 promittitur
394 1566 529 1608 aliquid,
554 1565 644 1606 quod
667 1570 718 1595 est
730 1569 913 1605 peccatum,
937 1569 993 1594 aut
1006 1563 1077 1593 sine
1088 1572 1166 1603 pec-

180 1617 255 1643 cato
286 1610 450 1651 praestari
482 1619 548 1640 non
579 1613 700 1649 potest.
748 1606 791 1637 Ut
815 1607 843 1637 si
866 1607 940 1647 quis
960 1606 1166 1647 promitteret

179 1654 291 1685 sciens
325 1663 363 1684 se
396 1651 561 1683 facturum
594 1651 747 1682 iniustam
772 1650 917 1681 caedem.
963 1648 1057 1679 Talia
1079 1649 1192 1680 iura-l

179 1702 290 1728 menta
319 1705 386 1726 non
421 1701 497 1726 sunt
521 1694 698 1725 servanda.
744 1692 891 1723 Primum
915 1698 1025 1723 autem
1047 1696 1166 1732 peceat

179 1740 292 1771 iurans
318 1739 359 1769 de
381 1748 418 1769 re
441 1736 567 1775 illicita,
588 1737 665 1777 quia
687 1736 780 1766 Deus
803 1745 869 1766 non
894 1734 961 1765 vult
988 1735 1167 1765 autoritate

181 1783 232 1813 sui
266 1782 406 1813 nominis
441 1780 512 1811 fieri
547 1780 635 1821 quod
666 1778 841 1820 prohibuit.
897 1777 1029 1808 Deinde
1060 1777 1166 1807 maius

180 1831 353 1867 peceatum
377 1830 428 1855 est
453 1828 624 1864 praestare
646 1821 725 1853 talia
747 1823 941 1858 iuramenta,
965 1820 1051 1851 sieut
1063 1819 1166 1850 Hero-

182 1869 241 1899 des
260 1866 427 1897 simulavit
450 1876 487 1896 se
511 1871 664 1896 coactum
676 1864 898 1901 iureiurando,
917 1863 1104 1894 interficere
1117 1862 1167 1893 lo·
1189 1836 1194 1892 i

181 1910 334 1941 hannem.
378 1909 464 1940 Hinc
497 1907 597 1939 facile
630 1914 682 1939 est
704 1907 858 1939 indicium
880 1907 921 1937 de
943 1906 1029 1937 rotis
1052 1905 1167 1936 Mona-
1190 1897 1194 1967 Ι

183 1953 331 1985 chorum.
361 1953 456 1983 Irrita
479 1957 557 1982 sunt
575 1958 667 1989 vota,
690 1952 722 1981 in
747 1951 866 1991 quibus
888 1949 1027 1980 haerent
1049 1949 1167 1988 impiae
1190 1975 1194 1987 ,

185 1997 369 2037 opiniones,
393 2005 478 2036 quae
500 1994 635 2025 laedunt
657 1992 797 2035 gloriam
816 1992 950 2030 Christi,
974 1998 1005 2022 et
1028 1989 1169 2022 transfe-
1191 1991 1195 2039 l

185 2044 260 2070 runt
282 2038 480 2069 beneficium
504 2036 629 2068 Christi
656 2038 688 2067 in
711 2046 813 2078 opera
836 2036 878 2066 ab
902 2035 1089 2066 hominibus
1113 2044 1169 2064 ex-

186 2082 344 2123 cogitata,
368 2079 534 2118 videlicet,
558 2091 633 2111 eum
656 2079 784 2121 fingunt
796 2078 1003 2110 Monasticas
1023 2087 1170 2109 ceremo-

186 2125 258 2155 nias
293 2134 370 2155 esse
405 2123 513 2155 cultus
536 2122 617 2161 Dei,
653 2123 708 2164 qui
731 2126 919 2153 mereantur
941 2121 1171 2152 remissionem
1191 2131 1195 2179 1

186 2173 400 2208 peccatorum
424 2172 487 2197 etc.
1191 2190 1197 2340 ι

239 1384 308 1422 An
341 1382 473 1422 illicita
507 1382 732 1421 iuramenta
766 1381 845 1419 sint
876 1377 1102 1419 servanda?

333 2331 405 2371 DE
438 2330 641 2371 TERTIO
675 2328 1018 2371 PRAECEPTO.

251 2433 361 2483 Quid
391 2433 586 2488 praecipit
617 2433 781 2473 tertium
815 2431 1104 2487 praeceptum?

279 2532 557 2563 Observationem
581 2532 738 2570 Sabbati,
768 2532 833 2563 hoc
855 2538 924 2569 est,
947 2532 1171 2562 conservatio-

192 2585 267 2607 nem
296 2576 571 2613 ceremoniarum,
607 2586 692 2616 quae
726 2580 803 2606 sunt
837 2575 993 2605 divinitus
1022 2574 1169 2605 traditae.

797 127 909 160 PHlL.
932 125 1035 158 MEL.
1059 123 1245 192 SCRJPLrA
1267 121 1546 166 DOGMATICA.

2133 119 2194 151 132

1211 219 1392 250 Sabbatum
1415 216 1500 247 enim
1523 216 1706 246 institutum
1729 213 1789 246 fuit
1807 224 1910 246 causa
1934 215 2084 246 docendi.
2116 214 2195 246 Ideo

1211 262 1283 293 Lex
1307 262 1430 292 diserte
1452 260 1573 300 inquit:
1605 258 1837 289 Sanctitieabis
1866 258 1951 289 diem
1974 258 2128 295 Sabbati,
2161 258 2196 288 id

1212 311 1282 342 est,
1316 305 1349 335 in
1373 312 1428 333 res
1452 307 1587 333 sanctas
1612 299 1813 339 collocabis,
1844 300 2019 339 videlicet,
2044 301 2086 331 ad
2110 299 2194 332 eele-

1211 347 1357 379 brandas
1380 344 1533 386 publicas
1557 345 1774 381 ceremonias,
1800 350 1831 374 et
1848 344 2045 374 audiendum
2058 344 2195 373 verbum

1212 390 1286 421 Dei.
1332 389 1424 421 Haec
1459 394 1535 419 sunt
1568 397 1647 418 vera
1682 397 1785 427 opera
1808 386 1958 417 Sabbati.
2004 386 2103 423 Item,
2130 388 2194 416 iam

1213 432 1388 474 diligenter
1411 432 1587 462 considera
1611 430 1759 461 ordinem
1786 435 2042 470 praeceptorum
2071 429 2197 468 primae

1211 475 1369 507 Tabulae.
1416 474 1559 505 Primum
1588 478 1800 514 praeceptum
1824 472 2041 503 concionatur
2065 472 2106 502 de
2129 469 2196 502 cul·

1214 520 1299 549 tibus
1323 517 1549 554 interioribus,
1574 517 1614 547 de
1638 517 1766 552 timore,
1790 514 1855 546 fide
1878 520 1909 545 et
1932 514 2109 545 dilectione
2120 513 2196 545 Dei.

1213 561 1404 592 Secundum
1428 560 1470 590 de
1489 565 1625 590 externa
1648 559 1838 595 testatione,
1858 556 1997 594 seilicet,
2017 557 2197 588 invocatio-

1213 614 1265 635 ne.
1311 603 1457 634 Tertium
1487 604 1528 634 de
1559 602 1755 634 ceremoniis
1780 607 1812 632 et
1834 611 1898 632 usu
1922 601 2195 638 ceremoniarum,

1213 645 1361 684 seilicet,
1393 646 1482 686 quod
1518 646 1769 675 conservandae
1801 644 1866 674 sint
1895 649 2032 685 propter
2054 643 2197 674 ministe·
2225 665 2230 669 κ

1212 690 1296 720 rium
1320 689 1422 719 verbi.
1469 688 1608 729 Oportet
1633 689 1717 719 enim
1741 687 1885 718 existere
1904 685 2032 727 aliquas
2051 695 2198 716 ceremo-

1212 733 1304 770 nias,
1339 741 1424 773 quae
1459 737 1535 762 sunt
1568 737 1668 762 notae
1703 736 1734 760 et
1756 730 1981 761 testimonium
2004 729 2099 760 verbi
2121 728 2195 759 Dei.

1212 774 1287 806 Non
1312 780 1438 815 poterat
1456 774 1562 815 magis
1593 774 1775 805 concinnus
1800 773 1882 803 ordo
1906 772 2099 813 excogitari.

1307 940 1428 979 Estne
1475 941 1717 992 abrogatum
1760 944 2023 992 praeceptum
2057 937 2108 976 de

1555 1019 1567 1027 ”
1602 1014 1783 1055 Sabbato
1798 1014 1817 1054 ‘?

1302 1157 1521 1199 Respondeo:
1546 1157 1660 1188 Genus
1684 1157 1774 1197 quod
1797 1157 1829 1188 in
1853 1156 1917 1187 hoc
1929 1161 2108 1197 praecepto
2122 1165 2200 1188 eon-

1215 1202 1348 1238 tinetur,
1362 1211 1429 1231 non
1443 1205 1495 1231 est
1507 1201 1717 1242 abrogatum,
1732 1209 1817 1240 quae
1829 1200 1960 1240 quidem
1974 1205 2025 1230 est
2036 1199 2200 1241 principa—

1215 1243 1256 1275 lis
1291 1244 1457 1274 sententia
1490 1242 1586 1274 huius
1617 1243 1804 1283 praecepti,
1839 1248 1872 1273 et
1895 1242 2042 1273 eontinet
2064 1252 2202 1273 causam

1216 1285 1348 1317 finalem
1372 1286 1537 1317 institutae
1555 1286 1695 1327 speciei,
1719 1285 1857 1326 Species
1882 1296 1962 1316 vero
1987 1291 2038 1316 est
2060 1286 2201 1326 abroga-

1216 1336 1261 1367 ta,
1285 1328 1352 1360 hoc
1375 1334 1444 1368 est,
1480 1338 1611 1369 semper
1633 1327 1727 1359 Deus
1751 1328 1888 1369 requirit
1911 1328 2202 1359 conservationem

1216 1372 1495 1409 ceremoniarum,
1519 1372 1606 1402 sicut
1629 1381 1687 1401 eas
1712 1371 1881 1412 praecipit.
1928 1370 2071 1401 Prodest
2094 1376 2202 1401 autem

1215 1412 1347 1456 aliquos
1379 1423 1456 1445 esse
1481 1419 1593 1444 certos
1623 1414 1694 1444 dies
1725 1414 1909 1444 destinatos
1934 1413 2143 1451 ceremoniis,
2168 1418 2200 1443 et

1217 1457 1397 1489 ministerio
1424 1457 1525 1488 verbi.

1304 1542 1377 1574 Hoc
1410 1552 1515 1584 genus
1546 1548 1597 1572 est
1630 1539 1849 1579 immutabile,
1883 1547 1916 1571 et
1939 1546 1990 1572 est
2012 1538 2201 1582 principalis

1218 1587 1381 1618 sententia
1413 1585 1511 1617 huius
1542 1585 1722 1625 praecepti.
1768 1584 1836 1615 Sed
1859 1585 2010 1625 species,
2035 1583 2202 1622 videlieet,

1217 1636 1253 1661 ut
1287 1629 1447 1669 septimus
1484 1628 1555 1659 dies
1585 1628 1798 1665 observetur,
1833 1628 1996 1668 abrogata
2020 1633 2089 1665 est,
2125 1627 2202 1668 quia

1218 1672 1397 1703 Christiani
1417 1676 1494 1702 sunt
1516 1669 1610 1701 liberi
1634 1680 1654 1701 a
1688 1670 1885 1700 ceremoniis
1911 1669 2080 1701 Mosaicis
2118 1669 2202 1701 Inte-

1218 1716 1280 1746 rim
1304 1721 1413 1745 tamen
1437 1724 1556 1755 genus,
1577 1713 1665 1754 quod
1688 1713 1721 1743 in
1744 1712 1808 1743 hoc
1822 1718 2040 1753 praeceptore
2054 1713 2202 1755 quiritur,

1219 1764 1270 1789 est
1292 1757 1430 1788 morale.
1478 1756 1528 1788 Ac
1559 1761 1735 1796 propterea
1758 1757 1847 1797 quod
1869 1756 1911 1786 ad
1940 1755 2006 1786 hoc
2029 1766 2134 1797 genus
2156 1761 2203 1786 at-

1219 1802 1311 1838 tinet,
1335 1799 1515 1831 Christiani
1539 1804 1691 1830 tenentur
1714 1798 1779 1830 hoc
1802 1805 1995 1840 praecepto,
2019 1800 2096 1840 quia
2107 1798 2202 1829 Deus

1221 1844 1387 1885 praecepit
1411 1843 1562 1873 omnibus
1586 1841 1784 1880 hominibus,
1804 1847 1841 1873 ut
1863 1852 1958 1872 suum
1972 1840 2118 1872 officium
2136 1841 2203 1872 sin·

1220 1886 1290 1929 guli
1313 1886 1487 1917 conferant.
1510 1886 1551 1916 ad
1578 1885 1864 1916 conservationem
1884 1883 2006 1925 publici
2020 1883 2202 1915 ministerii.

1220 1930 1268 1961 lta
1299 1929 1431 1971 quidam
1465 1929 1592 1960 erudite
1627 1928 1757 1958 dicunt:
1803 1927 1947 1958 Tertium
1978 1933 2204 1968 praeceptum,

1221 1973 1309 2014 quod
1333 1973 1373 2003 ad
1406 1982 1511 2014 genus
1535 1972 1668 2007 attinet,
1703 1976 1754 2000 est
1778 1968 1906 2000 morale
1937 1976 1968 2000 et
1998 1976 2204 2010 perpetuum,

1221 2016 1282 2047 sed
1313 2015 1401 2057 quod
1427 2015 1469 2045 ad
1493 2014 1638 2054 speciem
1661 2013 1794 2050 attinet,
1830 2013 1862 2043 id
1886 2018 1953 2050 est,
1987 2013 2117 2053 septimi
2140 2013 2204 2044 diei

1222 2059 1506 2093 observationem,
1541 2062 1592 2087 θεῖ
1621 2054 1849 2087 ceremoniale.
1895 2055 1936 2086 Et
1964 2056 2005 2086 de
2028 2055 2091 2086 hae
2114 2066 2204 2087 cere-

1222 2102 1331 2133 monia
1355 2100 1564 2132 iudicandum
1588 2104 1651 2137 est,
1675 2099 1759 2129 sicut
1783 2099 1823 2129 de
1843 2100 1984 2130 caeteris
2005 2099 2204 2130 ceremoniis

1223 2145 1374 2176 [udaieis.
1409 2142 1499 2184 Ergo
1523 2147 1676 2184 peccant,
1700 2142 1755 2182 qui
1779 2142 2014 2173 contumaciter
2032 2140 2206 2183 negligunt

1221 2187 1390 2229 politicum
1414 2186 1627 2217 ministerium
1651 2191 1683 2215 et
1707 2185 1914 2215 ceremonias
1933 2185 2088 2216 divinitus
2112 2185 2203 2216 insti-

1223 2236 1322 2261 tutas.
1367 2229 1523 2267 Pri-mum,
1546 2228 1622 2269 quia
1646 2226 1761 2259 nolunt
1786 2228 1830 2258 uti
1855 2227 2016 2259 beneficio
2027 2227 2103 2266 Dei,
2127 2227 2205 2269 quia

1222 2273 1317 2304 Deus
1351 2273 1394 2303 ibi
1427 2282 1487 2302 nos
1522 2271 1642 2302 erudiri
1678 2277 1709 2301 et
1744 2272 1895 2302 exerceri
1929 2270 2010 2302 vult.
2061 2270 2203 2308 Deinde,

1223 2317 1299 2358 quia
1333 2314 1477 2347 officium
1507 2324 1602 2345 suum
1625 2324 1692 2344 non
1716 2312 1891 2345 conferunt
1914 2315 1955 2345 ad
1980 2314 2204 2344 conservatio-

1223 2370 1299 2390 nem
1331 2357 1455 2400 publici
1485 2357 1664 2388 ministerii.
1711 2357 1906 2393 Postremo,
1941 2358 2017 2398 quia
2051 2355 2202 2396 exemplo

1224 2413 1285 2433 suo
1308 2401 1392 2432 alios
1415 2401 1581 2432 abducunt
1606 2411 1624 2431 a
1650 2400 1862 2437 ceremoniis,
1887 2406 1919 2430 et
1931 2400 2078 2430 minuunt
2091 2409 2204 2430 earum

1224 2445 1456 2476 reverentiam.
1502 2443 1592 2475 llaec
1628 2449 1764 2483 peccata
1793 2454 1860 2474 non
1884 2449 1959 2474 sunt
1984 2443 2204 2480 extenuenda,

1225 2488 1302 2518 Ideo
1329 2487 1468 2519 docendi
1499 2493 1573 2517 sunt
1602 2485 1752 2517 homines
1785 2486 1825 2516 (le
1850 2486 2083 2516 observatione
2106 2484 2203 2516 huius

1226 2531 1403 2571 praecepti.
1449 2530 1515 2561 Sed
1551 2530 1704 2570 qnoniam
1741 2528 1954 2570 Evangelium
1988 2539 2053 2559 non
2087 2526 2204 2569 alligat

1227 2584 1289 2604 nos
1313 2575 1355 2605 ad
1379 2574 1462 2604 diem
1487 2579 1629 2610 certum,
1659 2573 1732 2613 piae
1757 2572 1979 2603 conscientiae
2003 2571 2203 2602 erudiendae
