2383 2990
100 126 166 159 437
534 122 537 123 ⁷
741 124 784 157 V.
818 124 1087 157 EXPLICATIO
1111 125 1315 158 SYMBOLI
1337 126 1499 159 NICENJ.
2076 129 2142 162 438

101 221 277 256 multorum
305 221 360 263 pia
383 220 492 252 studia
516 220 652 262 impedit
675 226 858 263 paupertas
883 226 946 253 etc.
993 220 1094 252 Deni-
1199 226 1264 266 De
1298 226 1458 268 duobus
1492 227 1608 267 dictis
1654 242 1759 281 quae
1792 233 1936 268 extant
1968 228 2081 284 apud

101 277 166 309 que
199 263 416 297 confusiones
446 264 544 296 huius
586 265 675 296 vitae
710 263 968 296 innumerabiles
1004 271 1094 302 sunt,
1490 288 1544 328 H.
1612 259 1620 278 ’

101 320 187 352 quae
211 310 345 340 turbant
368 315 423 339 aut
446 309 627 349 impediunt
652 315 742 340 recte
765 315 916 350 agentes·
938 322 940 324 ·
963 308 1093 339 Adver-
1535 303 1802 343 leronymum.

99 363 159 385 sus
183 353 269 384 hanc
294 358 419 382 tantam
444 351 564 383 molem
588 351 786 383 consolatur
823 362 884 382 nos
908 351 994 382 haec
1018 363 1094 393 pro-

98 396 225 428 missio.
271 396 366 427 Deus
391 395 552 437 perficiet,
586 396 620 426 id
650 401 714 433 est,
749 396 950 437 Quanquam
974 403 1007 426 et
1032 405 1094 426 vos
1235 395 1297 427 Hie
1320 397 1386 428 duo
1410 397 1511 435 dicta,
1536 408 1622 439 quae
1645 404 1757 430 extant
1781 399 1868 440 apud
1888 398 2141 442 Hieronymum,

97 439 215 471 infirmi
252 440 333 470 estis
370 445 402 470 et
435 450 556 481 magna
591 446 669 471 sunt
703 439 949 479 impedimenta,
983 445 1093 470 tamen
1148 439 1349 482 explicanda
1381 448 1469 471 sunt.
1521 440 1672 472 Alterum
1709 448 1770 480 est,
1806 443 1994 474 Anatbema
2018 444 2078 481 sit,
2114 444 2144 475 si

99 484 209 515 veniet
233 483 340 521 Deus,
376 489 409 514 et
444 484 555 514 veniet
585 484 673 521 ideo,
710 489 744 513 ut
774 480 885 524 aliqua
911 483 972 523 ipsi
997 488 1093 524 grata
1148 486 1222 526 quis
1247 485 1365 515 dixerit
1384 484 1492 515 Deum
1517 485 1735 526 impossibilia
1760 488 1984 528 praecepisse.
2019 487 2091 518 Etsi
2111 488 2143 519 in

99 526 192 566 fiant,
226 527 321 569 quasi
355 527 456 565 dicat,
491 526 542 558 Ne
564 527 758 558 univers-um
783 536 889 567 genus
914 525 1093 557 humanum
1149 528 1212 559 hae
1238 530 1330 559 brevi
1355 528 1552 559 recitatione
1571 540 1638 559 non
1659 530 1788 567 dicitur,
1813 541 1898 572 quae
1921 530 2015 562 fuerit
2043 542 2142 562 occa-

98 569 226 602 srustra
251 571 421 601 conditum
446 571 500 608 sit,
519 569 613 601 Deus
633 569 765 612 aliquos
780 570 879 600 trahit
895 577 925 599 et
946 570 1093 606 adiuvat,
1147 574 1198 603 sio
1223 571 1364 602 faciendi
1385 571 1481 603 huius
1506 573 1642 610 decreti,
1667 580 1695 604 et
1717 574 1882 605 adversus
1908 585 1992 616 quos
2017 574 2143 606 sactum

97 620 134 645 ut
157 613 283 645 faciant
316 615 380 655 ipsi
404 620 511 656 grata,
549 625 622 645 cum
654 613 783 654 reliqua
821 611 995 644 multitudo
1019 619 1094 644 ruat
1147 616 1201 653 sit,
1226 622 1336 646 tamen
1362 616 1513 647 existimo
1539 617 1672 658 proprie
1687 616 1903 648 Manichaeos
1922 619 1984 649 hoc
2005 619 2142 649 decreto
2178 626 2183 630 ’·

97 657 275 689 horrendis
299 656 469 689 furoribus
493 665 525 689 et
550 656 651 689 faciat
673 658 805 699 ingrata
828 655 913 688 Deo.
1149 660 1391 690 condemnatos
1427 669 1504 690 0550
1539 661 1594 701 qui
1620 660 1786 691 tinxerunt
1816 660 2058 693 multitudinem
2083 662 2142 693 ho-

1147 705 1269 735 minum
1294 714 1313 733 a
1339 701 1425 734 malo
1450 704 1612 745 principio
1638 710 1784 735 creatam
1810 715 1898 741 esse,
1925 712 1957 736 et
1983 716 2054 736 eam
2075 716 2144 737 non

184 744 368 776 Hieremias
395 744 445 776 10.
492 744 570 776 Scio
594 743 757 781 Domine,
781 753 850 775 non
874 750 926 775 est
951 742 1092 774 hominis
1148 757 1252 788 posse
1277 748 1424 779 converti
1448 748 1490 777 ad
1517 748 1651 786 bonum,
1676 754 1706 779 et
1730 749 1922 780 necessario
1947 760 2012 780 non
2032 748 2144 781 solum

98 787 153 820 via
176 788 259 827 eius,
283 796 319 820 ut
343 788 463 830 dirigat
486 798 629 830 gressus
652 798 745 819 suos.
1149 791 1307 822 interiora
1337 791 1414 822 vitia
1444 790 1589 830 habere,
1624 792 1685 823 sed
1720 793 1817 824 etiam
1847 800 1988 824 esterna
2010 792 2144 825 scelera

1147 833 1272 866 facere.

185 874 291 906 Recte
315 875 535 906 discernenda
559 881 637 906 sunt
661 874 749 905 dieta
774 874 815 905 de
845 873 1027 912 electione,
1062 880 1095 905 et

98 919 140 951 de
164 920 351 950 eventibus.
396 919 480 950 Nam
506 918 689 950 Hieremias
714 929 780 949 non
805 917 869 949 hoc
895 917 976 956 vult,
1000 928 1095 949 rena-

97 968 151 994 tos
176 973 242 993 non
268 961 354 993 velle
380 969 471 993 recte
495 961 619 994 facere.
656 962 816 1004 Loquitur
835 963 920 993 enim
943 963 984 993 de
1004 971 1093 999 sese,

98 1011 130 1037 et
153 1006 194 1037 de
219 1005 291 1037 aliis
316 1007 461 1045 53110115,
498 1007 553 1048 qui
585 1013 676 1037 certe
706 1005 823 1037 volunt
848 1013 941 1037 recta
966 1004 1092 1042 faeere,
1118 976 1122 1053 1

99 1059 173 1081 011111
198 1049 354 1081 voluntas
389 1051 421 1081 in
456 1050 503 1081 eis
538 1050 670 1081 iuvetur
694 1049 819 1090 Spiritu
854 1056 990 1080 sancto:
1025 1048 1122 1080 Sed·

97 1094 151 1124 via
175 1093 343 1136 significat
366 1094 595 1131 vocationem,
626 1104 713 1135 quae
745 1099 778 1123 ut
813 1093 856 1123 sit
886 1092 976 1131 felix,
1013 1092 1093 1134 petit
1118 1074 1122 1191 ,

98 1147 118 1167 a
141 1136 216 1168 Deo
241 1138 329 1175 dari,
365 1144 395 1168 et
421 1136 574 1175 consilia,
609 1144 641 1168 et
665 1146 850 1178 prosperos
870 1144 1024 1174 eventus,
1060 1142 1093 1166 ut

97 1179 204 1211 losias
229 1180 456 1211 531101115ΙῖοΧ
476 1182 609 1212 errabat
634 1181 665 1211 in
691 1178 845 1217 consilio,
871 1191 943 1211 cum
971 1178 1093 1211 bellum

97 1222 236 1254 inferret
258 1224 441 1265 Aegyptio,
480 1230 513 1254 et
545 1231 685 1255 eventus
709 1234 777 1254 non
801 1224 1023 1255 adiuvabatur
1047 1223 1093 1254 di·
1116 1195 1121 1411 Ι

1236 921 1309 953 Ηο5
1342 922 1532 953 horrendos
1567 920 1700 954 furores
1736 922 1895 954 damnare
1929 929 1960 954 et
1992 923 2143 955 execrari

1149 975 1292 997 necesse
1317 974 1387 1004 est,
1420 964 1620 997 illustranda
1651 973 1703 997 est
1734 968 1876 1002 veritas,
1908 973 2036 998 tantum
2066 978 2143 999 esse

1148 1020 1247 1041 unam
1272 1010 1452 1041 essentiam
1478 1010 1639 1047 divinam,
1666 1011 1859 1041 creatricem
1885 1021 2013 1049 rerum,
2038 1018 2143 1042 aeter·-

1149 1064 1242 1092 nam,
1267 1054 1544 1095 omnipotentem,
1570 1054 1772 1094 sapientem,
1806 1065 1980 1092 veracem,
2010 1056 2143 1093 bonam,

1148 1098 1285 1136 iustam,
1317 1105 1464 1135 castam,
1495 1096 1649 1135 liberam,
1673 1104 1706 1129 et
1730 1099 1772 1129 ab
1797 1098 1861 1129 1130
1888 1099 2041 1129 conditos
2066 1109 2144 1130 esse

1149 1142 1273 1182 primos
1293 1148 1450 1182 parentes
1481 1142 1554 1172 sine
1578 1142 1759 1182 pravitate,
1796 1143 1855 1173 sed
1891 1152 1953 1173 cos
1987 1141 2144 1174 libertate

1149 1183 1332 1216 voluntatis
1356 1186 1502 1223 abusos,
1531 1196 1608 1216 sese
1632 1186 1704 1217 sine
1730 1186 1904 1218 coactione
1935 1187 2100 1218 avertisse
2123 1197 2145 1218 a

1150 1227 1240 1267 Deo,
1276 1236 1307 1260 et
1332 1229 1486 1260 amisisse
1510 1227 1621 1260 lucem
1649 1236 1680 1260 et
1705 1230 1953 1268 rectitudinem,
1988 1241 2085 1272 quam
2111 1230 2144 1262 in

1149 1274 1316 1303 creatione
1340 1279 1553 1313 acceperant.
1600 1273 1653 1303 Ab
1678 1272 1742 1303 hac
1761 1284 1827 1304 una
1847 1284 1961 1304 massa
1985 1280 2144 1315 corrupta

97 1309 223 1352 populo
258 1311 412 1342 ducendo
448 1312 479 1342 in
515 1317 637 1342 terram
673 1312 884 1351 promissam,
921 1316 953 1341 et
984 1318 1091 1341 tamen
1147 1315 1310 1358 reliquum
1335 1322 1437 1346 iorum
1470 1326 1577 1358 genus
1608 1315 1787 1348 humanum
1811 1318 1907 1355 oriri,
1942 1323 1975 1348 et
2003 1319 2045 1349 ab
2077 1328 2144 1349 una

96 1353 239 1395 plurima
274 1355 509 1394 impedimenta
543 1361 679 1395 praeter
703 1354 807 1394 ipsius
832 1354 1021 1395 opinionem
1046 1355 1092 1384 in-
1148 1361 1294 1391 essemia
1329 1360 1441 1391 divina
1477 1361 1679 1398 conditrice,
1723 1371 1826 1399 cona,
1863 1362 2077 1400 conservari,
2112 1367 2145 1392 et

97 1397 220 1428 Ciduni·
263 1397 311 1428 lia
336 1397 520 1428 Hlel'eissiaS
545 1408 610 1428 non
636 1395 700 1428 hOC
724 1397 840 1438 lanii,
867 1396 990 1428 nullan]
1015 1407 1092 1428 Osse
1116 1414 1120 1446 1
1148 1414 1264 1434 (nunes
1289 1403 1441 1435 honfines
1469 1414 1572 1444 posse
1596 1410 1735 1435 externa
1760 1415 1863 1446 opera
1890 1405 1922 1435 in
1954 1404 2046 1447 Lege
2078 1404 2144 1436 Dssi

96 1439 294 1472 electionem
319 1441 350 1472 in
375 1439 520 1472 ullorum
544 1441 713 1472 hominum
746 1439 987 1479 voluntatibus,
1023 1440 1092 1472 Sed

96 1484 138 1515 de
162 1490 278 1516 nostra
302 1484 490 1516 infirmitate
515 1490 548 1515 et
572 1485 814 1526 impedimentis
846 1485 876 1515 in
913 1485 1091 1516 vocatione

97 1529 327 1568 concionatur,
364 1535 399 1560 ut
433 1529 580 1560 sciamus
616 1529 812 1561 vocationes
843 1539 862 1560 a
894 1528 968 1560 Deo
1005 1529 1093 1559 ordi·

95 1577 192 1603 natas
217 1582 312 1611 esse,
345 1578 377 1603 et
401 1578 552 1613 petamus
576 1578 611 1603 ut
625 1566 706 1613 ‘i'pse
731 1582 789 1603 eas
810 1580 923 1614 regat,
955 1573 1011 1603 det
1034 1583 1092 1603 no-

96 1615 148 1646 bis
183 1621 276 1647 recta
312 1615 464 1655 con-ilia,
499 1623 531 1647 et
566 1626 769 1654 successus,
814 1617 901 1647 sicut
936 1615 1091 1647 Psalinus

96 1659 212 1690 docet:
244 1658 450 1692 Commenda
476 1660 561 1691 viam
597 1665 687 1690 tuam
711 1659 800 1698 Deo,
833 1661 866 1692 id
891 1666 955 1699 est,
991 1670 1092 1692 voca-

94 1702 230 1741 tionem,
253 1713 355 1745 spera
378 1704 411 1735 in
442 1714 529 1743 eum,
553 1710 586 1735 et
609 1704 681 1745 ipse
703 1702 814 1735 faciet.

98 1267 233 1298 vinitus.
280 1266 340 1298 Est
374 1268 406 1298 in
431 1266 540 1298 Moise
570 1266 729 1298 voluntas
759 1267 936 1298 obediendi
961 1267 1036 1298 Deo
1060 1267 1092 1297 in

1146 1453 1328 1488 praecepta
1353 1446 1477 1484 faeere,
1501 1454 1531 1478 et
1557 1455 1678 1486 tamen,
1703 1449 1778 1490 quia
1803 1447 1905 1479 Filius
1931 1448 1993 1479 Dei
2018 1448 2144 1480 Media-

1147 1498 1200 1521 tor
1224 1502 1264 1522 01(
1285 1490 1348 1522 hac
1371 1492 1493 1522 misera
1517 1501 1631 1523 massa
1654 1498 1866 1523 assumturus
1881 1499 1951 1524 erat
1966 1491 2143 1525 humanam

1146 1540 1316 1573 naturam,
1350 1535 1527 1566 verissime
1551 1546 1668 1567 omnes
1692 1534 1863 1574 homines,
1895 1537 1948 1578 qui
1974 1537 2006 1568 iu
2030 1538 2143 1578 poeni-

1146 1579 1249 1609 tentia
1269 1577 1467 1620 consugiunt
1491 1579 1532 1610 ad
1558 1578 1677 1611 Filium
1700 1579 1764 1611 Dei
1789 1580 1865 1619 fide,
1889 1581 1993 1622 recipi
2013 1588 2046 1612 et
2071 1581 2142 1613 fieri

1145 1621 1310 1654 haeredes
1334 1622 1424 1654 vitae
1446 1630 1614 1654 aeternae.

1233 1708 1328 1741 Haec
1363 1709 1516 1740 doctrina
1551 1716 1669 1742 eontra
1697 1709 1916 1743 Manichaeos
1951 1711 2141 1745 firmissime

1145 1754 1319 1785 retinenda
1333 1759 1397 1792 est,
1412 1759 1445 1784 et
1458 1754 1670 1785 execrandus
1685 1761 1735 1786 est
1750 1754 1843 1786 iai-or
1856 1755 2142 1796 Manichaeorum,

138 1832 145 1840 .
1145 1798 1201 1840 qui
1227 1797 1390 1829 finxerunt
1423 1796 1593 1829 Neronem
1624 1806 1656 1830 et
1685 1797 1810 1830 similes
1836 1800 1923 1842 cogi,
1959 1807 1993 1832 ut
2017 1799 2143 1832 faciant

95 1842 146 1864 S11¹
177 1831 278 1864 Officii
310 1844 414 1875 Opera
445 1840 478 1866 et
512 1832 661 1875 pericula
693 1835 894 1866 CONSMffl'et·
946 1834 1040 1866 Sciat
1070 1845 1090 1866 a
1146 1849 1283 1873 externa
1308 1840 1448 1873 scelera.
1487 1842 1662 1873 Adversus
1681 1841 1745 1873 ’1105
1770 1842 1903 1875 furores
1927 1843 2140 1877 Manichaeo-

183 1788 287 1821 Suam
311 1790 454 1832 quisque
477 1791 687 1822 vocationem
719 1796 752 1822 et
775 1789 941 1830 militiam,
970 1791 1002 1821 id
1027 1796 1092 1830 est,
1114 1547 1120 1854 1

94 1875 170 1907 Deo
194 1877 347 1908 ordinata
372 1887 449 1908 esse
473 1878 608 1909 diversa
633 1878 826 1916 ministeria,
852 1879 1091 1916 Oeconomioa,
1114 1860 1119 1940 Ι
1146 1897 1217 1917 rum
1242 1886 1396 1917 existimo
1421 1885 1612 1925 decretum,
1636 1887 1725 1929 quod
1754 1888 1873 1919 recitat
1902 1887 2140 1931 Hieronymus,

94 1918 254 1958 Politica,
292 1919 554 1960 Ecclesiastica,
590 1928 623 1953 et
658 1920 742 1953 haec
774 1922 847 1953 sine
878 1920 1002 1952 31151110
1028 1922 1091 1953 Dei
1145 1928 1269 1962 sactum
1293 1939 1380 1961 esse,

93 1974 160 1995 non
185 1964 254 2006 regi
279 1962 463 2003 foeliciter,
495 1966 583 1997 sicut
607 1972 640 1996 et
664 1965 828 1996 Dominus
857 1966 980 2007 inquit:
1010 1965 1090 1997 Sine

93 2017 146 2038 me
166 2007 246 2039 nihil
270 2009 411 2050 potestis
434 2007 561 2047 facere,
586 2007 734 2047 scilicet,
759 2008 924 2048 salutare,
950 2009 1010 2040 sed
1035 2010 1090 2051 qui

92 2057 204 2083 manet
227 2052 260 2082 in
285 2062 355 2090 me,
381 2058 413 2083 et
437 2064 502 2095 ego
527 2053 559 2084 in
585 2063 643 2092 eo,
669 2053 722 2084 liic
746 2051 889 2084 fructum
915 2053 1091 2094 copiosum

93 2092 188 2127 seret.
235 2095 406 2137 Sapientia
430 2095 494 2127 Dei
517 2097 606 2138 apud
637 2095 850 2128 Salomonem
880 2097 999 2138 inquit:
1030 2096 1117 2132 Ρο-1

93 2148 153 2169 1105
178 2149 229 2170 1110
253 2146 305 2170 est
331 2139 506 2171 eonsilium
531 2146 563 2171 et
586 2151 781 2172 successus.
813 2140 969 2172 Petamus
989 2141 1090 2182 igitur
1113 2133 1117 2174 !

93 2187 126 2213 et
148 2184 263 2214 vocari
293 2193 355 2215 nos
384 2184 427 2214 ad
459 2182 596 2215 iabores
624 2183 742 2223 utiles,
773 2195 814 2216 ac
846 2185 1025 2227 gubernari
1050 2181 1117 2215 ac'

93 2225 215 2265 iuvari,
251 2232 287 2258 ut
317 2238 438 2259 cursus
462 2234 578 2259 noster
601 2229 709 2270 prosit
734 2228 832 2259 nobis
863 2235 895 2259 et
925 2227 1020 2267 aliis,
1057 2234 1090 2259 et

93 2268 212 2301 fiamus
239 2281 322 2302 vasa
345 2272 617 2311 misericordiae,
643 2282 708 2303 non
733 2282 816 2303 vasa
841 2273 931 2310 irae,
962 2278 997 2304 ut
1021 2270 1089 2303 fue-

92 2319 180 2352 runt,
205 2320 281 2345 sunt
305 2321 337 2345 et
361 2321 459 2347 erunt
483 2315 574 2347 multi
598 2316 697 2357 impii,
718 2316 772 2358 qni
797 2326 938 2359 magnos
952 2314 1089 2347 labores

92 2358 271 2396 sustinent,
294 2359 353 2389 sed
379 2359 590 2400 perniciosos
614 2360 675 2390 sibi
701 2360 782 2400 ipsis
808 2367 840 2391 et
864 2359 948 2398 31115,
972 2367 1006 2390 ut
1032 2358 1088 2390 Al-

93 2400 263 2439 cibiades,
287 2401 514 2444 Agathocles,
544 2402 690 2442 Matius,
713 2403 876 2443 fatilina,
909 2410 938 2434 et
964 2401 1018 2434 alii
1043 2403 1089 2434 in-

92 2444 329 2477 numerabiles,
375 2445 428 2477 De
459 2445 513 2477 his
538 2447 798 2489 cogitationibus
829 2454 860 2479 et
889 2448 930 2478 de
955 2448 1088 2478 invoca—
1113 2475 1116 2487 ,

91 2488 181 2519 tione
201 2488 262 2521 Dei
287 2500 460 2522 monemur
473 2491 561 2522 dicto
577 2491 730 2523 le1·e.niae
755 2497 787 2523 et
800 2490 972 2525 similibus,
1001 2491 1089 2522 iide-
1112 2493 1116 2558 Ι

91 2529 185 2564 lieet:
211 2533 286 2565 Non
312 2540 423 2575 potest
445 2535 509 2566 sibi
532 2534 631 2567 homo
655 2545 791 2578 sumere
811 2536 1000 2578 quicquam,
1026 2535 1090 2567 11151

92 2576 134 2609 sit
153 2578 182 2609 ei
202 2577 315 2610 datum
339 2579 494 2621 desuper.

1232 2059 1304 2091 Nos
1323 2065 1432 2092 autem
1456 2058 1556 2102 plane
1581 2061 1800 2093 discernimus
1820 2069 1959 2094 externa
1981 2060 2073 2094 sacta
2096 2063 2138 2095 ab

1144 2104 1275 2147 integra
1299 2103 1491 2146 impletione
1514 2104 1637 2148 Legis,
1667 2116 1753 2147 quae
1778 2112 1830 2137 est
1853 2106 1925 2137 Lux
1951 2113 1982 2138 et
2005 2105 2140 2138 consor·

1143 2149 1242 2179 mitas
1268 2159 1340 2179 cum
1366 2147 1440 2179 Deo
1465 2149 1536 2179 sine
1561 2157 1719 2190 peccato,
1751 2156 1781 2181 et
1805 2150 2000 2182 accenditur
2031 2152 2073 2182 ab
2099 2162 2139 2183 eo

1143 2193 1411 2266 lqonnnunicante
1441 2202 1479 2223 50
1508 2198 1541 2224 et
1572 2204 1668 2224 suam
1697 2194 1892 2235 sapientiam
1922 2201 1955 2226 et
1983 2195 2140 2227 iustitiam

1168 2246 1277 2268 ommi.

1231 2314 1380 2346 Dicimus
1404 2320 1514 2346 autem
1538 2314 1691 2347 homines
1715 2317 1813 2348 etiam
1837 2327 1903 2348 non
1928 2322 2065 2348 renatos
2083 2326 2138 2348 ex-

1142 2364 1236 2390 terna
1261 2359 1362 2401 Legis
1388 2369 1493 2400 opera
1516 2357 1631 2390 facere
1662 2371 1782 2400 posse,
1806 2371 1995 2403 quanquam
2020 2359 2138 2392 faciles

1142 2411 1217 2434 sunt
1244 2401 1360 2444 lapsus
1385 2410 1522 2443 propter
1551 2405 1719 2445 propriam
1743 2403 1975 2442 infirmitatem,
1999 2411 2031 2435 et
2058 2404 2138 2436 Dia-

1143 2446 1272 2478 bolicas
1298 2448 1453 2478 insidias:
1487 2446 1555 2477 Sed
1586 2447 1668 2478 haec
1699 2454 1840 2479 externa
1874 2446 2053 2489 disciplina
2082 2458 2137 2480 ne-

1143 2501 1308 2532 quaquam
1335 2497 1384 2522 est
1409 2491 1538 2532 integra
1564 2491 1666 2533 Legis
1689 2491 1848 2533 impletio,
1873 2502 2062 2533 quanquam
2077 2491 2138 2523 Ρο-

1142 2533 1233 2566 iitica
1251 2535 1416 2576 sapientia
1436 2533 1513 2565 1111111
1537 2535 1596 2565 11151
1616 2542 1784 2566 externam
1807 2536 2028 2567 obedientiam
2043 2546 2137 2577 prae-

1143 2579 1207 2620 cipi
1245 2579 1381 2621 cogitat.
1440 2579 1506 2610 Sed
1543 2579 1629 2610 haee
1665 2579 1861 2610 l'liarisaica
1897 2590 1957 2611 seu
1994 2579 2137 2611 humana

1141 2623 1336 2665 imaginatio
1371 2622 1608 2655 universaliter
1641 2622 1806 2655 refutatur
1844 2624 1877 2655 in
1917 2624 2136 2657 concionibus

1872 2683 1929 2710 28·
