2383 2990
20 2652 29 2668 1·
21 2585 25 2629 ——-
19 2523 26 2572 -·—

179 123 244 156 ⁷05
721 119 777 153 tx.
823 119 1079 152 REFUTATlO
1103 120 1324 153 ABUSUUM
1344 119 1526 154 COENAE
1550 120 1722 152 DOMlNl.
2158 121 2223 153 ⁷06

1197 215 1204 230 ¹
1229 216 1376 247 iunctiva
1399 222 1493 247 recte
1516 216 1690 255 convenit,
1720 216 1797 259 quia
1825 226 1904 258 pars
1927 227 1995 249 una
2016 218 2224 258 prohibetur,

1229 257 1336 291 altera
1360 269 1536 291 concessa.
1583 258 1727 291 Proinde
1756 260 1841 291 satis
1871 261 2028 302 adparet,
2062 260 2127 292 hac
2150 262 2224 304 ipsa

1229 303 1431 334 disiunctiva
1450 303 1558 334 taxari
1576 303 1805 341 adversarios,
1826 310 1858 335 et
1871 303 2061 336 confirmari
2075 312 2224 336 nostram

178 219 334 252 Minister
367 217 509 259 porrigit
539 216 813 257 Sacramentum,
848 216 909 248 sed
939 216 972 247 in
995 225 1060 247 usu
1085 214 1176 246 diffe-

179 263 286 294 rentia
308 259 402 293 nulla
424 261 479 299 sit,
504 261 629 303 pariter
651 266 787 292 utantur
809 260 942 302 integro
955 260 1175 291 Sacramento

178 306 334 339 Minister
357 315 390 336 81
413 304 557 342 Laicus,
581 304 708 346 pariter
730 313 768 335 se
792 302 1011 336 consolentur
1033 308 1175 344 accepto

178 349 245 381 hoc
268 349 421 392 pignore,
445 354 478 380 et
501 347 600 379 fidem
625 353 816 385 exerceant,
840 347 965 389 pariter
981 352 1083 389 agant
1101 356 1176 387 gra·
1199 353 1203 388 Ι
1229 347 1436 378 sententiam.
1483 346 1685 378 Moveantur
1708 348 1808 390 igitur
1827 347 1891 380 hac
1915 348 2115 390 gravissima
2137 360 2225 379 eom-

178 394 253 426 tias.
300 382 532 435 Repudienaur
555 401 691 423 errores
715 391 756 422 de
780 389 949 422 oblatione
974 397 1007 421 et
1029 388 1177 431 applica·
1200 390 1203 428 1
1229 390 1429 428 minatione,
1453 397 1486 422 et
1512 400 1590 421 vere
1612 397 1801 434 agnoscant
1825 402 1863 423 se
1877 401 1954 423 reos
1969 402 2046 423 esse
2071 392 2224 433 corporis

179 437 271 469 tione
294 447 356 478 pro
380 435 464 467 aliis.
511 435 578 466 Sed
607 432 804 473 sacrificuli,
840 440 874 466 ut
899 433 1097 465 confirment
1120 433 1176 464 im-
1199 434 1203 478 ]
1229 439 1262 464 81
1286 434 1459 476 sanguinis
1484 432 1625 472 Christi,
1660 444 1702 465 ac
1726 435 1880 467 desinant
1908 436 2041 467 tandem
2073 434 2226 478 polluere

179 481 254 523 pios
277 481 406 512 abusus
431 479 472 511 de
496 478 667 511 oblatione
697 486 738 510 et·
752 476 986 519 applicatione,
1010 475 1176 507 dissimili·
1200 479 1204 501 1
1230 475 1485 509 Sacramentum
1518 477 1572 508 1115
1597 478 1774 516 abusibus,
1809 489 1895 520 quos
1918 480 2082 510 hactenus
2105 489 2226 521 magna

179 524 327 557 tudinem
351 524 384 554 in
407 533 470 555 usu
496 523 707 554 ceremoniae
727 520 921 560 defendunt,
944 527 980 552 ut
1000 519 1106 562 pluris
1120 520 1177 551 fiat
1200 506 1203 542 l
1230 519 1428 552 crudelitate
1463 520 1694 553 defenderunt.
1750 521 1950 563 Copulativa
1982 523 2163 565 praecipit,
2192 529 2226 554 ut

179 567 396 599 sacerdotum
435 577 541 607 opuS,
576 576 676 608 quam
710 563 871 596 laicorum
907 564 1175 596 communicatio.
1200 546 1203 583 l
1230 570 1371 605 utraque
1395 570 1491 605 parte
1513 571 1655 596 utamur.
1702 565 1913 598 Disiunctiva
1937 567 2056 598 deinde
2081 577 2226 609 exagge-

179 611 253 643 Hac
275 609 363 642 falsa
389 609 609 652 persuasione
633 620 708 641 cum
733 610 893 640 obruatur
912 606 1103 640 intellectus
1117 607 1176 639 Sa·
1230 613 1280 638 rat
1306 607 1612 647 comminationem,
1637 609 1757 640 modos
1781 608 1896 651 plures
1920 620 2122 649 recensens.
2157 611 2226 653 qui-

181 655 355 692 cranienti,
387 663 530 685 necesse
554 659 606 685 est
628 651 826 684 reclamare.
873 651 1056 694 Postquam
1089 652 1177 682 enim
1231 651 1293 682 bus
1318 651 1350 681 in
1375 650 1440 681 hoc
1465 662 1589 693 genere
1614 651 1826 694 delinquitur.
1857 653 1972 685 Utram
1996 661 2124 694 partem
2149 664 2227 686 8011-

181 704 365 740 coeperunt
384 695 565 729 sacrificuli
588 696 783 728 discernere
805 706 902 727 suum
926 706 1011 737 opus
1036 706 1055 726 3
1074 694 1177 726 13180-
1230 693 1363 726 1111118113
1395 694 1583 733 adfece2is,
1619 697 1766 737 graviter
1802 696 1952 728 offendes
1976 696 2095 729 Deum.
2142 698 2227 730 Sunt

180 753 253 774 rum
278 741 597 779 communicatione,
622 746 742 772 secuta
765 745 816 771 est
840 737 1012 771 horribilis
1037 737 1177 770 idolola·
1230 744 1353 776 autem,
1378 745 1414 769 ut
1438 738 1603 777 diximus,
1638 738 1838 781 multiplices
1862 747 1893 771 et
1917 740 2074 773 horrendi
2099 742 2227 773 abusus

180 786 245 817 tria
266 786 471 827 privatarum
494 783 694 822 Missarum,
730 794 829 826 quam
854 781 925 815 tolli
954 793 995 814 ex
1020 781 1179 815 Ecclesia
1201 808 1204 866 n
1230 781 1327 813 huius
1352 782 1560 813 sacramenti
1585 784 1673 824 apud
1697 784 1922 815 adversarios.

180 838 324 861 necesse
347 834 407 860 est.

1202 901 1203 908 ἵ
1318 867 1483 900 Resutatis
1512 869 1781 901 adversariorum
1811 872 2037 913 argumentis,
2072 874 2155 903 satis
2190 872 2227 903 li-

1230 912 1331 954 quido
1351 919 1501 954 apparet,
1524 912 1780 954 prohibitionem
1804 913 1943 946 alterius
1968 915 2072 957 partis
2095 916 2227 957 impiam
2276 940 2283 949 .

1230 965 1325 993 esse,
1360 963 1391 987 et
1417 957 1658 989 restituendum
1689 968 1767 989 esse
1798 959 1960 1000 integrum
1985 970 2099 997 usum,
2137 960 2227 991 iuxta

1231 1000 1422 1030 mandatum
1447 999 1590 1039 Christi,
1610 1007 1643 1032 et
1666 1012 1792 1033 morem
1817 1002 1929 1033 multis
1955 1002 2082 1035 seculis
2113 1004 2228 1034 obser-

1230 1050 1343 1074 vatum
1368 1043 1399 1074 in
1423 1049 1493 1075 tota
1517 1043 1674 1076 Ecclesia
1698 1046 1814 1077 veteri.
1847 1045 2062 1088 Excogitent,
2088 1046 2228 1089 tingant,

1230 1085 1395 1128 reflngant
1420 1098 1507 1129 quae
1530 1087 1646 1119 volent
1670 1096 1867 1131 argumenta
1892 1091 2095 1128 adversarii,
2118 1097 2228 1122 tamen

179 1142 255 1164 nem
278 1131 378 1167 hunc,
403 1138 459 1164 aut
483 1132 603 1163 biberit
625 1129 783 1173 poculum
797 1130 931 1162 Domini
956 1131 1093 1174 indigne
1111 1137 1176 1162 etc.
1229 1129 1486 1171 prohibitionem
1511 1130 1692 1163 defendere
1716 1144 1782 1164 non
1808 1140 1975 1174 poterunt.
2013 1135 2047 1165 Si
2073 1134 2147 1176 quis
2172 1145 2227 1166 au-

180 1175 242 1208 Hic
265 1186 349 1207 usus
381 1182 434 1207 est
457 1175 584 1207 Paulus
610 1176 812 1207 disiunctiva
837 1173 1016 1216 particula:
1047 1174 1082 1206 ln
1112 1175 1177 1206 dis·
1200 1210 1203 1218 Ι
1230 1180 1296 1205 18111
1320 1180 1447 1205 tantum
1472 1174 1561 1207 hanc
1584 1175 1691 1207 adfert
1717 1187 1872 1208 causam:
1903 1177 1961 1209 Sic
1994 1177 2085 1217 volo,
2108 1179 2157 1210 sic
2181 1179 2228 1210 iu·

179 1220 336 1251 iunctivis
360 1225 470 1251 autem
488 1219 570 1251 satis
589 1225 641 1250 851
660 1218 798 1250 alteram
817 1225 945 1259 partem
963 1219 1053 1260 poni.
1089 1217 1176 1250 Con·
1200 1225 1204 1274 Ι
1232 1218 1307 1255 1180,
1344 1218 1387 1249 511
1410 1229 1471 1259 pro
1496 1220 1622 1251 ratione
1647 1219 1822 1259 voluntas,
1858 1222 1886 1252 is
1916 1223 1948 1253 in
1977 1220 2135 1254 Ecclesia
2164 1222 2228 1254 sibi

179 1263 267 1295 cedit
280 1261 517 1305 igiturl’aulus
531 1269 658 1294 tantum
671 1273 737 1294 una
760 1268 856 1304 parte
881 1262 1091 1294 Sacramenti
1113 1263 1171 1294 uti.
1230 1261 1479 1293 immoderatam
1515 1269 1715 1304 potestatem
1750 1266 1867 1295 sumit:
1907 1265 1965 1297 ubi
2001 1266 2228 1297 conscientiae

1230 1304 1354 1336 habent
1377 1304 1546 1348 regulam,
1582 1317 1671 1348 quae
1695 1308 1810 1346 docet,
1840 1308 1915 1339 Deo
1938 1310 2047 1351 magis
2072 1310 2227 1341 obedien-

267 1348 502 1382 Pulcherrima
525 1350 632 1381 virtus
655 1355 708 1381 est
731 1359 827 1381 amor
849 1349 1013 1388 veritatiS,
1036 1350 1176 1392 quiqui·
1230 1349 1306 1380 dum
1330 1358 1420 1387 esse,
1444 1359 1543 1391 quam
1568 1349 1770 1383 hominibus.
1816 1352 1891 1383 Non
1916 1352 1993 1384 11881
2009 1352 2225 1385 Pontificibus

179 1393 255 1425 dem
279 1392 447 1425 excellere
472 1394 572 1425 debet
595 1394 628 1425 in
653 1393 717 1432 his,
741 1393 796 1434 qui
810 1391 1072 1424 Ecclesiasticus
1097 1404 1176 1425 con·
1229 1399 1285 1424 aut
1298 1392 1509 1434 Principibus
1531 1394 1736 1426 constituere
1751 1394 1935 1437 religiones
1947 1398 2083 1438 proprio
2105 1397 2227 1429 iudicio

177 1437 365 1469 troversias
389 1437 587 1476 diiudicant,
623 1443 657 1468 ut
683 1436 819 1478 cognita
842 1437 993 1474 veritate,
1018 1437 1093 1468 finis
1117 1436 1177 1468 ali·
1231 1443 1349 1468 contra
1364 1437 1555 1468 mandatum
1574 1436 1648 1469 Dei.
1672 1438 1713 1470 Et
1723 1446 1830 1471 tamen
1848 1440 1944 1481 proni
1960 1446 2038 1472 sunt
2050 1441 2148 1472 animi
2168 1451 2228 1483 gu·

177 1481 253 1522 quis
277 1481 321 1512 sit
344 1479 605 1522 sophismatum:
640 1480 725 1512 Nam
750 1480 805 1522 qui
830 1490 896 1511 non
921 1486 1032 1512 amant
1055 1481 1176 1512 verita-
1230 1481 1445 1512 bernatorum
1461 1481 1503 1511 ml
1520 1480 1742 1524 huclapsum,
1758 1489 1793 1514 ut
1806 1483 2167 1527 exemplamagnorum
2182 1485 2227 1517 vi-

177 1530 256 1562 tem,
280 1533 416 1565 semper
438 1525 481 1556 ad
504 1535 579 1556 eam
602 1522 802 1556 eludendam
826 1522 959 1566 aliquas
991 1522 1176 1556 cavillatio·
1229 1535 1343 1555 rorum
1357 1524 1510 1556 omnibus
1535 1524 1606 1557 sere
1629 1528 1795 1558 aetatibus
1819 1528 2011 1559 ostendunt.
2036 1528 2075 1560 Et
2089 1527 2144 1559 alii
2158 1539 2227 1560 mo-

177 1577 241 1599 nes
275 1568 461 1608 reperient,
496 1578 572 1599 cum
606 1567 792 1610 sophistica
826 1568 871 1599 sit
905 1567 1042 1600 infinita.
1108 1568 1175 1600 Sed
1229 1575 1350 1599 ventur
1372 1569 1624 1610 superstitione,
1647 1568 1702 1601 alii
1716 1581 1777 1612 spe
1791 1571 2039 1614 tranquillitatis
2058 1570 2226 1615 publicae,

175 1620 316 1654 agamus
339 1612 493 1653 ingenue.
1229 1617 1279 1643 ut:
1314 1612 1487 1644 leroboam
1519 1619 1553 1643 ut
1583 1611 1745 1646 alienaret
1768 1614 1884 1657 populi
1915 1616 2045 1648 animos
2076 1627 2095 1647 a
2118 1626 2253 1659 regno·

1229 1654 1327 1694 luda,
1352 1656 1491 1687 instituit
1521 1655 1709 1697 peculiares
1733 1657 1844 1690 cultus
1874 1659 1906 1690 in
1931 1660 2082 1692 Samaria
2107 1667 2226 1692 contra

264 1696 391 1730 Paulus
426 1698 483 1730 ubi
517 1698 679 1740 praecipit
714 1698 760 1729 uti
783 1698 1025 1736 Sam-amento,
1054 1698 1087 1729 in
1121 1697 1174 1729 his
1200 1717 1203 1766 Ι
1229 1700 1387 1731 mandata
1410 1698 1484 1731 Dei.
1530 1699 1578 1731 lta
1602 1699 1785 1734 Pontifices
1810 1703 2023 1735 instituerunt
2047 1710 2225 1746 quaestuo-

176 1741 260 1784 ipsis
284 1742 399 1773 verbis
428 1742 617 1784 praecepti,
647 1741 845 1783 particulam
876 1740 1099 1783 copulativam
1123 1748 1174 1774 ter
1229 1752 1289 1773 505
1314 1742 1442 1781 81111115,
1473 1749 1506 1775 81
1530 1752 1724 1786 repererunt
1750 1747 1862 1778 varias
1893 1749 2102 1779 ceremonias
2126 1747 2225 1779 utiles

176 1785 312 1827 repetit:
336 1785 461 1816 Probet
484 1795 523 1816 se
546 1786 654 1827 ipsum
679 1785 792 1824 1101110,
816 1791 849 1816 81
873 1785 923 1816 518
945 1786 988 1816 de
1012 1784 1076 1816 1,οο
1089 1796 1174 1826 pane
1196 1772 1203 2206 Ι
1228 1786 1269 1816 311
1293 1787 1481 1828 augendam
1505 1797 1659 1830 pompam
1684 1792 1911 1830 sacerdotum,
1935 1798 1967 1823 et
1991 1792 2034 1822 ad
2059 1790 2225 1823 fascinan-

513 996 607 1036 Alia
642 994 842 1036 Obiectio.

268 1087 380 1120 Prima
403 1088 554 1120 Corinth.
582 1088 630 1119 ll.
667 1088 802 1119 dicitur:
838 1087 902 1123 Qui
941 1087 1085 1119 comedit
1120 1097 1177 1128 pa-

177 1829 274 1866 edat,
309 1828 408 1860 etde
431 1827 537 1860 calice
567 1830 667 1860 bibat.
715 1828 808 1861 Haec
833 1834 911 1860 sunt
934 1830 1038 1861 verba
1062 1829 1173 1871 dispo-
1228 1830 1290 1861 1105
1321 1831 1451 1861 animos
1482 1831 1596 1872 populi
1631 1833 1859 1876 qualicunque
1893 1844 1910 1866 s
1935 1836 2006 1867 ecie
2040 1834 2223 1878 religionis-

176 1873 286 1903 nentis
310 1883 351 1904 ac
381 1873 634 1914 praecipientis,
669 1878 703 1904 ut
731 1879 871 1915 utraque
900 1878 995 1914 parte
1026 1879 1172 1904 utantur.
1227 1872 1340 1909 Quare
1365 1875 1466 1905 variis
1490 1876 1662 1907 erroribus
1682 1876 1837 1910 Ecclesia
1856 1878 1911 1920 pol
1930 1886 1984 1910 uta
1999 1885 2063 1916 est,
2087 1878 2224 1911 etmulti

177 1915 293 1947 Laudo
328 1915 534 1959 diligentiam
556 1917 589 1948 in
624 1917 854 1958 expendendis
889 1915 1078 1958 particulis,
1112 1917 1173 1948 sed
1225 1918 1407 1958 perierunt,
1432 1916 1612 1952 multorum
1636 1922 1863 1954 conscIentiae
1886 1922 2120 1955 miserabiliter
2144 1934 2220 1955 sau-

175 1959 375 1991 adltibeatur
399 1960 432 1991 in
456 1960 633 1991 iudicando
657 1961 845 2002 ingenuitas
869 1966 903 1992 81
933 1960 1071 1992 veritas.
1116 1959 1173 1992 Vi·
1227 1962 1334 1993 ciatae
1358 1967 1446 1993 sunt.

176 2003 307 2041 deatur,
331 2003 386 2035 ubi
411 2002 536 2036 Paulus
560 2014 644 2035 usus
668 2005 712 2035 sit
743 2002 943 2046 copulativis
970 2010 1026 2035 aut
1051 2004 1172 2036 disiun-

177 2047 286 2078 ctiviS.
323 2049 357 2079 In
375 2054 556 2089 praecepto
580 2048 621 2079 de
644 2054 787 2090 utraque
810 2054 905 2089 parte
929 2048 1104 2086 sumenda,
1121 2053 1173 2079 est

176 2100 259 2121 usus
291 2089 507 2132 copulativis:
543 2090 726 2123 Confirmat
757 2092 856 2134 igitur
878 2102 976 2123 usum
999 2092 1172 2133 utriusque

176 2134 293 2176 partis.
341 2134 471 2165 Deinde
505 2133 611 2167 semel
646 2142 697 2167 est
733 2146 816 2167 usus
851 2133 1015 2178 particula
1050 2135 1172 2167 disiun-

177 2177 282 2216 ctiva,
318 2176 462 2220 loquens
497 2178 538 2209 de
572 2189 682 2220 poena
716 2179 852 2222 indigne
886 2179 1102 2217 sumentium,
1137 2184 1173 2211 ut

177 2221 391 2253 comminatio
416 2228 509 2253 esset
534 2223 695 2261 atrocior,
721 2229 753 2254 et
777 2224 880 2256 sciret
903 2224 1036 2255 auditor
1058 2233 1174 2264 parem

1314 2047 1461 2081 Proinde
1483 2051 1528 2092 pii
1553 2051 1798 2093 gubernatores
1823 2064 1890 2085 non
1915 2060 2047 2085 sumant
2071 2054 2133 2085 sibi
2164 2064 2221 2096 po-

1225 2098 1399 2132 testatem,
1435 2104 1498 2125 suo
1533 2095 1655 2137 iudicio
1681 2103 1799 2127 contra
1823 2098 1981 2129 mandata
2004 2097 2068 2129 Dei
2098 2097 2223 2140 aliquid

1227 2137 1463 2176 constituendi,
1488 2138 1548 2169 sed
1571 2137 1644 2171 Deo
1669 2140 1912 2181 obtemperent,
1936 2148 2055 2173 ornent
2081 2140 2222 2185 gloriam

1226 2179 1308 2218 Dei,
1344 2180 1522 2212 consulant
1557 2183 1774 2215 conscientiis
1806 2185 1947 2226 piorum.
2018 2185 2109 2217 Haec
2143 2192 2222 2218 sunt

1224 2224 1405 2266 praecipua
1440 2223 1553 2257 officia
1583 2227 1840 2268 gubernantium
1871 2227 2065 2267 EcclesiaS,
2101 2230 2221 2271 quibus

176 2265 398 2297 rever-entiam
421 2266 552 2308 utrique
573 2267 659 2308 parti
683 2266 808 2298 deberi.
1225 2268 1365 2309 spretis,
1401 2268 1429 2299 si
1453 2269 1508 2310 qui
1539 2267 1635 2311 leges
1659 2271 1799 2303 iniustas
1830 2271 2005 2304 Ecclesiae
2036 2274 2219 2315 imponent,

1226 2310 1277 2342 1115
1313 2312 1458 2343 minatur
1492 2323 1559 2344 vcx
1593 2314 1704 2345 divina
1739 2315 1907 2357 inquiens:
1932 2316 2005 2347 Vae
2029 2317 2138 2355 vobis,
2164 2318 2219 2359 qui

265 2350 474 2384 Contumelia
511 2351 663 2385 afficiunt
698 2353 971 2392 Sacramentum,
1012 2355 1067 2396 qui
1101 2354 1173 2385 sine
1224 2353 1319 2397 leges
1364 2355 1506 2387 iniustas
1552 2358 1705 2389 conditis.
1796 2358 1892 2390 Tanti
1939 2358 2015 2391 fecit
2063 2360 2218 2393 Christus

176 2396 409 2427 emendatione
431 2407 560 2428 ntorum
584 2398 768 2429 accedunt:
792 2398 869 2430 item
894 2398 1091 2429 sacerdotes
1117 2398 1172 2440 qui
1223 2400 1350 2430 animas
1399 2406 1558 2439 nostras,
1611 2407 1645 2433 ut
1690 2412 1752 2433 sua
1799 2409 1905 2435 morte
1957 2414 2014 2435 eas
2070 2405 2217 2436 redeme-

176 2445 338 2481 quaestus
364 2450 467 2471 causa
491 2447 634 2473 sumunt.
681 2442 746 2474 Sed
769 2440 872 2473 multo
897 2442 1001 2473 maior
1025 2447 1075 2473 est
1095 2452 1172 2473 con·
1223 2444 1274 2474 rit.
1322 2442 1487 2478 Quantum
1522 2445 1622 2486 igitur
1656 2445 1931 2487 reprehendenda
1966 2454 2017 2479 est
2051 2449 2218 2489 asperitas

175 2481 323 2520 tumelia‚
348 2494 414 2515 non
435 2483 555 2515 afferre
578 2494 693 2516 veram
717 2486 972 2528 poenitentiam,
998 2486 1115 2522 fidem,
1139 2492 1171 2517 et
1223 2493 1256 2518 et
1280 2487 1417 2518 durities
1452 2488 1725 2529 gubernantium,
1761 2491 1816 2532 qui
1840 2492 1995 2523 sanciunt
2019 2498 2050 2523 et
2074 2492 2218 2534 perdunt

175 2526 362 2558 doctrinam
398 2528 439 2559 de
473 2538 537 2559 usu
571 2527 877 2561 Sacramentorum.
924 2528 985 2560 Est
1020 2535 1053 2561 81
1086 2529 1171 2561 11388
1222 2531 1351 2562 animas
1375 2541 1512 2562 suorum
1537 2531 1668 2564 iniustis
1690 2531 1848 2575 legibus?
1895 2534 1978 2570 Quis
2008 2534 2096 2567 hanc
2120 2546 2216 2577 aspe-

175 2569 394 2609 contmnclia,
429 2571 609 2613 prohibere
632 2583 730 2604 unam
754 2579 891 2615 partem.
938 2572 1030 2604 Haec
1055 2579 1170 2604 contu·
1222 2574 1352 2606 ritatem
1375 2585 1442 2606 non
1466 2576 1628 2608 accuset?
1674 2576 1758 2613 Quis
1781 2576 1868 2609 hanc
1891 2580 2019 2611 tristem
2041 2578 2216 2612 Ecclesiae

175 2612 274 2646 melia
305 2625 381 2647 811111
410 2614 623 2657 peculiariter
651 2617 814 2659 pertineat
837 2617 880 2649 ad
910 2615 1067 2656 calicem,
1103 2617 1170 2648 dis·
1220 2619 1415 2650 servitutem
1439 2629 1506 2650 non
1530 2619 1704 2661 deploret?
1738 2621 1896 2654 Oraudus
1919 2630 1972 2655 est
1995 2623 2214 2666 igitur-Deus

335 2685 483 2705 MELAMTH.
500 2685 581 2704 OPER
597 2686 661 2706 VOL.
678 2686 762 2705 51111.
2006 2685 2038 2710 45
