2383 2990
183 139 251 173 665
959 139 1032 171 Vll.
1063 138 1125 170 DE
1149 139 1447 174 POENITENTIA
1454 163 1463 171 .
2171 141 2238 174 666

184 240 332 273 caton-es„
349 245 419 267 non
442 240 584 277 agentes
602 234 854 276 poenitentiam,
884 235 946 266 sed
969 235 1081 277 agenti
1104 245 1184 276 poe·
1210 241 1214 303 ι
1237 236 1315 267 beat
1345 242 1493 274 vestem,
1529 243 1562 269 et
1595 236 1751 269 homines
1784 247 1853 269 non
1886 237 2101 278 praemoniti,
2135 235 2236 270 facile

182 279 354 311 nitentiam
378 279 571 310 mandatum
596 284 660 318 est,
694 284 731 310 ut
755 279 882 317 credat,
911 289 950 310 se
973 285 1111 320 propter
1134 278 1185 310 Fi·
1212 309 1213 315 ,
1238 280 1416 321 capiuntur
1439 279 1495 312 illa
1520 291 1658 322 operum
1683 280 1806 323 specie.
1854 280 1935 313 Ideo
1959 279 2045 313 tales
2059 282 2235 323 opiniones

181 321 261 354 lium
296 322 362 354 Dei
397 323 502 365 gratis
537 322 641 364 recipi
676 329 708 354 et
732 323 851 364 accipi,
886 332 928 353 ae
951 321 1183 366 placere-eius
1210 318 1213 359 ἒ
1236 325 1362 355 maiore
1387 335 1468 356 cura
1491 324 1687 357 refutandae
1711 331 1801 364 sunt,
1835 331 1868 357 et
1897 323 1995 356 simul
2019 325 2123 357 corda
2147 326 2236 357 exei-

181 367 449 398 invocationem:
487 365 583 397 Hanc
617 365 694 398 fidei
724 364 836 398 lucem
860 376 927 397 non
953 367 1103 397 sinamus
1128 376 1183 397 ex-
1209 363 1213 423 Ι*
1236 367 1340 398 tanda
1362 374 1440 400 sunt
1464 368 1507 399 ad
1530 379 1646 400 veram
1669 369 1938 408 conversionem,
1964 379 2049 411 quae
2071 370 2144 401 sine
2165 368 2235 401 ulla

179 411 288 452 tingui
312 408 410 441 salsis
434 409 648 451 opinionibus
673 410 714 441 de
739 409 973 441 satisfactione
999 409 1183 448 canonica,
1210 428 1211 446 η
1237 411 1442 443 dubitatione
1465 412 1619 454 impetrat
1643 411 1801 445 auxilium
1824 412 1901 452 Dei,
1927 418 1960 445 et
1995 413 2236 457 mitigationem

181 454 271 485 sicut
295 463 400 495 saepe
433 453 467 485 in
490 452 645 485 Ecclesia
668 452 768 485 valde
792 454 976 485 obscuram
1000 459 1052 485 est
1083 454 1182 484 etiarn
1209 453 1211 482 i
1235 456 1463 496 praesentium
1487 455 1724 496 calamitatum,
1746 464 1782 489 ut
1806 457 1930 489 dictum
1953 462 2016 489 est.

179 498 324 530 vetustis
360 498 586 538 temporibus,
620 503 653 528 et
676 508 751 529 cum
781 497 984 539 extinguitur
1014 497 1100 529 haec
1123 496 1182 528 lux

179 540 270 580 fidei,
305 541 512 582 recipiuntur
547 541 721 583 opiniones
748 539 924 578 Ethnicae‚
948 547 979 572 et
1005 539 1180 579 Turcieae,
1321 541 1364 573 Et
1397 553 1459 583 pro
1493 541 1558 574 hac
1591 541 1668 575 luce
1692 544 1865 575 doctrinae
1887 542 1976 582 Deo,
2002 544 2130 587 gratias
2153 554 2234 588 aga·

179 594 267 626 quae
297 584 429 628 fingunt
456 585 577 616 remitti
601 584 733 625 culpam
764 589 903 626 propter
926 584 1179 616 satisfactiones
1232 595 1318 623 mus,
1341 591 1373 630 et
1397 588 1635 629 gratitudinem
1660 586 1871 619 declaremus
1895 589 1929 619 in
1958 587 2177 621 confessione
2199 595 2234 622 et

177 628 373 666 humanas,
407 628 494 660 sicut
523 639 614 660 nunc
647 638 782 670 quoque
806 628 929 659 docent
951 627 1092 666 Turcae,
1128 639 1180 660 re·
1204 627 1209 698 Ι
1233 630 1345 661 studio
1365 631 1624 663 conservandae
1646 630 1746 663 huius
1769 632 1934 673 puritatis.

177 671 262 703 mitti
297 672 480 715 periurium
514 672 620 712 diviti,
650 672 681 703 si
716 672 834 704 decem
857 673 1062 714 pauperibus
1085 682 1178 714 prae-
