2383 2990
209 152 273 184 455
839 149 949 180 PHIL.
968 148 1072 180 MEL.
1091 148 1278 181 SCRIPTA
1296 148 1574 181 DOGMATICA.

210 253 326 279 sancto
363 246 569 278 accendente
607 243 763 275 laetitiam
798 250 830 275 et
860 254 977 285 pacem
1011 244 1045 275 in
1081 246 1192 276 corde.

210 291 341 322 Usitata
360 296 411 321 est
436 290 534 331 igitur
557 288 655 319 nobis
679 287 762 318 haec
786 287 942 319 definitio.

295 367 426 399 FIDES
450 372 500 397 est
525 367 678 397 assentiri
702 367 857 397 universo
880 366 983 396 verbo
996 364 1072 404 Dei,
1095 366 1193 397 nobis

211 413 349 449 tradito,
385 417 484 452 atque
514 410 560 440 ita
590 416 621 440 et
644 409 856 450 promissioni
886 409 1029 450 gratiae,
1065 409 1106 441 Et
1142 415 1194 441 est

210 456 330 486 fidncia
355 455 572 495 acquiescens
596 453 627 483 in
641 452 715 483 Deo
739 459 876 493 propter
894 452 1122 491 Mediatorem,
1141 464 1193 483 ac·

209 500 332 530 cedens
355 498 395 527 ad
422 496 546 534 Deum,
582 507 660 527 vere
683 497 844 527 invocans
867 506 959 533 eum,
994 501 1026 527 et
1045 495 1193 527 clamans

210 542 307 573 Abba
332 548 436 581 pater.

296 619 353 649 Sic
381 616 629 659 intelligendum
661 627 737 648 esse
764 615 961 648 vocabulum
984 616 1093 655 Fidei,
1124 627 1194 647 cer-

209 663 371 694 tissimum
401 668 472 699 est,
507 668 542 692 ut
573 659 674 691 multa
698 659 837 691 illustria
862 660 1049 691 testimonia
1083 667 1194 691 osten-

210 707 302 743 dunt,
326 705 496 736 Romanos
521 705 652 745 quinto:
679 704 847 734 lustiticati
872 703 935 733 tide
957 713 1070 743 pacem
1095 702 1194 734 habe-

208 759 292 781 mus.
339 749 390 778 Ac
414 748 527 778 notitia
552 747 726 782 historiae,
761 745 869 788 qualis
900 747 929 776 in
955 744 1107 778 Diabolis
1131 752 1195 786 651,

208 803 274 824 11011
299 791 393 823 affert
415 802 543 832 pacem,
566 791 631 821 imo
655 797 753 832 auget
779 800 922 831 pavores
947 796 976 820 et
992 790 1195 828 desperatio-

208 847 293 867 nem.
341 834 414 869 Quo
440 835 525 865 enim
551 834 672 864 certius
697 834 806 864 sciunt.
825 832 969 865 Diaboli,
995 831 1106 863 Filium
1132 832 1195 863 Dei

208 880 349 910 iudicem
374 887 462 915 esse,
488 884 518 909 et
543 887 580 908 56
605 876 734 908 futuros
753 887 828 907 esse
850 877 879 906 in
901 876 1016 916 poenis·
1038 877 1194 914 aeternis,

210 933 248 954 eo
273 920 462 953 horribilius
487 927 633 951 metuunt
654 927 683 950 ct
708 921 846 950 oderunt
873 918 990 950 Deum.
1037 919 1109 949 Nec
1137 929 1196 959 po-

209 972 272 997 test
287 966 462 1006 quicquam
483 964 621 1005 cogitari
646 963 772 993 tristius
786 968 841 993 aut
856 963 962 1003 peius,
987 973 1083 1003 quam
1104 973 1196 993 crea—

209 1015 315 1040 turam
341 1009 389 1038 sic
413 1009 444 1038 in
470 1014 536 1038 tota
562 1007 755 1037 aeternitate
780 1007 940 1036 xictoram
961 1015 1055 1043 esse,
1080 1011 1115 1036 ut
1138 1006 1195 1036 113-

209 1053 286 1083 beat
310 1062 470 1082 summam
495 1051 706 1081 acerbitatem
737 1049 801 1079 odii
825 1049 989 1079 adversus
1013 1048 1139 1087 Deum,
1163 1054 1196 1080 et

208 1094 286 1126 velit.
310 1093 457 1125 horribili
486 1092 614 1130 furore,
650 1093 757 1123 onmia
782 1092 947 1123 contraria
980 1092 1110 1122 divinae
1138 1102 1196 1123 vo-

209 1137 336 1175 luntati,
360 1138 471 1168 onmia
496 1137 704 1177 turpissima,
728 1142 759 1166 et
783 1136 1038 1166 destructionem
1064 1134 1127 1165 Dei
1163 1141 1195 1166 et

209 1183 385 1213 universae
409 1186 567 1218 naturae,
593 1180 619 1210 si
650 1185 741 1210 esset
770 1177 950 1220 possibilis.
996 1177 1095 1209 Tales
1119 1183 1196 1209 sunt

209 1224 364 1262 Diaboli,
398 1230 429 1255 et
454 1223 570 1254 horum
595 1222 721 1253 similes
746 1228 841 1253 erunt
866 1221 1014 1252 homines·
1039 1222 1193 1252 damnati.

210 1268 314 1300 Huius
333 1269 452 1298 summi
475 1273 508 1298 et
525 1266 639 1298 infiniti
656 1264 733 1297 mali
750 1265 950 1308 cogitatione
969 1270 1196 1306 expavescant

209 1322 318 1343 ammi.

298 1440 377 1471 Inde
401 1445 511 1471 autem
534 1438 710 1480 perspicue
733 1436 944 1479 intelligitur,
974 1436 1076 1479 longe
1099 1435 1197 1468 aliam

210 1494 287 1515 esse
311 1484 426 1521 fidem,
450 1492 536 1524 quae
561 1482 770 1513 credentibus
794 1491 909 1522 pacem
933 1480 1047 1517 affert,
1078 1481 1110 1511 id
1134 1486 1196 1518 est,

209 1526 365 1559 laetitiam
389 1527 655 1568 acquiescentem
679 1525 711 1555 in
726 1524 800 1555 Deo
823 1524 1196 1565 propterMediatorem.

211 1571 375 1612 Loquitur
399 1580 480 1611 eigo
505 1567 628 1600 Paulus
648 1569 689 1599 de
712 1568 775 1598 hac
799 1568 892 1605 Fide,
916 1577 980 1608 qna
1003 1569 1052 1598 sie
1076 1565 1198 1608 ample-

211 1615 311 1645 cteris
336 1613 601 1653 promissionem,
626 1617 661 1642 ut
686 1612 804 1641 credas
829 1611 884 1641 tibi
904 1611 966 1651 ipsi
984 1611 1101 1641 remitti
1121 1620 1198 1651 pec-

213 1664 302 1694 cata,
326 1663 357 1687 te
381 1658 487 1697 ipsum
512 1653 735 1688 reconciliari,
767 1654 861 1689 Quae
884 1654 983 1684 Fides
1008 1660 1060 1684 est
1083 1663 1198 1683 assen-

212 1702 274 1738 sio,
298 1710 364 1741 qua
382 1700 507 1740 accipis
532 1708 647 1729 omnes
671 1696 830 1728 articulos
855 1696 962 1736 Fidei,
987 1702 1018 1727 et
1041 1702 1092 1728 est
1116 1697 1197 1727 111111-

213 1745 264 1776 cia
288 1743 509 1784 acquiescens
533 1742 566 1772 in
584 1741 657 1772 Deo
681 1748 818 1782 propter
832 1740 1061 1771 Mediatorem.
1085 1740 1198 1775 Quare

212 1785 337 1818 Paulus
361 1787 401 1816 ad
434 1785 603 1816 Romanos
635 1791 770 1826 quarto,
805 1783 1004 1814 correlative
1030 1784 1198 1814 connectit

210 1830 471 1861 promissionem
503 1835 535 1859 et
565 1828 689 1859 Fidem.
745 1827 899 1858 Nominat
929 1827 1030 1869 igitur
1058 1825 1198 1856 FtDEM

210 1874 298 1905 hanc
322 1873 565 1909 assensionem,
591 1881 676 1912 quae
693 1871 947 1912 promissionem
961 1870 1091 1911 accipit.
1126 1869 1197 1900 Nec

212 1917 345 1948 dubium
381 1921 452 1954 est,
488 1915 676 1946 mandatum
708 1914 771 1944 Dei
794 1923 890 1951 esse,
922 1919 955 1944 ut
979 1913 1199 1944 assentiamur

210 1959 440 2001 promissioni:
473 1959 556 1989 sicut
582 1957 746 1988 lohannes
770 1957 891 1998 inquit:
916 1956 978 1992 Qui
1003 1966 1068 1987 non
1093 1956 1197 1987 credit

210 2003 305 2040 Deo,
335 2003 527 2033 mendacem
559 2012 633 2032 enm
666 2000 754 2032 facit.
802 2000 844 2031 Ut
876 2001 974 2042 igitur
1005 1999 1070 2030 fide
1092 1999 1197 2039 accipi

211 2047 388 2088 promissio
412 2045 518 2087 possit
541 2046 639 2075 (locet
663 2042 787 2075 Paulus
812 2054 884 2074 eam
908 2054 972 2074 non
993 2043 1139 2084 pendere
1158 2053 1198 2073 ex

212 2090 399 2120 conditione
429 2088 542 2129 Legis.

212 2132 287 2164 sola
312 2133 424 2163 notitia
449 2132 616 2169 historiae,
639 2136 675 2162 ut
697 2131 882 2162 adversarii
906 2130 1017 2168 coeci,
1048 2135 1081 2161 ct
1103 2127 1197 2160 falsis

214 2177 424 2218 opinionibus
450 2175 601 2206 13561113ῑί
626 2175 841 2206 contendunt.

465 2341 593 2382 Aliud
625 2340 930 2383 Testimonium.

302 2451 469 2491 Ephesios
493 2451 600 2488 tertio,
623 2448 784 2481 Declarat
797 2447 932 2486 Paulus,
956 2448 1034 2490 quid
1057 2447 1201 2479 nominet

215 2494 327 2525 Fidem
359 2493 507 2534 plurimis
531 2492 724 2530 vocabulis,
754 2504 838 2534 quae
864 2493 1060 2529 ostendunt,
1095 2489 1201 2531 qualis

216 2538 258 2568 sit
290 2544 398 2568 motus
422 2548 585 2568 accensus
615 2547 674 2577 per
698 2535 812 2567 Filium
841 2546 925 2567 voce
947 2534 1139 2575 Evangelii,
1171 2540 1203 2565 et

217 2581 295 2611 dato
319 2581 441 2621 Spiritu
466 2587 598 2612 saneto:
635 2579 721 2611 Dicit
747 2580 832 2610 enim
856 2579 967 2610 Fidem
992 2576 1089 2609 talem
1113 2588 1202 2615 esse,

218 2634 305 2666 quae
327 2634 395 2655 non
418 2622 522 2665 fugiat
543 2623 670 2661 Deum,
695 2633 763 2655 11011
786 2621 905 2654 fremat
926 2622 1090 2653 adversus
1115 2631 1202 2659 611111,

589 2088 682 2119 Haec
712 2098 777 2118 non
808 2093 951 2127 possunt
985 2084 1122 2127 intelligi
1157 2086 1226 2116 de‘

1246 245 1313 277 Sed
1337 246 1476 276 accedat
1503 245 1546 276 ad
1570 255 1660 282 eum,
1695 249 1728 275 et
1760 245 1890 286 quidem
1912 251 2048 287 propter
2071 245 2231 278 Mediato-

1246 299 1325 320 rem.
1379 289 1434 319 Sic
1459 288 1544 319 enim
1578 287 1722 329 loquitur
1744 287 1884 319 Paulus:
1920 290 1984 320 Per
2010 300 2107 332 quem
2130 291 2232 322 aude·

1246 343 1318 363 mus
1342 332 1505 364 accedere
1528 332 1561 362 in
1584 331 1704 363 fiducia
1727 342 1786 373 per
1809 331 1906 363 fidem
1930 333 2011 364 eius,

1331 419 1532 450 Necessario
1546 419 1645 460 igitur
1658 418 1807 455 dicimus,
1820 418 1933 449 Fidem
1953 424 1984 450 et
2002 420 2233 451 assensionem

1247 472 1335 500 esse,
1361 472 1443 503 quae
1474 462 1727 503 promissionem
1752 462 1890 502 accipit,
1926 468 1956 492 et
1980 472 2056 493 6556
2080 462 2232 494 fiduciam

1246 505 1515 546 acquiescentem
1546 505 1578 536 in
1609 504 1684 535 Deo
1714 511 1849 546 propter
1877 505 2104 537 Mediatorem.
2159 506 2233 537 Huc

1218 531 1467 590 iadiungantur
1502 549 1605 579 dicta:
1641 548 1751 579 iustus
1786 547 1850 579 fide
1887 559 1947 579 sua
1982 549 2082 580 viret.
2139 549 2231 588 Item,

1248 592 1363 622 Onmis
1383 593 1437 633 qui
1462 592 1566 623 credit
1589 593 1620 622 in
1646 602 1737 629 eum,
1762 601 1829 622 non
1853 590 2084 623 confundetur.
2132 591 2231 623 Certe

1247 634 1322 666 scia
1352 635 1511 666 historiae
1546 635 1659 665 notitia
1695 645 1791 665 nemo
1816 635 1908 665 vivit:
1944 635 2056 670 Quare
2089 645 2233 667 necesse

1247 684 1298 708 est
1322 678 1409 709 hanc
1434 678 1530 709 fidem
1554 677 1703 719 intelligi,
1728 688 1811 719 quae
1836 684 1886 708 est
1910 678 2030 709 fiducia
2046 679 2234 709 misericor-

1248 722 1321 752 diae
1345 728 1480 762 propter
1511 722 1727 753 Mediatorem
1755 722 1951 762 promissae.
1998 722 2069 753 Nec
2100 723 2232 753 turben—

1247 770 1300 795 tur
1322 765 1365 806 pii
1390 763 1599 796 cavillatione
1623 765 1813 806 Sophistica
1833 775 1946 795 eorum
1971 766 2025 806 qui
2051 765 2234 796 vociferan-

1247 814 1318 846 tur,
1353 818 1415 839 nos
1451 808 1591 839 miscere
1628 809 1767 839 virtutes
1804 808 2030 849 theologicas,
2064 809 2176 839 Fidem
2200 814 2234 839 et

1249 851 1366 892 Spem,
1391 857 1423 882 et
1447 852 1615 891 disputant
1639 851 1793 882 fiduciam
1817 862 1893 882 esse
1918 858 2027 882 actum
2052 853 2134 893 spei.
2180 851 2234 882 Ad

1248 895 1333 925 haec
1357 896 1563 935 respondeo:
1600 894 1733 925 Certum
1758 900 1809 925 est
1841 905 1876 926 re
1904 895 1975 934 ipsa
2000 894 2061 925 has
2094 895 2233 926 virtutes

1249 948 1309 968 seu
1329 944 1437 968 motus
1461 948 1526 968 non
1546 948 1648 978 posse
1679 937 1827 968 distrahi.
1874 937 1941 968 Sed
1972 944 2081 969 tamen
2113 935 2234 969 officiis

1247 981 1388 1022 propriis
1420 981 1595 1012 distinctae
1630 987 1718 1012 sunt.
1764 981 1863 1011 Fides
1895 987 1927 1011 et.
1956 982 2071 1012 notitia
2096 987 2166 1019 est,
2201 986 2235 1012 et

1249 1031 1357 1055 motus
1388 1034 1553 1055 accensus
1588 1035 1608 1055 a
1638 1024 1763 1064 Spiritu
1792 1030 1908 1054 sancto
1939 1025 1970 1055 in
2004 1023 2173 1055 voluntate
2202 1030 2234 1054 et

1249 1068 1365 1105 corde,
1390 1078 1455 1108 quo
1485 1069 1517 1098 in
1542 1067 1730 1107 praesentia
1748 1066 1900 1098 volumus
1924 1074 1956 1098 et
1979 1068 2160 1108 accipimus
2184 1078 2235 1097 re-

1247 1111 1439 1142 missionem
1463 1117 1689 1151 peccatorum,
1713 1109 2014 1141 reconciliationem
2039 1119 2071 1142 et
2090 1110 2234 1141 11111163-

1247 1155 1387 1191 110116111,
1422 1164 1508 1195 quae
1532 1153 1567 1184 fit
1601 1164 1660 1194 per
1689 1152 1805 1184 Filium
1833 1159 1865 1184 et
1888 1153 2043 1194 Spiritum
2069 1160 2234 1184 sanctum.

1248 1198 1315 1229 Sed
1339 1207 1418 1238 spes
1443 1204 1493 1228 est.
1517 1202 1609 1228 certa
1633 1197 1820 1238 expectatio
1836 1195 2134 1234 53111115361611136,
2157 1207 2233 1238 gra-

1248 1242 1289 1272 tis
1313 1241 1442 1271 dandae
1467 1247 1603 1281 propter
1621 1241 1858 1278 Mediatorem,
1882 1247 1912 1270 61
1937 1240 2150 1280 mitigationis
2180 1250 2234 1271 ca-

1247 1284 1430 1315 lamitatum
1454 1285 1485 1314 in
1510 1283 1573 1314 hac
1598 1285 1676 1321 vita,
1701 1284 1790 1314 iuxta
1814 1283 1989 1314 consilium
2002 1282 2083 1314 Deis
2107 1282 2235 1324 Estque

1247 1327 1331 1358 11366
1355 1328 1541 1369 expectatio
1566 1334 1674 1358 motus
1697 1327 1728 1357 in
1753 1328 1866 1365 corde,
1890 1336 2055 1357 accensus
2073 1337 2092 1357 a
2111 1326 2235 1367 Spiritu

1248 1378 1378 1408 sancto,
1402 1380 1548 1411 sequens
1571 1370 1681 1407 fidem,
1707 1370 1764 1401 Sic
1787 1370 1923 1410 propria
1948 1371 2108 1410 cuiusque
2133 1370 2234 1401 virtu-

1247 1416 1290 1446 tis
1314 1412 1425 1446 ofticia
1448 1412 1673 1456 intelligantur
1697 1419 1728 1444 et
1750 1420 1842 1444 recte
1861 1413 2103 1444 discernantur.

1336 1493 1390 1524 Ad
1414 1492 1656 1523 enarrationem
1680 1490 1835 1522 vocabuli
1859 1491 1943 1522 fides
1967 1497 1999 1522 et
2022 1490 2107 1521 haec
2122 1490 2235 1520 admo-

1249 1536 1329 1567 nitio
1353 1536 1504 1577 pertinet.
1551 1535 1637 1566 Idem
1663 1540 1713 1565 est
1737 1535 1865 1565 dicere:
1890 1534 1955 1565 Per
1974 1533 2236 1565 misericordiam

1249 1580 1400 1610 homines
1424 1580 1531 1609 iustos
1555 1588 1644 1615 esse,
1680 1588 1741 1608 seu
1764 1576 1899 1618 placere
1923 1577 2016 1615 Deo,
2052 1583 2084 1608 et
2107 1577 2235 1608 dicere:

1250 1622 1408 1653 Homines
1431 1621 1512 1652 Fide
1534 1621 1643 1651 iustos
1667 1631 1755 1652 6556.
1781 1621 1950 1662 Expresse
1973 1627 2083 1651 autem
2107 1626 2138 1651 et
2161 1629 2236 1650 sae-

1250 1676 1291 1707 pe
1315 1667 1473 1707 repetitae
1496 1670 1573 1695 sunt
1596 1663 1659 1695 1136
1681 1665 1865 1695 sententiae
1877 1662 2010 1695 Psalmo
2025 1670 2137 1694 sexto:
2162 1661 2236 1694 Sal-

1250 1720 1326 1740 vum
1351 1719 1403 1740 me
1426 1708 1481 1739 sac
1500 1714 1636 1749 propter
1659 1708 1920 1738 misericordiam
1944 1713 2043 1738 tuam.
2068 1705 2158 1737 Psal.
2181 1705 2235 1738 31.

1249 1753 1343 1783 Beati
1379 1763 1517 1794 quorum
1541 1753 1699 1782 remissae
1723 1757 1801 1782 sunt
1824 1751 2011 1791 iniquitates
2036 1756 2097 1781 etc.
2144 1751 2235 1788 Item,

1250 1796 1343 1827 Dixi:
1368 1794 1555 1826 confitebor
1578 1796 1742 1826 adversus
1765 1805 1816 1825 me
1839 1794 2028 1825 iniustitiam
2051 1803 2173 1831 meam,
2203 1799 2236 1824 et

1249 1846 1283 1871 tu
1306 1840 1454 1870 remittes
1478 1839 1676 1880 impietatem
1701 1838 1827 1879 peccati
1851 1838 1924 1868 mei.
1956 1835 2105 1868 Danielis
2128 1846 2234 1867 nono:

1248 1883 1324 1914 Non
1349 1883 1380 1913 in
1404 1882 1528 1913 iustitia
1553 1889 1683 1919 nostra,
1706 1882 1766 1912 sed
1789 1880 2015 1912 misericordia
2032 1887 2086 1911 tua
2100 1886 2236 1921 propter

1250 1927 1426 1958 Dominum
1451 1926 1567 1956 exaudi
1591 1935 1663 1956 nos.
1709 1925 1765 1955 Sic
1788 1931 1818 1955 ct
1842 1923 1967 1955 Moises
1990 1930 2148 1964 precatur
2172 1921 2236 1953 Ex-

1222 1958 1226 2018 1
1251 1970 1302 2000 0111
1328 1970 1380 2000 34.
1426 1969 1568 2000 Domine
1593 1967 1687 1999 Deus
1711 1968 1921 2004 misericors,
1957 1967 2011 2008 qui
2034 1964 2146 1997 aufers
2177 1966 2235 1996 ini-

1250 2014 1420 2055 quitatem,
1456 2018 1487 2042 et
1521 2013 1682 2042 innocens
1707 2021 1818 2042 coram
1842 2016 1873 2041 te
1897 2020 1963 2041 non
1988 2015 2039 2040 est
2062 2010 2234 2040 innocens.

1222 2025 1226 2092 1
1250 2057 1291 2087 Et
1314 2058 1411 2088 lonae
1435 2055 1598 2086 secundo:
1623 2053 1862 2096 Relinquentes
1875 2053 2136 2085 misericordiam
2149 2062 2236 2083 vana

1251 2100 1452 2132 custodiunt.

1318 2151 1335 2176 Χ

1337 2178 1476 2220 Quoties
1510 2189 1617 2215 31116111
1650 2183 1877 2214 misericordia
1899 2182 2105 2220 nominatur,
2138 2179 2236 2212 simul

1249 2228 1389 2269 intelligi
1419 2233 1549 2269 oportet
1573 2228 1825 2268 promissionem
1850 2232 1882 2256 et
1905 2226 2133 2263 Mediator-em,
2158 2225 2236 2266 quia

1249 2273 1431 2314 loquuntur
1454 2270 1640 2312 Prophetae
1663 2271 1703 2302 de
1726 2270 1954 2300 misericordia
1977 2275 2082 2306 certa,
2107 2274 2139 2299 et
2162 2277 2236 2308 pro-

1251 2317 1353 2347 missa
1376 2321 1512 2356 propter
1536 2315 1763 2345 Mediatorem.
1805 2314 1892 2344 Idem
1917 2318 1967 2343 est
1991 2313 2090 2354 igitur
2114 2312 2237 2350 dicere,

1252 2359 1331 2390 Fide
1364 2358 1599 2395 iustificantur,
1634 2358 1710 2398 quia
1734 2356 1988 2397 promissionem
2020 2355 2099 2385 fide
2129 2355 2236 2395 accipi

1253 2408 1395 2444 oportet,
1420 2407 1451 2432 et
1475 2402 1503 2432 ei
1529 2401 1703 2431 credentes
1726 2400 1969 2441 acquiescimus
1994 2399 2025 2429 in
2040 2397 2236 2435 Mediatore‚

1252 2452 1285 2477 et
1312 2446 1486 2476 statuimus
1510 2454 1570 2475 nos
1595 2450 1731 2485 propter
1760 2443 1864 2483 ipsius
1889 2442 2107 2473 obedientiam
2132 2441 2236 2482 recipi

1226 2499 1229 2524 ι
1253 2494 1284 2520 et.
1318 2488 1464 2530 placere.
1510 2488 1584 2519 Ideo
1612 2486 1734 2518 Paulus
1767 2486 1858 2517 Rom.
1884 2487 1914 2516 4.
1961 2485 2074 2516 fidem
2099 2491 2129 2515 et
2156 2484 2235 2515 Pro-

1227 2527 1230 2582 }
1253 2532 1443 2563 missionem
1463 2531 1648 2572 coniungit:
1672 2531 1749 2562 Ideo
1773 2540 1813 2560 ex
1837 2529 1901 2560 tide
1925 2528 2047 2569 gratis,
2082 2534 2115 2558 ut
2142 2526 2235 2558 firma

1227 2588 1230 2610 1
1253 2576 1293 2605 511
1309 2574 1500 2606 Promissio.
1548 2573 1588 2604 Et
1612 2584 1673 2604 nos
1698 2573 1819 2604 usitate
1843 2573 1980 2603 dicimus
2005 2571 2091 2601 113116
2115 2580 2235 2611 propo·

1227 2611 1232 2650 1
1253 2619 1417 2656 sidonem,
1441 2617 1520 2649 Fide
1543 2618 1770 2654 iustificamur,
1792 2614 1932 2658 intelligi
1949 2611 2150 2646 correlative
2173 2623 2235 2655 pro

2183 153 2252 184 456
