2383 2990
155 134 199 167 85

252 232 326 272 DE
358 230 736 273 MAGISTRATU
768 231 1046 274 POLITICO.

274 342 385 394 Quid
417 349 479 384 est
510 344 774 399 Magistratus
806 344 1023 385 Politicus‘?

240 451 458 494 Magistratus
482 452 642 484 Politicus
666 459 718 484 est
740 463 886 494 persona
916 463 935 484 a
959 453 1034 484 Deo
1059 454 1145 484 ordi-

153 502 242 534 nata,
261 497 304 527 ad
318 497 608 528 conservationem
629 496 729 538 Legis
753 497 784 527 in
801 502 939 527 externa
958 495 1145 538 disciplina,

154 545 186 571 et
209 540 340 581 quidem
364 541 537 581 utriusque
560 538 695 571 tabulae
718 539 900 582 Decalogi‚
930 547 961 570 et
985 541 1026 571 ad
1052 541 1144 580 pacis

154 582 390 614 defensionem.
426 583 469 614 Et
487 583 588 614 habet
610 588 811 624 potestatem
835 584 992 624 puniendi
1015 584 1048 614 vi
1072 594 1144 615 cor-

152 625 271 668 porali.
635 628 639 631 “

154 775 271 826 Quae
318 765 412 816 sunt
448 776 666 831 praecipua
707 774 840 816 officia
878 776 1144 830 Magistratus

553 836 739 876 Politici‘?

360 943 582 986 Respondeo:
606 944 757 980 Quatuor
781 952 869 976 sunt.

243 1024 264 1054 1.
300 1022 459 1053 Primum:
484 1022 614 1053 Sonare
638 1033 755 1053 vocem
780 1021 944 1064 Decalogi
966 1024 997 1054 in
1021 1033 1145 1064 genere

151 1065 308 1097 humano.
366 1064 519 1107 intelligo
562 1071 671 1097 autem
712 1065 936 1107 appellatione
978 1065 1144 1109 Decalogi

151 1109 340 1148 universam
371 1108 497 1150 Legem
528 1115 676 1140 naturae.
723 1111 774 1141 Ac
801 1108 869 1140 vult
892 1109 987 1141 Deus
1019 1111 1144 1151 primas

151 1162 288 1184 normas
325 1162 402 1183 esse
437 1152 581 1183 omnium
609 1151 721 1194 legum
757 1159 789 1183 et
818 1153 995 1184 universae
1025 1154 1145 1195 guber-

151 1195 310 1233 nationis,
334 1195 398 1226 has
422 1194 528 1237 leges,
552 1206 691 1236 quarum
715 1207 876 1227 summam
907 1197 939 1226 in
965 1195 1142 1238 Decalogo

153 1237 352 1280 complexus
378 1245 448 1275 est,
473 1249 572 1280 quem
594 1246 687 1269 recte
712 1238 781 1270 vult
807 1237 956 1281 intelligi.
1003 1239 1056 1270 De
1080 1238 1144 1270 hac

151 1292 268 1312 norma
304 1282 408 1323 inquit
443 1282 613 1322 Sapientia
649 1283 777 1319 divina,
813 1283 976 1313 Proverb.
1001 1282 1032 1313 8.
1080 1282 1144 1314 Per

151 1334 205 1356 nie
228 1324 342 1367 Reges
362 1331 514 1366 regnant,
538 1331 570 1355 et
594 1325 766 1366 Principes
792 1326 877 1357 iusta
900 1326 1093 1357 decernunt.

237 1403 272 1433 11.
319 1400 508 1432 Secundum
547 1407 615 1434 est:
650 1401 869 1444 Magistratus
893 1403 936 1433 sit
960 1409 1145 1444 exequutor

149 1443 279 1486 Legum
302 1443 478 1486 Decalogi,
502 1445 535 1475 in
559 1446 725 1486 punienda
750 1456 864 1476 earum
888 1445 1080 1484 violatione,
1112 1447 1143 1477 vi

151 1487 338 1528 corporali:
374 1487 459 1523 Quia
491 1487 585 1518 Deus
621 1487 725 1520 voluit
752 1489 783 1520 in
815 1490 933 1529 poenis
965 1490 1172 1531 ostendere}

149 1531 306 1562 iudicium
331 1542 437 1563 suum.
484 1531 525 1562 Et
550 1543 623 1563 cum
648 1531 727 1563 velit
752 1533 822 1574 regi
849 1533 1015 1563 hominum
1046 1534 1145 1564 vitam

149 1584 211 1615 per
232 1573 481 1616 Magistratum,
504 1582 611 1606 armat
637 1586 694 1607 eos
720 1574 783 1606 hac
802 1582 982 1616 potestate,
1006 1577 1070 1606 imo
1089 1577 1145 1606 dat

149 1618 361 1656 mandatum,
386 1624 420 1649 ut
445 1618 582 1658 puniant
604 1617 769 1650 violantes
795 1618 1028 1661 Decalogum,
1053 1619 1143 1650 iuxta

150 1660 292 1692 dictum:
323 1661 398 1692 Non
428 1672 548 1702 parces
573 1662 620 1696 ei,
651 1672 713 1693 nec
739 1663 962 1700 misereberis,
988 1670 1051 1693 etc.
1102 1662 1145 1693 Et

150 1713 254 1745 saepe
286 1705 462 1745 repetitum
492 1712 544 1735 est
574 1705 696 1736 dictum
725 1704 921 1737 Aeschinis:
951 1704 1036 1736 οὐδὲν
1066 1708 1144 1736 ἐστὶν

151 1745 263 1788 ὄφελος
285 1748 420 1786 πίλεως,
446 1745 509 1786 ἢίις
529 1747 570 1787 μ’)
590 1750 679 1790 νεῦρα
707 1751 757 1779 ἐπὶ
782 1749 848 1785 τούς
872 1748 1047 1785 ἀδικοῦντας
1070 1750 1141 1789 ἔχει.

237 1827 284 1857 ΠΙ.
331 1824 476 1856 Tertium
523 1831 574 1856 est
614 1827 738 1857 addere
772 1825 900 1868 aliquas
944 1826 1039 1869 leges
1077 1826 1144 1858 De-

151 1866 286 1911 calogo,
309 1869 340 1899 id
360 1875 423 1906 est,
446 1867 578 1910 legibus
596 1875 736 1900 naturae
758 1870 798 1900 de
818 1869 971 1901 civilibus
989 1871 1142 1912 negotiis.

150 1911 218 1942 Sed
242 1912 306 1943 hae
329 1912 516 1943 additiones
548 1922 614 1943 non
639 1919 786 1954 pugnent
821 1924 895 1944 cum
925 1911 1055 1956 legibus
1085 1925 1143 1945 na-

150 1960 258 1986 turae:
283 1965 397 1986 verum
421 1956 486 1986 sint
505 1956 797 1987 determinationes
819 1962 985 1988 certarum
1004 1958 1142 1988 circum-

149 1999 356 2036 stantiarum,
380 1999 511 2030 additae
530 2000 760 2030 communibus
778 2001 902 2031 notitiis
922 1999 1142 2032 naturalibus.

238 2075 300 2106 Ut:
328 2075 453 2107 Notitia
477 2075 640 2108 naturalis
664 2084 733 2108 est:
765 2077 832 2108 Fur
861 2085 913 2109 est
938 2078 1140 2119 puniendus:

150 2117 220 2149 Sed
241 2119 374 2150 modum
397 2130 527 2161 poenae
556 2121 753 2152 determinat
782 2120 854 2152 Lex
888 2122 1000 2152 addita
1023 2132 1044 2152 a
1071 2120 1142 2152 Ma-

106 2161 110 2166 '
152 2162 313 2203 gistratu:
336 2162 451 2194 Talem
474 2163 596 2194 habent
620 2170 820 2204 potestatem
845 2165 1009 2196 condendi
1034 2175 1141 2196 novas

150 2203 401 2255 legesl’olitici
426 2206 664 2249 MagistratuS,
694 2218 734 2238 ac
765 2214 891 2239 tantum
921 2209 963 2238 de
987 2207 1140 2239 civilibus

150 2249 304 2289 negotiis.

237 2325 313 2356 Non
344 2327 490 2357 condant
521 2327 678 2368 dogmata
708 2328 739 2358 in
763 2327 939 2366 Ecclesia,
963 2339 1026 2359 nec
1049 2329 1140 2359 insti-

150 2375 243 2399 tuant
269 2367 394 2407 cultus,
417 2375 453 2400 ut
476 2368 554 2400 fecit
575 2370 903 2403 Nabuchodonosor.
950 2371 991 2402 Et
1022 2382 1140 2402 recens

150 2411 182 2442 in
207 2412 346 2453 scripto,
371 2413 424 2443 cui
447 2412 562 2444 titulus
586 2420 639 2445 est
662 2414 805 2453 interim,
830 2421 981 2456 potestas
1006 2413 1140 2456 politica
1163 2408 1166 2441 Ι
1192 2400 1302 2474 Ξῖἀὼῗὲ

1274 2465 1302 2481 *5

1192 2487 1325 2527 generis
1338 2487 1484 2525 humani,
1499 2487 1700 2528 coniugium,
1716 2487 1898 2527 generatio,
1912 2486 2063 2517 educatio
2084 2488 2183 2518 sobo-

1190 2528 1244 2567 lis,
1269 2534 1485 2567 contractus,
1508 2528 1660 2566 artificia,
1682 2529 1821 2566 iudicia,
1846 2530 1993 2570 imperia,
2019 2528 2181 2569 defensio,

1191 2572 1317 2609 militia,
1329 2582 1459 2614 poenae
1472 2572 1722 2610 homicidarum,
1742 2571 2024 2614 blasphemorum,
2038 2574 2182 2604 incesto-

150 2462 247 2486 extra
280 2462 386 2486 metas
421 2466 562 2497 egressa
597 2463 658 2488 est.
703 2458 798 2489 Sicut
826 2458 1019 2500 Imperatori
1053 2458 1140 2489 Con-

149 2499 271 2530 stantio
291 2499 368 2529 dixit
381 2498 570 2541 Episcopus
582 2500 759 2532 Leontius:
782 2501 867 2544 ἕτερα
888 2501 1001 2532 διέπειν
1014 2505 1140 2542 ταχθεὶς

149 2543 257 2584 ἑτέροις
279 2545 448 2585 ἐπιχειρεῖς.

823 133 862 166 11.
908 133 1101 166 EXAMEN
1124 134 1506 167 ORDINANDORUM.

2141 135 2185 168 86

1196 230 1291 260 dicit:
1328 230 1467 271 Propria
1497 229 1608 261 facite.
1653 229 1693 260 Et
1726 229 1845 260 Petrus
1877 229 1972 260 dicit:
2003 229 2078 261 Non
2113 230 2184 261 sitis

1196 272 1505 314 οξλλοῑριοεπίσκοποι.
1557 273 1599 304 Et
1612 272 1812 304 Aristoteles
1837 273 1927 311 dixit,
1951 273 2089 304 Beatam
2112 271 2186 304 fore

1197 317 1298 347 vitam
1326 315 1512 354 hominum,
1546 318 1575 347 si
1606 316 1751 347 artifices
1775 317 1814 347 de
1838 316 1965 347 artibus
1988 317 2183 348 iudicarent.

1283 395 1342 425 1111.
1378 392 1539 428 Quartum
1559 392 1703 425 officium
1722 401 1784 432 est,
1803 393 2024 436 Magistratus
2048 394 2090 425 sit
2109 404 2186 425 exe-

1168 439 1173 458 ¹
1198 443 1318 477 quutor
1342 437 1437 467 etiam
1463 448 1599 468 suarum
1623 436 1731 478 legum
1750 438 1782 468 in
1803 438 1931 479 poenis,
1957 438 1988 469 vi
2007 436 2185 479 corporali.

1163 2331 1168 2397 Ι

235 2611 311 2642 Νοη
334 2618 412 2643 sunt
436 2610 693 2645 confundendae
715 2612 923 2651 functiones,
955 2619 991 2645 ut
1014 2611 1139 2645 Paulus
1161 2597 1165 2647 l

1190 2627 1282 2654 rum,
1312 2622 1345 2647 et
1367 2615 1508 2647 aliorum
1531 2614 1784 2647 sceleratorum.

1196 479 1239 510 Et
1262 479 1385 511 habent
1408 490 1538 521 poenae
1561 491 1642 511 suos
1667 481 1804 522 gradus.

1243 629 1366 669 Estne
1401 644 1638 669 concessum
1670 630 1824 669 homini
1857 631 2134 670 christiano

1198 690 1462 744 Magistratus
1495 704 1655 744 gerere,
1690 690 1836 730 iudicia
1870 705 2077 741 exercere,
2119 707 2186 731 ac-

1198 765 1348 800 cusare,
1372 758 1414 790 et
1427 751 1673 804 respondere
1699 751 1740 790 in
1765 750 1862 800 foro,
1888 751 2069 802 militare,
2086 751 2187 807 legi-

1383 811 1504 851 timas
1536 826 1689 866 poenas
1721 812 1897 864 exequi?
1930 819 2005 852 etc.

1285 919 1499 961 Respondeo.
1546 918 1756 951 Concessum
1787 926 1857 957 est,
1892 921 1979 951 sicut
2013 919 2189 953 manifesta

1198 962 1351 1004 exempla
1382 963 1572 994 ostendunt.
1624 961 1802 994 Cornelius
1834 969 1865 994 et
1900 962 1986 994 alter
2016 962 2189 1003 Centurio,

1198 1007 1238 1037 de
1263 1018 1329 1048 quo
1354 1007 1429 1037 dicit
1455 1005 1638 1037 Dominus:
1674 1006 1749 1037 Non
1781 1007 1891 1038 inveni
1922 1013 2046 1037 tantam
2076 1007 2190 1039 Fidem

1197 1050 1229 1080 in
1264 1049 1381 1081 lsrael.
1429 1049 1567 1081 Servius
1604 1048 1812 1086 Proconsul,
1848 1056 1911 1081 etc.
1957 1049 1998 1081 Et
2034 1052 2188 1082 omnibus

1199 1094 1402 1134 temporibus
1422 1103 1442 1124 a
1460 1094 1621 1134 principio
1641 1094 1774 1135 generis
1787 1094 1919 1124 humani
1940 1093 2086 1131 suerunt,
2112 1100 2191 1126 sunt

1197 1143 1228 1167 et
1263 1143 1361 1168 erunt
1395 1135 1495 1178 aliqui
1526 1136 1744 1178 Magistratus
1779 1148 1797 1168 a
1834 1136 1908 1168 Deo
1944 1137 1985 1168 ad
2019 1143 2191 1169 aeternam

1197 1178 1339 1211 salutem
1368 1178 1482 1217 electi,
1519 1187 1552 1211 et
1581 1180 1623 1211 ad
1654 1181 1851 1211 societatem
1889 1190 1989 1212 verae
2017 1179 2192 1213 Ecclesiae

1198 1223 1318 1254 vocati.

1285 1299 1455 1331 Abraham
1474 1311 1595 1342 niagno
1620 1298 1746 1341 praelio
1771 1301 1847 1331 vicit
1867 1299 2070 1332 Chaldaeos.
2110 1301 2191 1333 Abi-

1198 1342 1326 1374 melech
1350 1342 1423 1374 Bex
1452 1342 1511 1375 fuit
1547 1344 1678 1375 auditor
1703 1342 1869 1374 Abrahae.
1916 1343 2047 1375 Deinde
2070 1343 2192 1386 loseph

1198 1393 1230 1417 et
1254 1385 1376 1417 Daniel
1402 1388 1672 1429 gubernaverunt
1705 1387 1846 1418 maxima
1870 1398 1974 1429 regna
2003 1389 2089 1419 inter
2109 1387 2192 1419 Eth-

1198 1430 1305 1460 nicos.
1351 1429 1391 1461 Et
1418 1441 1491 1461 cum
1516 1431 1618 1472 inquit
1639 1430 1803 1471 Baptista:
1827 1429 1982 1462 Contenti
2008 1438 2116 1462 estote
2135 1432 2190 1463 sti-

1198 1473 1328 1513 pendiis
1362 1474 1495 1511 vestris,
1530 1475 1694 1515 approbat
1726 1473 1887 1504 Militiam.
1933 1473 1974 1505 Et
2005 1474 2076 1506 Rex
2101 1475 2191 1506 losa-

1198 1515 1276 1556 phat
1311 1517 1429 1558 iuquit:
1465 1517 1622 1548 iudicium
1656 1516 1789 1548 Domini
1825 1518 2008 1556 exercetis,
2039 1525 2103 1549 etc.
2150 1517 2192 1550 Et

1198 1558 1354 1591 Psalnius
1371 1560 1442 1592 148.
1476 1559 1588 1602 Reges
1613 1567 1734 1599 terrae,
1760 1567 1792 1591 et
1811 1571 1928 1591 omnes
1947 1559 2072 1601 populi,
2099 1561 2189 1592 Prin·

1198 1603 1309 1643 cipes,
1332 1610 1365 1635 et
1389 1614 1504 1635 omnes
1529 1604 1659 1635 ludices
1683 1611 1790 1635 terrae
1814 1602 1952 1635 laudent
1976 1615 2095 1636 nomen
2120 1604 2189 1636 Do-

1197 1656 1284 1676 niun.

1608 1795 1771 1838 Contra.

1257 1892 1431 1931 Iniuriae
1464 1906 1546 1931 non
1578 1892 1740 1946 placent
1773 1892 1874 1932 Deo.

1256 1952 1303 1992 In
1336 1952 1512 2006 imperiis
1543 1953 1695 1992 mult-ae
1730 1960 1823 1993 sunt
1854 1953 2030 1993 iniuriae.

1256 2012 1365 2067 Ergo
1397 2013 1566 2067 imperia
1598 2028 1679 2053 non
1712 2014 1874 2068 placent
1906 2014 2007 2054 Deo.

1282 2121 1497 2163 Respondeo.
1525 2121 1622 2163 Nego
1647 2123 1932 2164 consequentiam,
1957 2130 1991 2154 et
2014 2123 2098 2154 ratio
2122 2130 2186 2162 est,

1195 2165 1275 2207 quia
1294 2164 1370 2206 plus
1395 2172 1445 2196 est
1476 2166 1506 2196 in
1533 2163 1777 2204 Conclusione‚
1803 2177 1902 2208 quam
1925 2167 1957 2197 in
1981 2167 2186 2208 praemissis.

1196 2209 1280 2244 Quia
1305 2209 1448 2240 debebat
1475 2209 1523 2240 sic
1548 2207 1677 2239 inferri:
1698 2209 1789 2251 Ergo
1814 2210 1961 2249 iniuriae,
1981 2220 2067 2251 quae
2089 2221 2185 2242 acce-

1195 2252 1275 2283 dunt
1295 2252 1337 2283 ad
1361 2253 1512 2292 imperia,
1537 2263 1603 2283 non
1627 2251 1760 2293 placent
1786 2252 1870 2284 Deo.

1282 2312 1404 2343 Postea
1419 2314 1459 2344 de
1474 2314 1600 2344 minore
1614 2314 1883 2354 respondendum
1899 2319 1959 2344 est.
1984 2315 2017 2345 In
2037 2313 2186 2353 Imperiis

1192 2354 1315 2387 multae
1329 2362 1407 2387 sunt
1420 2357 1566 2388 iniuriae.
1586 2356 1646 2387 Hic
1660 2366 1800 2387 necesse
1816 2363 1865 2387 est
1880 2357 2023 2387 discerni
2036 2357 2185 2397 Imperia,

1323 2405 1427 2431 totum
1447 2401 1594 2431 ordinem
1616 2398 1796 2440 politicum,
1820 2410 1840 2430 a
1862 2399 1947 2430 vitiis
1966 2406 1999 2431 et
2016 2399 2185 2431 confusio-

1322 2453 1405 2484 quas
1425 2443 1548 2474 addunt
1569 2441 1703 2474 Diaboli
1727 2449 1759 2474 et
1778 2442 1941 2480 homines,
1964 2449 2010 2481 ut,
2035 2444 2185 2475 Societas

1831 2616 1923 2647 Haec
1947 2617 2057 2647 onmia
2078 2618 2181 2648 nomi-
