2383 2990
191 144 255 175 ‘203
796 141 909 173 PHLL.
932 140 1034 172 MEL.
1058 140 1248 174 SCRIPTA
1270 140 1552 173 DOGMA'HCA.
2147 141 2213 174 204

184 238 283 271 finem
307 239 378 270 eius
404 238 622 270 dissensionis
646 237 734 268 fecit.
780 236 910 268 Interea
921 246 1003 269 vero
1022 236 1169 278 Aposto-
1194 239 1198 244 “
1221 237 1395 268 adversari
1418 237 1554 268 decreto
1593 236 1720 278 Synodi
1752 246 1894 268 necesse
1924 243 1985 268 est.
2031 236 2073 268 Et
2097 238 2126 269 si
2151 238 2206 269 de-

182 281 205 313 li
224 294 245 313 a
266 282 470 324 principibus
489 282 683 313 ludaeorum
706 279 996 313 interficiebantur.
1037 282 1083 312 Ita
1106 291 1168 312 nos
1221 279 1378 312 fensores
1404 280 1535 322 Synodi
1557 278 1673 312 volent
1696 281 1765 311 eius
1790 280 1999 312 autoritatem
2031 281 2132 319 tueri,
2167 281 2212 322 pii

184 332 396 367 expectemus
420 324 484 356 Dei
507 324 671 362 iudicium,
709 329 741 355 et
765 324 892 355 interea
914 324 1087 356 saevitiam
1109 324 1168 355 ho·
1220 322 1329 355 serant
1353 324 1519 361 iniuriam,
1549 329 1582 354 et
1604 333 1642 355 se
1665 322 1741 354 Deo
1764 324 1863 354 iudici
1883 324 2126 363 commendent,
2145 325 2210 355 sie-

182 371 280 400 stium
304 369 476 400 doctrinae
495 368 723 398 sustinendam
747 377 824 399 esse
847 367 1005 399 sciamus.
1220 373 1255 398 ut
1290 366 1444 408 Apostoli
1480 366 1691 398 condemnati
1725 377 1745 397 a
1773 366 1957 409 Synagoga
1992 367 2141 399 iniuriam
2165 366 2211 399 fe·

269 445 351 477 cum
370 446 471 487 igitur
494 444 589 476 Deus
609 455 742 487 semper
764 444 908 486 aliquem
933 451 1065 476 coetum
1090 455 1167 476 con·
1221 412 1349 442 mbam'

185 491 335 520 fitentem
360 495 486 526 servet,
510 494 542 519 et
564 489 650 520 inter
674 494 783 520 tantas
807 488 1036 520 dissensiones
1066 489 1168 520 omni-
1307 487 1399 519 Haec
1424 499 1504 520 vera
1529 493 1616 519 sunt.
1676 486 1745 518 Sed
1776 497 1864 518 nunc
1887 487 2003 518 hostes
2029 498 2129 519 verae
2152 488 2210 519 do-

183 534 246 563 bus
270 532 474 574 temporibus
499 532 564 563 sint
586 530 689 574 aliqui
712 538 804 563 recte
827 533 1020 570 sentientes,
1043 532 1098 572 qui
1122 532 1168 562 iu·
1222 532 1359 569 ctrinae,
1383 536 1415 562 et
1438 541 1597 562 summam
1620 531 1800 571 potentiam
1819 536 1971 561 tenentes
1990 538 2152 572 pugnant,
2174 538 2211 563 ut

183 577 305 613 dicant,
329 576 471 606 tenenda
494 581 545 606 est
563 575 697 617 regula,
729 576 926 607 audiendam
950 586 1028 607 esse
1050 573 1167 606 Eccle-
1222 575 1294 604 sine
1319 575 1582 605 contradictione
1605 574 1807 614 recipiantur
1827 574 1962 605 decreta
1986 584 2122 605 suarum
2146 574 2209 617 Sy-

181 620 275 656 siam,
299 629 383 660 quae
407 617 623 660 Evangelium
647 625 757 656 sonat,
781 620 823 650 ab
844 630 883 650 ea
902 620 1016 650 doceri
1039 629 1101 650 nos
1125 619 1168 649 si·
1221 618 1384 648 nodorum
1421 616 1678 659 eualiacunque,
1711 623 1747 648 ut
1782 616 1976 648 confirment
2011 617 2210 658 opinionem,

180 673 311 699 namus,
335 663 421 693 sicut
445 662 523 693 dixit
547 664 704 694 Samson:
724 663 797 693 Nisi
821 673 892 693 mea
916 661 1019 694 vitula
1037 672 1167 693 arasse·
1222 660 1381 703 Synodos
1415 660 1539 692 hahere
1573 661 1699 702 regiam
1734 661 1955 699 autoritatem,
1989 670 2030 691 ac
2053 666 2210 701 oportere

180 706 234 741 tis,
256 716 322 736 non
347 706 572 743 invenissetis,
596 706 626 736 id
651 714 714 743 est,
738 717 804 737 non
825 706 1030 737 audivissent
1048 716 1167 737 vocem
1220 704 1526 745 interpretationem
1540 703 1750 746 Synodorum
1775 704 1816 734 de
1829 704 1981 735 doctrina
2004 704 2120 744 recipi,
2143 704 2209 736 sic-

179 747 354 790 Erangelii
379 748 517 787 Gentes,
541 750 604 780 nisi
627 748 816 780 Ecclesiam
839 748 952 790 populi
982 747 1086 780 lsrael
1110 749 1167 779 do-
1220 748 1308 779 utin
1342 747 1454 789 legum
1489 747 1633 779 civilium
1667 748 1795 778 iudiciis
1827 757 1967 778 necesse
2001 753 2053 778 est
2088 757 2206 789 regum

181 799 309 823 centem
333 793 547 824 audivissent..
1219 791 1525 832 interpretationem
1548 791 1662 831 recipi.
1730 790 1823 821 Haec
1846 791 1944 821 etiam
1967 791 2135 829 recensui,
2170 796 2206 823 ut

1220 833 1379 866 illustrior
1402 835 1444 865 sit
1464 833 1646 865 differentia
1670 834 1893 876 Synodorum,
1928 839 1961 865 et
1991 833 2137 866 civilium
2161 834 2208 865 iu-

268 869 323 901 Sic
358 871 445 901 omni
481 876 628 911 tempore
652 871 798 901 sciamus
824 868 1011 901 Ecclesiam
1034 870 1168 901 audien·
1221 878 1392 909 dicim-um,

181 915 254 945 dam
281 914 412 955 quidem
437 924 532 952 csse,
562 914 622 945 sed
653 914 853 944 credendum
883 914 986 944 verbo
1016 912 1097 951 Dei,
1132 919 1167 944 ut

179 958 358 988 audiebant
382 958 424 998 pii
449 957 621 999 Synodum
645 957 817 995 Nicenvn,
840 957 900 987 sed
924 956 1007 987 tides
1031 967 1097 987 non
1121 957 1168 987 ni·
1307 955 1479 990 Quaerunt
1503 960 1535 986 et
1558 955 1623 986 hoc
1646 954 1765 996 aliqui:
1802 954 1885 985 Cum
1911 955 1976 986 duo
2001 955 2066 985 sint
2090 960 2208 986 coetus

180 1002 311 1031 tebatur
335 1001 477 1031 humana
501 1002 690 1038 autoritate,
715 1010 780 1031 non
805 998 1091 1040 amplectebantur
1115 1010 1166 1030 ar·
1219 999 1251 1029 in
1275 997 1442 1036 Ecclesia,
1465 999 1549 1029 inter
1562 1009 1636 1029 sese
1657 998 1906 1035 dissentientes,
1929 998 2017 1029 unde
2037 998 2210 1029 sciendum

181 1042 316 1075 ticulum
342 1045 382 1075 de
405 1054 442 1074 re
466 1049 558 1075 tanta
580 1050 717 1085 propter
739 1044 827 1075 hunc
847 1048 988 1081 coctum,
1009 1044 1069 1074 sed
1093 1054 1167 1084 pro·
1219 1047 1281 1079 est,
1315 1048 1388 1072 uter
1423 1047 1514 1072 recte
1549 1043 1686 1081 sentiat,
1722 1052 1796 1072 cum
1819 1047 1958 1082 uterque
1985 1051 2046 1082 pro
2070 1051 2108 1072 se
2133 1041 2211 1072 citet

179 1092 253 1128 pter
273 1094 363 1118 certa
388 1093 419 1118 et
444 1085 584 1118 illustria
609 1088 795 1118 testimonia
825 1087 942 1118 tradita
975 1087 1006 1118 in
1031 1087 1165 1127 scriptis
1219 1085 1431 1125 scripturam,
1456 1091 1487 1115 et
1513 1095 1613 1125 saepe
1634 1095 1711 1126 pars
1726 1095 1810 1126 quae
1833 1090 1933 1122 errat,
1958 1085 2210 1115 successionem

179 1130 389 1171 Propheticis
414 1136 447 1161 et
469 1130 688 1171 Apostolicis.
1219 1129 1420 1159 ordinariam
1444 1134 1567 1166 teneat,
1590 1136 1666 1159 ante
1689 1127 1768 1159 ellat
1791 1129 1980 1166 autoritate,
2012 1134 2044 1158 et
2067 1126 2208 1159 multitu-

1220 1173 1308 1205 dine..
1332 1171 1455 1202 habeat
1478 1181 1539 1212 pro
1564 1182 1622 1201 sua
1650 1172 1805 1211 opinione
1835 1171 1970 1201 Patrum
2002 1170 2154 1212 exempla
2178 1177 2211 1202 et.

266 1207 338 1239 Hor
374 1209 551 1239 discrimen
581 1209 759 1239 tenendum
794 1214 862 1246 0⁵¹>
897 1214 927 1238 Οἳ
952 1218 1033 1238 SUUS
1056 1207 1165 1237 h⁰¹¹OS
1220 1216 1355 1256 scripta,
1376 1213 1498 1245 habeat
1522 1220 1553 1245 et
1576 1213 1698 1256 longae
1711 1214 1961 1246 consuetudinis
1976 1215 2209 1252 testimonium,

178 1250 353 1282 Ecclesiae
383 1253 591 1289 tribuendus,
626 1262 689 1282 nec
725 1252 969 1282 contemnenda
992 1256 1043 1282 est
1068 1261 1165 1282 verae

179 1294 355 1326 ECClGSlae
380 1294 563 1332 (·()nf:¹.·38l0,
586 1305 650 1325 nec
673 1306 790 1325 Omnes
815 1294 942 1336 synodi
966 1295 1037 1325 Sine
1052 1295 1166 1325 (lisvl'i-
1221 1303 1285 1343 ipsi
1310 1303 1434 1333 iudices
1460 1308 1592 1332 gunleflt
1616 1308 1741 1333 cestanl
1767 1301 1976 1338 §Gilienilassl'
1999 1306 2054 1332 aut
2067 1299 2210 1342 populus

177 1339 264 1369 mine
289 1339 552 1369 contemnendae
575 1344 664 1372 sunt,
689 1338 748 1369 sed
772 1344 924 1370 servetur
943 1337 1035 1369 Pauli
1071 1348 1166 1379 regu-
1219 1347 1315 1381 sciet,
1338 1346 1402 1376 utri
1426 1352 1517 1376 1430oe
1541 1346 1707 1377 sentiant?
1728 1351 1759 1375 et.
1784 1356 1843 1376 cur
1866 1354 2007 1375 necesse
2031 1345 2073 1375 sit
2091 1345 2209 1376 adsen-

178 1381 228 1413 la:
253 1380 434 1423 Explorate
447 1383 595 1423 spiritus.
621 1393 663 1412 an
687 1393 726 1413 ex
746 1381 820 1412 Deo
845 1382 921 1412 sint.
968 1380 1166 1412 Considere-
1190 1385 1195 1421 ξ
1219 1390 1271 1420 tiri
1294 1389 1441 1421 Nicen&
1464 1388 1615 1425 synodo,
1640 1394 1672 1419 et
1696 1398 1764 1419 „011
1788 1387 2016 1420 Ariminensi?

177 1431 242 1464 tur,
266 1436 352 1467 quac
376 1426 464 1457 dieta
487 1425 688 1467 Prophetica
711 1431 742 1456 et
765 1425 980 1465 Apostolica,
1015 1431 1047 1456 et
1081 1435 1165 1466 quac
1190 1433 1195 1456 1
1490 1419 1503 1430 '³

177 1469 364 1500 testimonia
399 1469 542 1511 purioris
573 1467 760 1507 Ecclesiae,
795 1470 949 1510 Synodus
974 1474 1089 1499 secuta
1113 1469 1164 1499 sit.
1190 1457 1195 1497 l
1306 1466 1369 1497 Hic
1394 1467 1574 1498 decurrunt
1599 1466 1659 1498 viri
1678 1465 1803 1508 politici
1826 1468 1868 1498 ad
1893 1466 2136 1498 similitudinem
2167 1468 2210 1499 ci-

177 1512 212 1543 Si
247 1512 384 1543 dissidet
417 1523 435 1543 a
468 1512 603 1553 scriptis
639 1511 848 1553 propheticis
884 1518 916 1543 et
958 1510 1165 1553 Apostolicis
1190 1500 1195 1649 ἱ
1219 1509 1333 1542 vilium
1356 1510 1562 1541 iudiciorum.
1631 1512 1664 1541 ln
1694 1510 1744 1540 his
1769 1511 1886 1552 siqua
1921 1516 1973 1541 est
2007 1511 2209 1553 ambiguitas

1191 1652 1194 1672 ι

1190 1271 1195 1383 Ι
1222 1269 1307 1300 quae
1332 1257 1467 1289 multum
1491 1258 1579 1298 apud
1604 1257 1754 1289 homines
1774 1256 1873 1288 valet.
1922 1257 2015 1288 Unde
2032 1258 2132 1300 igitur
2155 1263 2212 1289 aut

178 1555 305 1597 Synodi
330 1556 505 1593 sententia,
530 1566 671 1587 necesse
695 1560 747 1586 est
770 1566 841 1586 eam
867 1556 969 1591 reiiei,
994 1562 1028 1586 ut
1041 1553 1165 1586 Paulus
1220 1552 1344 1596 legum,
1369 1554 1541 1595 sequenda
1564 1559 1615 1584 est
1628 1554 1854 1594 interpretatio
1868 1555 2032 1595 praetoris
2055 1560 2110 1586 aut
2122 1555 2210 1596 prin-

177 1600 354 1640 praecipit:
389 1599 425 1630 Si
461 1599 615 1641 Angelus
640 1599 680 1629 de
706 1597 804 1630 coelo
833 1597 922 1629 aliud
946 1597 1165 1640 Evangelium
1220 1599 1323 1638 cipis,
1355 1603 1387 1628 et
1420 1603 1556 1638 propter
1578 1597 1666 1628 hunc
1695 1597 1835 1638 gradum
1858 1595 1945 1628 valet
1968 1598 2209 1639 interpretatio.

178 1643 322 1680 decebit,
342 1643 521 1673 anathema
545 1643 596 1673 sit.
646 1642 688 1673 Ut
712 1642 839 1684 ‘Synodi
857 1648 995 1673 coactae
1014 1642 1165 1681 Arimini,
1219 1641 1266 1672 Ita
1291 1641 1403 1672 dicunt
1427 1641 1487 1672 viri
1511 1640 1637 1681 politici
1661 1641 1734 1672 eius
1758 1641 1884 1682 S>nodi
1906 1641 2210 1682 interpretationem

178 1691 210 1717 et
233 1687 266 1717 in
290 1686 411 1727 oppido
438 1685 628 1717 Pannoniae
651 1686 778 1728 Syrmio
803 1685 988 1717 Constantii
1018 1691 1165 1726 tempore
1218 1683 1342 1723 valere,
1379 1695 1465 1726 quae
1495 1683 1641 1726 legitimo
1665 1684 1764 1715 modo
1788 1685 1829 1715 ab
1855 1685 2021 1715 ordinaria
2044 1690 2210 1726 potestate

178 1736 397 1771 corruperunt
424 1740 540 1770 puram
564 1730 748 1761 doctrinam
779 1730 819 1760 de
849 1728 932 1760 Filio
962 1730 1037 1761 Dei.
1102 1730 1165 1761 Sed
1219 1727 1362 1759 collecta
1382 1729 1434 1758 sit.
1501 1727 1632 1758 Deinde
1657 1729 1781 1766 dicunt,
1811 1739 1877 1758 non
1903 1738 1942 1758 ex
1967 1727 2050 1758 solis
2075 1729 2209 1770 scriptis

179 1784 252 1805 cum
276 1774 492 1815 agnoscimus
517 1774 685 1804 decretum
710 1772 849 1804 alicuius
870 1774 1004 1815 Synodi,
1027 1784 1099 1804 euin
1119 1780 1165 1804 te·
1218 1772 1428 1813 propheticis
1464 1777 1495 1802 et
1529 1771 1751 1812 Apostolicis,
1789 1778 1820 1803 et
1856 1770 2026 1813 Symbolis
2061 1782 2209 1813 pronun·

177 1817 340 1847 stimoniis
364 1816 582 1858 Propheticae
607 1822 640 1848 et
663 1815 880 1858 Apostolicae
900 1817 1070 1848 doctrinae
1095 1817 1166 1847 sine
1218 1816 1364 1846 tiendum
1384 1825 1473 1853 esse,
1498 1816 1558 1845 sed
1583 1815 1680 1845 etiam
1705 1826 1745 1845 ex
1770 1825 1949 1853 consensu,
1978 1815 2032 1856 qui
2056 1816 2089 1846 in
2112 1825 2208 1856 prae-

177 1859 361 1901 sophistica
382 1859 561 1891 intellectis
587 1870 787 1902 congruere,
808 1866 839 1891 et
863 1871 940 1891 esse
964 1867 1110 1892 veterem
1135 1866 1165 1891 et
1218 1860 1323 1899 eipuis
1359 1858 1587 1899 scriptoribus
1622 1857 1873 1889 Ecclesiasticis
1910 1864 2018 1895 estat,
2054 1864 2098 1896 ut,
2133 1869 2209 1889 cum

176 1904 401 1945 incorruptam
425 1903 601 1935 Ecclesiae
625 1905 820 1942 doctrinam,
844 1904 973 1935 veritati
999 1905 1166 1945 obtempe-
1217 1902 1365 1944 plerique
1400 1912 1516 1933 omnes
1552 1903 1722 1932 nominant
1746 1900 1893 1932 Coenam
1918 1901 2051 1932 Domini
2083 1900 2208 1933 :sacrifi-

179 1948 316 1978 randum
340 1953 403 1985 est,
429 1948 543 1988 etpias
558 1954 688 1979 mentes
712 1946 882 1979 confessio
907 1954 997 1978 recte
1021 1948 1165 1978 sentien-
1189 1914 1193 1978 i
1218 1947 1316 1983 cium,
1350 1951 1403 1977 aut
1439 1944 1588 1986 plerique
1613 1956 1728 1976 onmes
1753 1945 1921 1975 nominant
1945 1943 2206 1982 satisfactiones,

178 1991 255 2022 tium
277 1990 461 2022 confirmat.
568 1992 573 1997 '
1189 1979 1193 2040 ᾗ
1216 1995 1271 2021 aut
1286 1990 1483 2020 mentionem
1496 1987 1622 2019 faciunt
1641 1988 1860 2019 invocationis
1874 1994 2093 2026 mortuorum,
2117 1987 2207 2019 hunc

1190 2046 1193 2055 ·
1218 2043 1419 2064 consensum
1442 2032 1533 2063 aiunt
1555 2031 1759 2072 sequendum
1785 2041 1862 2062 esse
1881 2032 1951 2062 sine
1973 2032 2208 2062 contradictio-

264 2069 349 2099 Sunt
372 2074 403 2100 θῐ
427 2067 492 2099 Ῑῑθθ
511 2069 665 2100 monendi
689 2068 852 2107 lectores,
889 2068 978 2110 ‘1¹¹0‘l
1006 2079 1095 2099 ¹¹¹¹¹¹⁰
1119 2068 1165 2099 di·
1189 2057 1194 2119 i
1218 2088 1268 2108 ne.
1326 2076 1368 2106 Et
1386 2075 1474 2106 hune
1500 2085 1700 2106 eonsensum
1725 2075 1837 2105 dicunt
1861 2074 2053 2116 Groperus,
2087 2074 2207 2106 Vuice-

177 2117 340 2152 sputatur.
398 2112 486 2144 Ante
522 2113 744 2154 ⁰⁰g¹¹i¹io¹¹e¹¹¹
779 2123 845 2144 ”⁰¹¹
882 2117 960 2143 sunt
995 2112 1166 2153 cogendae
1216 2119 1292 2158 lius,
1316 2118 1454 2151 etmulti
1476 2117 1543 2155 alii,
1568 2129 1718 2149 normam
1742 2118 1908 2149 immotam
1932 2128 2009 2149 esse
2032 2118 2065 2149 in
2089 2116 2206 2150 Eccle-

176 2154 362 2193 ECCleSl383
386 2162 421 2187 Ut
444 2157 637 2196 prOlnlttant
661 2166 698 2187 Se
722 2156 850 2199 synodi
873 2156 1016 2187 (leCl'ellS
1042 2156 1166 2186 obtem·
1218 2164 1286 2202 sia,
1321 2161 1481 2204 Singulos
1514 2161 1668 2193 llOsslanS
1703 2171 1815 2192 errare
1850 2172 1953 2202 posse
1976 2172 2016 2192 ac
2038 2162 2205 2202 potuisse,

177 2205 353 2239 Pffl'ffl'lras
390 2209 487 2237 esses
522 2205 557 2230 Ut
587 2200 614 2231 Si
640 2210 729 2231 nunc
751 2198 960 2241 POStUletffl's
994 2205 1028 2230 Ut
1052 2209 1166 2229 Omnes
1189 2235 1193 2251 Ι
1218 2208 1278 2238 sed
1304 2216 1510 2237 communem
1544 2215 1661 2237 vocem
1697 2204 1893 2236 Catholicae
1928 2203 2104 2236 Ecclesiae
2137 2214 2204 2236 non

177 2243 369 2282 P¹'⁰¹¹¹ittam
393 2252 431 2273 se
456 2244 743 2284 ΟΜ(ΞῙΠΙΨΙῊῘΠΓΟς
768 2253 844 2274 esse
869 2243 1012 2275 decretis
1041 2242 1165 2284 Sy¹¹0di
1188 2253 1193 2489 ¹
1216 2261 1320 2292 posse
1343 2259 1468 2280 errare.
1537 2248 1627 2279 Haec
1651 2249 1841 2290 imaginatio
1862 2247 2050 2289 plausibilis
2075 2254 2144 2286 est,
2172 2254 2204 2279 et

177 2285 413 2336 Tridentinae..
466 2286 502 2336 ¹.‘¹
532 2292 609 2317 ante
641 2287 864 2328 cognitionem
887 2297 954 2317 non
977 2292 1030 2317 est
1052 2291 1166 2327 postu·
1217 2295 1294 2335 quia
1318 2292 1471 2334 congruit
1495 2303 1569 2323 cum
1594 2290 1738 2333 politicis
1763 2292 1984 2333 opinionibus,
2008 2298 2041 2323 et
2059 2291 2137 2333 quia
2158 2291 2204 2323 vi-

177 2327 325 2367 landum,
360 2339 437 2370 (111Ιῆ
463 2330 590 2371 ῧὶῚΙΟῑῙὶ
614 2336 693 2361 Sunt
715 2331 837 2361 iudicia
861 2330 1045 2367 ordinaria>
1081 2340 1166 2370 quae
1217 2338 1312 2368 detur
1335 2346 1483 2367 normam
1506 2341 1713 2366 monstrasse
1731 2336 2008 2373 commodiorem,
2043 2345 2117 2365 eum
2147 2335 2203 2366 ad-

177 2372 361 2403 redduntur
383 2372 415 2403 in
440 2373 572 2411 invitOS,
595 2379 631 2405 ut
656 2374 720 2405 dici
743 2373 848 2411 solet,
882 2373 1010 2415 Estque
1032 2372 1166 2403 manda-

177 2420 246 2445 tum
268 2414 446 2455 Ecclesiis,
468 2421 505 2447 ut
523 2415 704 2459 legitimam
728 2417 952 2459 cognitionem
982 2416 1165 2454 instituant,

179 2468 245 2498 qua
267 2458 428 2498 instituta,
453 2460 481 2491 si
501 2467 592 2492 recte
616 2461 864 2501 pronuntiatum
887 2458 1004 2497 fuerit,
1042 2460 1165 2490 obtem-

178 2502 361 2551 perandum
385 2508 447 2533 est..
515 2503 557 2535 Et
587 2504 616 2535 si
640 2504 714 2546 quis
736 2514 804 2535 non
828 2504 1051 2545 obtemperat,
1079 2503 1165 2534 iuste

177 2551 322 2585 punitur.

1216 2382 1336 2422 probet
1357 2380 1401 2418 id,
1426 2378 1515 2420 quod
1537 2385 1674 2420 propter
1699 2379 1973 2410 consuetudinem
1985 2379 2115 2420 gratius
2140 2383 2202 2409 est.

1304 2457 1373 2489 Sed
1397 2457 1594 2498 opponenda
1618 2463 1670 2488 est
1692 2456 1770 2488 huic
1792 2456 2017 2498 imaginationi
2039 2454 2124 2486 haec
2146 2455 2203 2486 im—

1216 2507 1305 2533 mota
1340 2501 1521 2531 sententia:
1557 2500 1593 2531 Si
1629 2501 1702 2542 quis
1736 2498 1825 2531 aliud
1847 2497 2068 2541 Evangelium
2092 2499 2203 2536 docet,

1216 2545 1392 2576 anathema
1415 2544 1469 2575 sit.
1515 2542 1581 2574 Ubi
1603 2542 1778 2574 manifesta
1802 2549 1879 2574 sunt
1902 2543 1990 2574 dicta
2002 2541 2203 2582 Prophetica

1189 2588 1193 2655 ι
1218 2594 1250 2619 et
1273 2586 1484 2629 Apostolica,
1518 2592 1551 2617 et
1583 2586 1797 2618 manifestum
1831 2592 1894 2624 est,
1924 2585 2102 2617 dissentire
2126 2595 2203 2616 con—

265 2629 325 2662 Sin
348 2637 458 2663 autem
481 2642 546 2663 non
571 2638 664 2664 reete
686 2633 934 2674 pronuntiatum
956 2631 1067 2671 fuerit,
1089 2632 1165 2673 pios
1218 2631 1426 2663 suetudinem
1448 2636 1507 2662 aut
1529 2630 1729 2672 scriptores,
1765 2639 1904 2671 quorum
1923 2628 2055 2671 plurimi
2077 2628 2203 2659 imitan-
