2383 2990
147 129 208 161 141
852 125 905 157 111.

144 223 281 255 labores
304 228 338 253 et
359 219 510 263 pericula
532 221 574 252 ad
593 230 798 252 communem
816 221 1014 251 societatem
1032 218 1137 250 homi-

145 277 223 297 num
245 266 435 302 iuvandam,
459 274 558 305 quam
581 263 677 295 Deus
701 264 852 295 instituit.
899 264 932 294 ln
961 262 1013 293 his
1038 272 1138 293 occu-

144 309 333 351 pationibus
357 307 493 339 luceant
516 306 613 345 fides,
638 306 819 344 confessio,
844 306 1031 337 obedientia
1057 315 1137 346 erga

144 352 265 389 Deum,
289 357 322 382 et
345 361 427 383 vera
450 349 683 382 benevolentia
702 360 785 392 erga
803 355 954 380 caeteros
974 349 1136 379 homines.

145 395 322 430 Quomodo
346 394 513 435 potuisset
542 395 754 424 innotescere
782 403 822 423 ac
851 392 1032 433 propagari
1062 401 1137 422 coe·

143 437 240 469 lestis
264 438 426 474 docmina,
445 438 508 468 nisi
531 435 737 477 Prophetae,
760 435 916 476 Apostoli
939 441 972 466 et
1002 441 1138 465 caetera

143 481 266 512 lumina
289 479 482 518 Ecclesiae,
518 480 705 521 gessissent
728 479 963 520 magistratus,
992 478 1137 509 adiuvis-

144 530 219 555 sent
242 525 346 562 cives,
367 524 597 555 devinxissent
620 522 684 553 sibi
706 520 869 553 honestos
900 520 1051 552 homines
1074 521 1136 561 piis

145 566 286 599 officiis?
334 566 411 598 ldeo
429 567 525 602 ,iubet
550 565 634 596 disci
657 570 760 601 «πως,
780 575 919 606 quarum
943 574 1025 595 usus
1050 565 1137 595 vitae

145 611 309 642 communi
333 609 546 641 necessarius
567 614 628 639 est.
664 607 715 638 Ex
734 607 786 638 his
806 608 888 638 satis
906 606 1045 649 intelligi
1065 613 1136 648 pot-

145 659 215 691 est,
238 664 379 695 quarum
402 652 519 684 artium
543 651 728 682 doctrinam
750 657 906 692 parentes
930 650 1044 682 liberis
1069 657 1135 681 tra-

145 699 227 728 dere
251 697 403 727 debeant.
978 694 983 700 '

230 756 378 787 Pertinet
390 755 504 786 eadem
518 765 599 785 cura
611 760 642 785 et
661 754 703 784 ad
722 754 948 794 magistratus.
983 753 1136 784 lntuean-

145 807 198 830 tur
208 798 241 830 hi
255 808 386 840 quoque
399 796 621 839 Decalogum,
636 802 754 828 curent
772 797 913 837 proponi
932 797 1061 828 civibus
1081 807 1135 827 ve·

143 853 214 873 ram
239 842 423 873 doctrinam
447 841 488 871 de
513 840 686 882 religione.
721 840 824 870 Recte
850 840 1056 871 constituant
1072 839 1134 870 Ec·

143 884 268 916 elestas
293 891 324 916 et
354 882 504 914 scholas.
550 883 695 915 Puniant
720 883 942 924 Epicuraeos,
971 881 1135 914 idolorum

143 926 305 965 cultores,
329 925 525 958 defensores
549 927 722 968 impiorum
743 925 944 968 dogmatum,
967 927 1133 967 periurOS,

134 971 271 1002 ‘deditos
291 971 431 1013 magicis
455 971 658 1012 praestigiis.
699 968 835 1007 Pacem,
861 970 1062 1009 pudicitiam,
1087 968 1135 1000 fa-

141 1013 283 1046 cultates
315 1013 512 1052 defendant,
546 1014 665 1044 iudicia
695 1019 891 1050 exerceant,
927 1019 963 1044 ut
1001 1019 1135 1044 caetera

138 1062 320 1099 praecepta
345 1058 484 1088 docent:
509 1056 584 1088 Non
609 1056 757 1093 occides,
782 1056 856 1087 Non
888 1056 1135 1094 moechaberis,

138 1100 215 1132 Non
238 1100 365 1132 furtum
387 1098 504 1138 facies,
527 1099 603 1130 Non
628 1100 720 1131 dices
744 1098 865 1130 falsum
897 1100 1133 1130 testimonium.

138 1143 181 1175 Et
204 1142 278 1174 finis
303 1144 345 1174 sit
370 1144 483 1183 pacis,
513 1153 581 1174 non
604 1148 639 1173 ut
668 1141 794 1184 perfrui
821 1141 1046 1183 voluptatibus
1076 1143 1135 1173 ho-

140 1187 244 1217 mines
268 1187 413 1227 possint,
438 1187 499 1217 sed
522 1192 555 1217 ut
581 1185 694 1216 doceri
717 1184 906 1223 Ecclesiae,
930 1184 993 1216 Dei
1020 1186 1135 1216 notitia

139 1229 172 1260 in
196 1230 294 1260 terris
319 1229 533 1266 conservari,
558 1227 733 1269 disciplina
757 1229 890 1259 retineri
915 1235 947 1259 et
971 1229 1042 1270 regi
1066 1229 1135 1259 mo'-

140 1282 195 1304 res
214 1273 356 1314 possint.
403 1271 465 1303 Hic
495 1278 547 1302 est
570 1272 665 1309 finis,
700 1278 840 1313 propter
869 1282 967 1312 quem
990 1282 1055 1313 pax
1079 1282 1134 1302 ex-

138 1316 283 1357 petenda
307 1321 377 1352 est,
406 1325 473 1346 non
496 1321 532 1345 ut
556 1316 587 1346 in
613 1315 680 1346 otio
706 1313 896 1355 voluptates
921 1325 1134 1355 quaeramus.

226 1374 338 1410 Quare
356 1381 387 1406 et
406 1374 532 1406 Paulus
553 1375 595 1405 ad
608 1374 814 1406 Timotheum
834 1375 875 1405 de
891 1374 957 1405 hoc
977 1374 1043 1405 fine
1057 1385 1135 1405 con-

139 1419 307 1456 cionatur,
343 1428 418 1450 cum
441 1418 532 1449 iubet
554 1418 685 1459 precari
709 1428 771 1459 pro
791 1417 1064 1459 Magistratibus,
1098 1422 1134 1448 ut

138 1459 349 1504 tranquillam
369 1467 400 1492 et
424 1462 568 1502 quietam
593 1461 690 1492 vitam
715 1471 872 1502 agamus,
897 1461 931 1492 in
955 1461 1042 1491 omni
1066 1460 1134 1503 pie-

139 1510 209 1536 tate
239 1511 271 1536 et
300 1504 488 1536 honestate.
536 1503 662 1536 Curent
698 1505 798 1546 igitur
826 1503 1046 1546 Magistratus
1077 1504 1134 1535 de-

137 1547 217 1590 pelli
245 1546 437 1586 latrocinia,
472 1548 635 1579 retineant
660 1557 811 1588 pacen1,·
831 1547 885 1578 Ad
916 1557 1002 1589 quos
1026 1546 1135 1578 fines?

136 1597 174 1623 ut
197 1597 418 1623 conservetur
440 1592 548 1632 pietas
573 1596 606 1622 et
628 1591 802 1629 honestas,
826 1591 859 1622 id
883 1597 946 1628 est,
965 1596 1001 1622 ut
1020 1590 1134 1621 doceri

137 1633 325 1673 Ecclesiae,
349 1634 474 1666 institui
496 1635 668 1672 iuventus,
703 1640 735 1666 et
759 1644 872 1666 mores
896 1635 966 1676 regi
990 1635 1133 1676 possint.

225 1695 310 1726 Nam
328 1694 416 1726 haec
438 1695 622 1726 domestica
648 1695 843 1736 gubernatio
868 1705 944 1726 cum
967 1695 1051 1730 satis
1074 1704 1135 1735 per

137 1748 177 1770 se
206 1739 250 1769 sit
279 1739 474 1780 negotiosa,
508 1737 610 1769 habet
639 1748 724 1778 opus
752 1748 848 1779 pace.
898 1736 1073 1769 Tumultus
1102 1744 1135 1769 et

138 1781 374 1822 trepidationes
392 1780 547 1822 publicae
564 1782 745 1821 impediunt
764 1781 946 1819 discentes,
970 1791 1038 1812 non
1056 1791 1135 1822 pos-

137 1830 218 1856 sunt
247 1825 428 1856 convenire
462 1823 614 1855 homines
647 1825 749 1855 certis
786 1825 1002 1865 temporibus.
1058 1824 1134 1856 Non

137 1873 279 1910 possunt
292 1868 508 1909 magistratus
532 1866 628 1909 leges
653 1868 695 1898 de
713 1866 889 1909 disciplina
907 1868 1064 1905 condere,
1088 1869 1134 1899 iu-

138 1912 226 1943 dicia
267 1921 444 1950 exercere,
490 1921 654 1952 quaerere
694 1911 835 1942 idoneos
876 1911 1133 1952 gubernatoreS,

139 1955 219 1986 dare
238 1955 415 1995 stipendia,
438 1955 605 1995 inspicere
626 1964 759 1995 operas,
783 1953 936 1995 publicos:
955 1955 1081 1985 reditus
1101 1961 1133 1985 et

139 1997 289 2029 aedificia
313 1998 407 2036 tueri,
431 1998 495 2029 nisi
514 1998 555 2028 sit
578 1996 816 2039 tranquillitaS.
863 1997 942 2028 ldeo
964 1996 1059 2029 Deus
1080 2008 1133 2029 re-

139 2041 245 2073 stituit
266 2040 445 2083 aliquando
469 2051 586 2082 pacem
610 2042 776 2082 imperiiS,
800 2047 835 2072 ut
858 2041 985 2072 interea
1014 2051 1132 2072 rursus

138 2084 316 2116 instaurari
338 2083 526 2122 Ecclesiae,
549 2083 700 2123 scholae,
725 2083 918 2126 disciplina,
942 2084 1065 2122 studia,
1088 2083 1134 2115 le-

140 2136 202 2169 ges
225 2128 367 2168 possint.
412 2127 504 2159 Haec
527 2129 583 2169 qui
605 2134 702 2169 putat
725 2128 796 2159 sine
820 2128 950 2169 magnis
974 2134 1006 2159 et
1029 2128 1132 2159 variis

139 2170 313 2202 laboribus
347 2171 556 2202 mediocriter
589 2181 693 2211 posse
728 2170 863 2213 perfici,
897 2169 997 2202 valde
1032 2177 1132 2202 errat.

139 2214 218 2246 ldeo
242 2223 327 2254 opus
351 2220 403 2245 est
426 2214 610 2246 domestica
632 2224 729 2256 pace,
753 2225 819 2256 qua
842 2220 953 2245 tamen
974 2215 1051 2255 quia
1074 2215 1133 2245 ho-

140 2257 244 2289 mines
263 2256 460 2298 plerumque
483 2259 674 2296 abutuntur,
697 2269 733 2289 ut
754 2264 805 2289 est
831 2263 950 2288 natura
964 2257 1133 2288 hominum

140 2311 246 2342 prona
269 2300 314 2331 ad
337 2299 539 2341 voluptates,
563 2306 596 2331 et
618 2299 719 2333 facile
742 2301 855 2332 abiicit
883 2301 1035 2332 timorem
1057 2300 1134 2339 Dei,

139 2344 337 2385 praesertim
361 2355 435 2375 cum
460 2354 587 2385 poenae
609 2354 677 2375 non
701 2345 820 2376 suntin
835 2350 1034 2385 conspectu,
1057 2345 1133 2376 ideo

141 2387 236 2419 Deus
259 2387 352 2428 punit
380 2388 579 2427 impietatem
601 2387 771 2419 hominum
794 2386 1077 2430 frequentioribus
1102 2394 1134 2419 et

142 2430 366 2461 atrocioribus
384 2429 478 2460 bellis
498 2440 538 2461 ac
552 2430 779 2462 seditionibus,
814 2431 907 2463 Haec
931 2432 1076 2462 breviter
1093 2432 1135 2463 de

143 2472 264 2505 officiis
284 2474 538 2515 magistratuum
561 2474 777 2505 admonuisse
799 2475 883 2506 satis
907 2475 969 2512 sit,
995 2485 1136 2516 quorum

143 2526 306 2548 summam
337 2518 381 2547 ita
408 2514 567 2548 facillime
597 2517 918 2558 comprehendemus
948 2519 1077 2557 animo,
1107 2518 1135 2549 si

142 2558 355 2602 Decalogum
379 2560 587 2597 intuebimur,
612 2562 646 2590 e't
665 2561 884 2602 cogitabimus
902 2562 1136 2603 magistratum

142 2603 242 2635 huius
267 2603 399 2634 divinae
417 2602 552 2634 tabulae
576 2603 748 2634 custodem
771 2614 858 2635 esse.

953 123 1227 156 CATECHESIS
1251 123 1466 156 PUERlLlS.

2117 127 2178 158 142

1162 225 1167 282 Ῑ
1236 220 1319 262 Ciu·
1350 228 1489 262 textus
1522 223 1669 276 inquit:
1702 222 1870 263 Honora
1903 232 2057 278 patrem
2094 234 2133 265 et

1163 293 1167 421 ι
1584 284 1784 324 matrem?

1163 442 1167 464 t

1277 391 1394 421 Honos
1425 392 1490 421 duo
1522 391 1770 432 complectitur,
1801 393 1993 424 interiorem
2024 405 2179 426 reveren-

1190 434 1280 472 tiam,
1304 440 1335 464 et
1360 440 1531 465 externam
1557 435 1788 466 obedientiam.

1278 502 1363 534 Sunt
1385 510 1497 534 autem
1521 504 1651 534 obiecta
1676 503 1831 545 duplicia,
1855 515 2038 546 personae,
2064 513 2098 538 ut
2122 518 2179 549 pa-

1190 552 1321 583 rentes,
1352 547 1583 588 magistratus,
1613 548 1780 579 doctores.
1827 547 1979 580 Alterum
2014 551 2180 582 obiectum

1191 595 1261 627 est,
1294 590 1367 630 ipse
1400 590 1483 620 ordo
1517 589 1673 631 politicus
1709 591 1864 622 divinitus
1899 592 2089 631 institutus,
2124 594 2179 635 qui

1191 639 1416 664 conservante
1461 632 1534 664 Deo
1580 632 1689 676 legem
1718 645 1829 671 suam,
1871 636 1988 666 retinet
2038 637 2180 668 societa-

1190 682 1254 706 tem
1289 674 1431 707 civilem.
1484 675 1544 707 Est
1581 678 1666 707 enim
1696 678 1778 708 ordo
1808 676 1879 716 ille,
1917 679 1989 719 ipsa
2019 678 2105 721 legis
2134 681 2179 710 di-

1160 688 1287 752 lvinae
1322 719 1354 749 in
1390 726 1525 751 externa
1557 719 1730 760 disciplina
1761 722 1987 752 conservatio.
2042 724 2092 753 Ac
2128 734 2179 754 se-

1161 757 1333 795 lcundam
1363 763 1529 794 obiectum
1564 765 1656 803 prius
1687 765 1876 805 aspiciatur.
1934 764 2009 796 Non
2045 766 2180 798 dubium

1189 812 1258 843 est,
1293 806 1492 837 ordinationi
1521 817 1561 837 ac
1589 805 1654 848 legi
1680 806 1743 838 Dei
1774 808 1935 839 honorem
1966 808 2090 840 deberi.
2136 809 2181 841 Ut

1188 855 1298 880 autem
1322 847 1386 879 hae
1409 850 1619 891 gratissimae
1643 851 1736 881 vices
1759 857 1955 892 temporum,
1981 853 2041 882 diei
2067 860 2100 884 et
2122 864 2180 884 no-

1189 893 1265 929 ctis,
1285 893 1422 923 aestatis
1442 903 1482 923 ac
1498 892 1537 935 h>
1546 894 1640 931 emis
1664 902 1695 924 et.
1709 893 1804 935 leges
1825 900 1972 926 motuum
1985 894 2180 928 coelestium

1188 946 1269 966 vere
1292 942 1368 966 sunt
1389 937 1560 967 ordinatae
1586 948 1605 967 a
1623 936 1710 974 Deo,
1735 938 1785 968 sic
1808 948 1888 968 vere
1902 937 1996 969 Deus
2015 944 2066 969 est
2083 945 2182 970 autor

1189 979 1289 1010 totius
1320 980 1492 1010 societatis
1522 980 1703 1017 humanae,
1740 981 1889 1011 devinxit
1920 980 2071 1013 homines
2095 983 2181 1014 inter

1188 1032 1237 1060 se,
1262 1022 1431 1064 coniugio,
1455 1024 1688 1063 procreatione
1712 1030 1743 1054 et
1767 1024 1964 1055 educatione
1986 1023 2179 1065 liberorum,

1188 1066 1310 1096 mutuis
1335 1067 1562 1098 contractibus
1582 1074 1610 1097 et
1638 1066 1771 1105 officiis,
1796 1067 1960 1108 imperiis,
1983 1069 2110 1100 addidit
2134 1068 2180 1101 le-

1189 1109 1240 1150 gis
1265 1109 1426 1147 notitiam,
1451 1116 1607 1151 tanquam
1625 1111 1862 1141 munimentum
1880 1111 1977 1142 huius
1996 1113 2179 1143 societatis.

1187 1152 1259 1183 Nec
1278 1158 1388 1183 tamen
1417 1159 1472 1183 aut
1501 1154 1676 1191 constitui,
1705 1160 1760 1184 aut
1790 1155 1910 1185 durare
1940 1156 2075 1195 imperia
2103 1166 2180 1196 pos·

1160 1212 1164 1329 ἱ
1188 1202 1282 1233 sent,
1312 1205 1374 1225 ncc
1405 1197 1525 1237 exequi
1554 1196 1662 1237 legem
1693 1195 1757 1228 Dei
1788 1196 1937 1229 homines
1966 1199 2040 1229 sine
2069 1199 2181 1230 divina

1160 1338 1164 1374 Ε

1189 1249 1253 1279 ope
1275 1246 1427 1279 possent.
1474 1239 1551 1270 ldeo
1571 1239 1665 1271 Deus
1689 1240 1809 1271 excitat
1841 1246 1872 1271 et
1901 1241 2035 1272 adiuvat
2059 1243 2180 1284 guber-

1187 1288 1336 1319 natores,
1359 1289 1389 1313 et
1416 1292 1509 1313 suam
1534 1281 1642 1324 legem
1667 1284 1739 1323 ipse
1753 1284 1937 1324 exequitur,
1963 1286 2127 1326 gubernat
2148 1292 2181 1316 et

1187 1330 1293 1354 armat
1316 1335 1433 1355 manus
1455 1326 1707 1366 magistratuum
1718 1327 1750 1357 in
1771 1327 1944 1367 puniendis
1961 1328 2091 1359 iniustis
2107 1339 2181 1361 cae·

1188 1366 1303 1404 dibus,
1337 1366 1514 1409 flagitiosis
1548 1367 1758 1407 libidinibus,
1790 1369 1902 1407 furtis,
1926 1377 1961 1402 ut
1986 1372 2181 1403 conservari

1187 1411 1334 1441 societas
1347 1412 1465 1450 possit.
1501 1411 1652 1453 Cumque
1675 1411 1763 1443 hanc
1786 1413 1848 1454 ipsi
1872 1415 2091 1455 magistratus
2116 1415 2180 1446 dis-

1186 1453 1307 1494 sipant,
1333 1453 1501 1491 videlicet,
1525 1465 1600 1485 cum
1617 1456 1748 1496 tyranni
1767 1457 1970 1487 monstrosis
1988 1456 2181 1489 libidinibus

1187 1506 1226 1527 se
1249 1494 1418 1537 polluunt,
1454 1498 1585 1538 rapiunt
1609 1497 1749 1530 aliorum
1774 1499 1937 1541 coniuges
1960 1508 2015 1532 aut
2042 1501 2179 1540 liberos,

1188 1546 1344 1570 exercent
1378 1541 1532 1572 iniustam
1574 1540 1821 1581 crudelitatem,
1857 1541 2037 1575 defendunt
2077 1546 2180 1576 mani-

1187 1581 1305 1614 festam
1329 1582 1570 1623 idololatriam,
1601 1591 1704 1616 mutat
1732 1584 1827 1616 Deus
1852 1587 1924 1628 ipse
1952 1587 2108 1628 imperia,
2138 1599 2180 1619 ac

1187 1627 1311 1657 excitat
1334 1627 1463 1658 vicinos
1482 1638 1581 1670 reges
1606 1634 1662 1659 aut
1684 1627 1841 1669 populos,
1864 1630 1920 1671 qui
1944 1636 2105 1672 tyrannos
2122 1641 2179 1673 pu-

1187 1670 1289 1708 niant,
1315 1676 1347 1700 et
1371 1669 1465 1712 leges
1489 1672 1533 1702 ad
1553 1670 1729 1703 honestam
1753 1672 1963 1714 disciplinam
1992 1675 2178 1706 restituant.

1187 1713 1234 1743 lta
1257 1714 1412 1745 excussis
1436 1715 1573 1755 imperio
1599 1714 1780 1746 Chaldaeis
1805 1722 1837 1746 et
1861 1716 2026 1758 Assyriis,
2050 1728 2180 1749 summa

1186 1757 1333 1797 potentia
1357 1757 1399 1787 ad
1412 1756 1537 1799 Cyrum
1562 1757 1726 1789 translata
1750 1765 1813 1797 est,
1837 1760 1892 1801 qui
1915 1761 2041 1801 punivit
2066 1767 2179 1803 tyran-

1186 1809 1261 1837 nos,
1287 1799 1435 1831 defendit
1458 1800 1646 1833 Ecclesiam
1670 1803 1811 1834 restituit
1835 1801 1941 1845 leges,
1965 1804 2102 1843 iudicia,
2133 1805 2179 1836 di·

1185 1842 1371 1883 sciplinam.
1416 1843 1538 1876 Deleto
1569 1844 1716 1877 Antonio
1745 1844 1840 1877 Deus·
1869 1847 2002 1878 tradidit
2026 1847 2178 1879 habenas

1186 1887 1313 1928 imperii
1343 1887 1510 1929 Augusto.
1563 1888 1656 1920 Deus
1687 1890 1798 1920 evexit
1831 1888 2085 1922 Constantinum
2120 1902 2178 1932 op-

1185 1931 1314 1971 pressis
1338 1932 1489 1972 tyrannis
1507 1931 1731 1970 Diocletiano,
1754 1931 1969 1971 Maximiano,
1995 1933 2176 1966 Maxentio.

1185 1973 1221 2004 ln
1245 1974 1333 2005 hanc
1357 1975 1555 2006 sententiam
1585 1976 1630 2006 ait
1654 1974 1787 2007 Daniel:
1824 1975 1919 2007 Deus
1951 1978 2119 2010 constituit
2145 1984 2177 2009 et

1184 2015 1343 2048 transfert
1363 2028 1478 2060 regna.

1273 2085 1423 2128 Cumque
1445 2085 1508 2118 has
1531 2087 1759 2119 ordinationes
1788 2088 1862 2119 sinc
1884 2090 2038 2130 personis
2068 2090 2178 2122 consi-

1186 2129 1360 2168 (ieramus,
1392 2129 1545 2161 videlicet
1574 2130 1742 2162 hominum
1774 2133 2075 2172 consociationem,
2100 2143 2178 2165 con-

1185 2173 1324 2215 iugium,
1350 2172 1468 2204 civiles
1488 2179 1624 2212 coetus,
1648 2175 1804 2216 imperia,
1828 2175 1959 2214 iudicia,
1982 2175 2096 2218 leges,
2130 2177 2178 2208 di-

1186 2215 1371 2258 setptsnam,
1396 2217 1503 2259 magis
1526 2224 1687 2258 apparent
1707 2224 1741 2249 et
1758 2218 1884 2250 ordinis
1908 2219 2121 2260 pulchritudo
2144 2226 2178 2251 et

1185 2259 1325 2291 utilitas.
1360 2260 1412 2292 Ac
1436 2260 1586 2292 videmus
1609 2261 1643 2292 in
1666 2260 1731 2292 hoc
1753 2262 1828 2302 ipso
1852 2263 1968 2294 ordine
1990 2262 2105 2294 lucere
2123 2274 2176 2295 sa·

1185 2304 1339 2345 pientiam
1352 2303 1427 2342 Dei,
1451 2310 1483 2335 et
1506 2303 1677 2335 mirificam
1702 2306 1882 2336 bonitatem
1905 2316 1965 2337 seu
1988 2306 2176 2338 beneficen-

1184 2348 1262 2378 tiam
1281 2357 1363 2388 erga
1385 2357 1458 2378 nos.
1505 2347 1684 2379 Delectant
1709 2347 1827 2379 oculos
1857 2347 1948 2391 vulgi
1972 2348 2174 2390 spectacula.

1159 2413 1163 2434 ¹
1187 2389 1285 2426 Quod
1308 2396 1417 2432 potest
1446 2396 1555 2423 autem
1580 2391 1721 2433 cogitari
1745 2390 1918 2432 pulchrius
1947 2392 2176 2434 spectaculum

1159 2458 1163 2476 ¹
1185 2432 1253 2464 hoc
1267 2435 1394 2471 ordine,
1418 2434 1446 2464 si
1469 2435 1578 2466 animo
1602 2445 1818 2466 secernamus
1843 2436 1939 2473 vitia,
1963 2446 2048 2477 quae
2061 2436 2175 2468 diabo-

1160 2476 1237 2526 ¹lus
1271 2488 1313 2508 ac
1346 2478 1515 2509 hominum
1556 2479 1753 2519 improbitas
1792 2483 1825 2509 et
1865 2478 2174 2511 infirmitas-admi-

1187 2520 1306 2552 scent?
1351 2521 1461 2557 Quam
1485 2526 1537 2552 est
1568 2521 1709 2552 honesta
1732 2521 1877 2553 societas
1901 2523 2023 2560 mariti,
2046 2523 2175 2561 uxoris,

1187 2563 1381 2603 liberorum,
1405 2575 1480 2596 cum
1503 2566 1589 2596 inter
1612 2575 1649 2596 se
1672 2570 1794 2603 amant,
1816 2565 1943 2604 iuvant,
1969 2572 2098 2597 certant
2125 2564 2174 2597 of-

1188 2606 1283 2646 ficiis,
1304 2608 1460 2640 invocant
1490 2619 1556 2641 una
1588 2618 1672 2640 voce
1696 2608 1822 2647 Deum,
1852 2616 1969 2640 curant
1991 2609 2174 2652 propagari
