2383 2990
259 138 273 168 l
280 137 321 168 79

255 231 346 268 tatis,
380 231 479 272 idque
516 236 650 271 propter
679 230 762 261 duas
787 239 906 261 causas
930 231 1116 272 praecipue.
1162 231 1231 263 Pri-

255 285 351 311 mum,
374 281 408 304 ut
433 276 465 304 in
490 273 656 304 Christum
674 272 890 304 mediatorem
913 273 1131 305 transferatur
1155 285 1229 306 cau-

254 326 290 347 sa
313 316 472 353 beneficii,
497 316 560 347 1100
583 322 650 353 cst,
681 322 715 346 ut
740 314 961 357 intelligamus
985 317 1082 348 nobis
1101 318 1229 358 ignosci

254 370 318 390 non
343 367 477 399 propter
499 365 646 389 nostram
671 359 870 400 dignitatem,
894 360 954 390 sed
977 366 1111 401 propter
1135 360 1229 391 Chri-

252 409 346 433 stum.
393 402 559 439 Secundo,
577 408 611 432 ut
636 401 830 432 beneficium
854 402 895 432 sit
920 410 1057 434 certum.
1089 403 1120 434 Si
1143 404 1229 433 enim

252 446 407 485 penderet
432 455 471 475 ex
498 445 684 475 conditione
706 445 874 485 dignitatis
898 451 1044 483 nostrae,
1065 445 1160 476 fieret
1181 446 1229 476 in·

252 494 387 518 certum.
422 489 453 518 Si
478 488 681 518 conscientia
704 488 873 525 iudicaret,
897 488 942 519 ita
965 489 1061 519 nobis
1084 489 1228 530 ignosci,

250 537 425 571 postquam
448 532 530 561 satis
554 541 706 571 magnam
731 531 972 569 contritionem,
997 537 1053 562 aut
1075 531 1139 562 alia
1163 542 1228 562 me-

250 574 310 603 rita
335 572 532 610 habeamus,
567 584 707 614 prorsus
742 574 934 614 ad‘geretur
960 575 1002 604 ad
1026 574 1228 615 desperatio-

250 626 343 651 nem,
379 622 411 646 et.
442 616 534 647 tieret
567 617 728 647 incertum
753 616 946 647 beneficium
971 618 1171 656 promissum
1194 617 1227 647 in

248 658 442 699 Evangelio.
476 659 528 690 De
551 659 603 689 his
627 659 755 689 duabus
779 660 890 690 causis
915 661 1053 690 maxime
1072 660 1227 690 admonet

248 711 310 731 nos
333 701 493 742 particula
519 701 691 732 GRATIS.
723 701 803 733 Cum
828 700 892 732 1100
914 703 1011 733 :nodo
1035 701 1226 743 intelligitur

248 743 433 775 exclusiva.
471 744 505 775 fit
529 744 658 775 dulcior
681 745 908 781 conscientiis,
945 751 976 775 et
999 751 1135 785 apparet
1160 754 1226 774 non

247 785 318 817 tolli
339 788 575 818 contritionem.
623 787 763 827 Oportet
787 787 871 817 enim
894 785 1038 828 aliquam
1060 788 1226 817 contritio-

247 840 334 867 nem,
357 831 387 860 id
413 837 474 867 est,
498 840 641 871 pavores
663 836 693 859 et
717 835 875 867 terrores,
899 831 1040 860 existere
1061 831 1091 859 111
1116 830 1225 866 nobis,

248 883 321 903 eum
346 874 561 913 agnoscimus
584 873 665 903 iram
686 871 746 902 Dei
771 873 933 902 adversus
957 878 1138 913 peccatum,
1163 873 1225 902 sic-

247 922 281 945 ut
300 916 401 956 inquit
427 915 561 945 Esaias:
589 914 651 944 Ubi
674 914 833 945 habitabit
856 914 1042 946 Dominus?
1076 915 1110 945 ln
1134 915 1225 955 spiri-

249 966 283 988 tu
307 958 448 989 contrito
473 964 534 989 etc.
592 957 632 987 Et
658 967 729 987 cum
754 957 836 987 fides
860 958 901 987 sit
925 957 1102 988 vivificatio
1127 967 1224 998 quae-

249 1001 334 1037 dam,
368 1010 507 1031 nei-esse
541 1006 591 1030 est
625 1001 765 1030 existere
789 1006 945 1036 terroreS,
980 1001 1011 1030 in
1035 1001 1153 1041 quibus
1171 1010 1225 1030 su-

248 1049 431 1074 stentamus
472 1050 502 1073 et
548 1041 762 1073 consolantur
806 1052 868 1072 nos
914 1042 1109 1084 Evangelio.
1184 1042 1225 1073 Et

248 1097 432 1127 quanquam
454 1086 606 1116 contritio
631 1086 702 1115 sine
737 1084 800 1115 fide
835 1086 989 1116 damnata
1012 1092 1081 1122 est,
1115 1092 1223 1116 tamen

248 1135 421 1170 postquam
447 1129 587 1159 accessit
612 1128 706 1164 fides,
732 1127 767 1157 fit
792 1128 912 1158 bonum
937 1138 1020 1169 opus
1044 1134 1074 1159 et
1099 1128 1223 1159 sacriti-

251 1172 345 1209 cium,
371 1178 403 1201 ut
427 1178 543 1212 postea
569 1172 696 1201 dicetur
719 1171 760 1201 de
784 1171 879 1201 bonis
904 1172 1073 1211 operibus.

334 1256 499 1292 Set-undo,
534 1256 617 1286 sicut
642 1256 682 1286 de
705 1255 869 1296 particula
894 1255 1005 1286 Gratis
1029 1257 1060 1286 in
1084 1257 1224 1297 promis—

248 1300 342 1330 sione
355 1298 525 1340 Evangelii
546 1309 685 1329 necesse
708 1304 758 1328 est
777 1299 945 1329 admoneri
975 1300 1155 1335 auditor-ess,
1179 1299 1224 1329 ita

248 1350 277 1372 et
313 1341 392 1372 illud
426 1341 657 1372 inculcandum
691 1347 754 1378 est,
785 1342 873 1382 quod
908 1342 991 1372 sieut
1020 1342 1223 1382 praedicatio

247 1386 466 1425 poenitentiae
501 1390 553 1415 est
585 1383 794 1421 universali&
817 1385 860 1414 ita
892 1395 1023 1425 quoque
1048 1384 1223 1425 promissio

248 1428 289 1457 si‘t
313 1426 529 1465 universalis,
563 1432 597 1457 ut
629 1425 750 1468 singuli
774 1436 834 1457 nos
858 1428 890 1457 in
913 1428 1165 1467 promissionem
1188 1425 1224 1456 il-

247 1469 312 1500 lam
336 1469 552 1507 includamus,
576 1479 638 1500 nec
662 1471 769 1500 excuti
793 1470 889 1499 nobis
909 1469 1005 1500 fidem
1020 1471 1165 1500 sinamus
1178 1470 1224 1499 in-

247 1514 442 1554 tempestive
471 1513 642 1543 accersitis
677 1512 953 1552 disputationibus
980 1513 1019 1543 de
1043 1512 1224 1553 praedesti-

248 1557 389 1587 natione.
425 1556 485 1585 sed
520 1556 685 1585 ordiamur
718 1566 737 1585 a
772 1556 885 1592 verbo,
917 1561 949 1585 et
981 1555 1223 1586 meminerimus

246 1599 499 1639 promissionem
523 1608 600 1628 esse
623 1597 857 1635 universalem,
881 1603 913 1627 et
937 1604 1120 1628 statuamus
1144 1607 1223 1628 vere

247 1641 303 1671 illa
338 1643 531 1682 contingere
555 1641 670 1677 nobis,
706 1651 791 1681 quae
814 1641 845 1670 in
870 1641 972 1671 verbo
996 1641 1168 1681 proposita
1191 1645 1222 1670 et

246 1685 409 1724 promissa
432 1690 520 1721 sunt,
545 1684 620 1724 quia
636 1683 725 1714 Deus
750 1694 809 1723 per
833 1684 967 1713 verbum
992 1693 1085 1713 suum
1105 1689 1155 1713 est
1178 1681 1223 1713 ef-

245 1727 342 1764 ficax,
366 1734 396 1757 et
416 1728 447 1756 in
471 1727 573 1757 verbo
589 1725 658 1756 vult
671 1727 885 1766 apprehendi,
898 1727 986 1756 iuxta
998 1725 1095 1757 illud:
1115 1726 1223 1756 Evan-

246 1768 365 1810 gelium
390 1775 442 1800 est
464 1770 609 1808 potentia
628 1768 703 1806 Dei,
727 1770 766 1799 ad
790 1768 930 1799 salutem
952 1769 1038 1799 omni
1063 1769 1222 1800 credenti.

330 1854 442 1885 Tertio
466 1863 607 1884 necesse
626 1859 677 1884 est
689 1860 720 1884 et.
732 1853 796 1884 hoc
809 1854 926 1891 teneri,
939 1854 1028 1894 quod
1048 1864 1120 1884 cum
1134 1854 1222 1883 iusti-

247 1899 401 1934 ticamur,
425 1898 584 1928 donamur
608 1897 729 1937 Spiritu
754 1903 888 1933 sancto,
924 1907 1021 1937 quem
1044 1897 1087 1926 ita
1112 1896 1221 1927 conci-

245 1942 335 1981 piunt
358 1940 470 1976 corda,
497 1950 568 1970 cum
593 1940 725 1970 audiunt
745 1937 973 1980 Evangelium,
997 1945 1027 1969 et
1052 1939 1079 1969 ei
1103 1939 1221 1969 adsen-

246 1984 380 2020 tiuntur,
405 1993 445 2013 ac
469 1982 532 2012 fide
555 1993 593 2012 se
616 1988 801 2013 sustentant
825 1984 854 2012 in
869 1983 1060 2022 pavoribus.
1096 1981 1151 2012 sic
1165 1982 1221 2012 do-

247 2032 296 2056 ret
322 2024 443 2056 Paulus
470 2032 500 2055 at
527 2024 681 2055 Galatas:
717 2024 759 2055 Ut
793 2026 1048 2065 promissionem
1084 2025 1222 2064 Spiritus

245 2068 443 2108 accipiamus
466 2078 525 2107 per
548 2067 657 2098 fidem.
705 2067 795 2098 Haec
818 2068 967 2108 acceptio
981 2067 1122 2107 Spiritus
1147 2077 1222 2097 san-

246 2112 288 2141 cti
324 2117 461 2141 vocatur
489 2110 697 2151 regeneratio
728 2120 788 2141 seu
823 2110 1014 2147 renovatio,
1047 2116 1078 2140 et
1101 2115 1152 2140 est
1174 2110 1221 2140 in-

246 2153 377 2184 choatio
409 2154 494 2183 vitae
516 2158 670 2183 aeternae
693 2154 724 2182 in
749 2153 856 2190 nobis,
891 2153 977 2183 sieut
1000 2151 1152 2183 Cin-istus
1175 2153 1218 2182 in-

246 2197 329 2237 quit:
354 2195 444 2226 llaec
462 2202 512 2226 est
537 2196 602 2226 vita
625 2201 770 2232 aeterna,
794 2201 827 2226 ut
851 2203 1057 2236 cognoscant
1071 2202 1101 2226 te
1114 2194 1221 2226 Deum

247 2249 370 2276 verum,
395 2244 427 2269 et
451 2249 544 2279 quem
569 2238 685 2269 misisti
705 2238 813 2269 lesum
837 2237 1015 2269 Christum.

331 2323 500 2354 Hactenus
524 2323 565 2353 de
576 2322 807 2354 Iustificatione
831 2328 862 2354 et
874 2323 954 2354 Fide
967 2323 1118 2360 (1111111105,
1137 2332 1222 2363 quae

246 2367 277 2396 in
311 2367 501 2407 quotidiana
534 2366 734 2407 experienda
768 2365 849 2396 fiunt
883 2365 1075 2397 illustriora.
1138 2365 1221 2395 Nam

245 2407 329 2438 haec
352 2410 502 2439 doctrina
525 2418 656 2450 semper
678 2409 709 2439 in
734 2416 916 2449 conspectu
937 2419 1012 2439 esse
1036 2408 1153 2445 debet,
1186 2413 1222 2438 ut

246 2456 416 2482 teneamus
440 2452 564 2482 tirmam
589 2450 863 2490 consolationem,
886 2457 919 2482 et
942 2457 977 2483 ut
995 2451 1162 2491 possimus
1175 2451 1222 2481 in-

246 2503 371 2524 vocare
393 2493 510 2525 Deum.
554 2494 638 2525 Nam
672 2494 743 2525 sine
779 2493 842 2525 hac
866 2493 931 2525 fide
954 2492 1043 2525 nulla
1067 2499 1120 2524 est
1143 2503 1222 2524 vera

246 2535 425 2573 invocatio,
445 2537 516 2567 sine
537 2537 602 2567 hac
624 2537 689 2568 fide
711 2546 778 2568 non
801 2536 1058 2578 apprehenditur
1069 2534 1223 2567 Pontifex

241 2584 280 2609 vet
302 2577 465 2609 Mediator
488 2578 651 2610 Christus.

877 136 987 168 PHIL.
1010 136 1113 168 MEL.
1137 137 1325 172 SCRIPTA
1346 141 1623 172 DOGMATICA.

2199 148 2262 181 180

1475 239 1548 278 DE
1580 238 1747 280 BONIS
1781 239 2061 284 OPERIBUS.

1369 354 1539 387 Hactenus
1573 357 1614 387 de
1637 356 1871 389 iustificatione
1900 364 1932 390 et
1954 359 2034 390 Fide
2053 360 2174 391 dictum
2197 368 2259 393 est.

1283 397 1460 429 inchoatur
1503 405 1612 430 autem
1657 399 1687 429 in
1722 400 1907 432 iustiiicatis
1942 412 2029 433 nova
2063 404 2260 435 obedientia.

1282 441 1359 471 Ideo
1384 441 1542 472 tradenda
1566 447 1617 472 est
1640 442 1790 473 doctrina
1813 443 1853 473 de
1871 443 1975 475 Bonis
1988 446 2154 485 operibus.
2183 447 2260 478 Tria

1281 490 1389 514 autem
1403 491 1606 525 quaeruntur
1619 485 1659 515 de
1673 486 1768 515 bonis
1782 487 1948 526 operibus.
1994 487 2149 526 Primum,
2174 500 2258 530 quae

1282 537 1382 567 opera
1404 527 1623 567 postulentur.
1658 529 1854 566 Secundum,
1875 531 2040 570 quomodo
2063 530 2120 561 illa
2143 531 2259 572 imper-

1282 569 1370 600 fecta
1405 571 1592 601 obedientia
1624 569 1756 613 placeat
1790 571 1876 602 Deo.
1929 572 2058 611 Tertio,
2091 575 2257 615 quomodo

1280 614 1445 644 amittatur
1469 614 1585 655 gratia.

1547 786 1662 837 Quae
1710 789 1990 841 requiruntur?

1364 910 1588 952 Requiruntur
1612 922 1714 953 opera
1736 911 1811 955 lege
1824 912 1887 944 Dei
1901 920 2089 955 praecepta,
2108 925 2174 946 non
2187 920 2256 945 tan-

1278 958 1346 984 tum
1370 960 1520 991 externa,
1545 955 1605 985 sed
1629 956 1724 986 etiam
1743 956 1917 987 interiores
1941 963 2059 987 motus.
2104 957 2255 988 Necesse

1279 1002 1329 1027 est
1363 998 1446 1027 enim
1469 997 1593 1039 Legem
1627 999 1658 1028 in
1689 1000 1785 1029 nobis
1810 998 1971 1037 inchoari,
1995 1000 2080 1030 sicut
2103 999 2255 1031 Christus

1278 1039 1338 1069 ait:
1373 1040 1444 1070 Nisi
1469 1041 1686 1071 abundaverit
1709 1041 1831 1072 iustitia
1856 1049 1965 1073 vestra
1988 1049 2052 1073 etc.
2099 1043 2196 1081 ltem,
2219 1042 2256 1074 Si

1279 1082 1328 1112 vis
1352 1082 1479 1123 ingredi
1499 1083 1528 1113 in
1552 1083 1663 1121 vitam,
1687 1093 1784 1114 serva
1807 1085 1971 1116 mandata.
2006 1085 2096 1126 Ergo
2119 1086 2255 1126 requiri-

1278 1130 1330 1153 tur
1354 1126 1571 1163 obedientia,⁴
1591 1136 1676 1166 quae
1700 1127 1748 1156 sic
1772 1127 1945 1157 inchoatur
1974 1128 2005 1158 in
2036 1129 2149 1158 nobis:
2173 1128 2254 1159 Cum

1279 1166 1362 1197 fides
1387 1168 1428 1199 ad
1453 1168 1680 1198 contritionem
1705 1170 1858 1206 accessit,
1885 1170 1946 1200 iam
1959 1176 2129 1209 peccatum
2143 1170 2255 1211 displi-

1278 1216 1340 1247 cet,
1365 1221 1437 1242 cum
1462 1212 1610 1250 cupimus
1633 1210 1724 1248 Deo,
1757 1222 1852 1252 quem
1875 1213 2083 1253 agnovimus,
2108 1214 2253 1244 obedire.

1278 1251 1323 1282 lta
1347 1255 1482 1293 primum
1498 1254 1679 1294 concipitur
1693 1255 1813 1285 bonum
1827 1256 2043 1295 propositum,
2066 1262 2101 1285 ut
2119 1262 2253 1287 vocant.

1277 1295 1476 1327 lnchoantur
1500 1307 1580 1337 ergo
1604 1298 1666 1327 iam
1690 1298 1722 1327 in
1748 1298 1847 1327 corde
1872 1304 1981 1328 motus
2010 1299 2255 1329 consentientes

1277 1339 1358 1380 Legi
1371 1338 1445 1377 Dei,
1471 1340 1576 1377 timor,
1601 1340 1731 1376 fiducia,
1756 1339 1888 1371 dilectio
1901 1339 1975 1377 Dei,
2000 1341 2175 1377 invocatio,
2198 1352 2255 1382 pa-

1278 1382 1399 1419 tientia,
1423 1382 1557 1420 veritaS,
1582 1383 1730 1419 castitas,
1755 1381 1887 1413 dileetio
1911 1383 2062 1423 proximi,
2086 1394 2165 1414 cura
2181 1383 2254 1414 Rei-

1277 1424 1436 1463 publicae
1483 1424 1554 1455 Hae
1588 1425 1725 1455 virtutes
1750 1424 1829 1455 fiunt
1854 1425 1979 1465 Spiritu
2002 1431 2117 1456 sancto
2142 1424 2254 1466 impel-

1277 1466 1365 1497 lente
1389 1467 1502 1504 corda,
1526 1473 1557 1497 et
1582 1473 1747 1504 crescunt,
1773 1478 1845 1498 cum
1866 1478 1924 1498 eas
1938 1478 2144 1506 exercemus,
2169 1469 2255 1499 sicut

1277 1510 1435 1549 scriptum
1459 1515 1522 1540 est:
1554 1509 1695 1540 Habenti
1719 1511 1849 1540 dabitur
1873 1516 1935 1540 etc.
1982 1511 2178 1551 Quanquam
2198 1520 2254 1541 au-

1277 1558 1340 1582 tem
1364 1553 1395 1582 in
1419 1553 1542 1582 renatis
1566 1554 1653 1583 bona
1677 1562 1779 1593 opera
1803 1559 1879 1582 sunt
1899 1559 2005 1583 motus
2019 1553 2161 1593 Spiritus
2180 1563 2254 1584 san-

1277 1596 1331 1632 cti,
1348 1602 1463 1632 ,tamen
1489 1595 1630 1635 Spiritus
1655 1601 1793 1626 sanctus
1819 1602 1927 1625 mox-et
1952 1605 2010 1636 per
2033 1597 2188 1633 verbum,
2223 1601 2254 1626 et

1277 1644 1405 1678 oportet
1429 1648 1490 1669 nos
1515 1638 1639 1668 habere
1669 1638 1908 1675 testimonium,
1944 1647 2029 1679 quae
2061 1648 2163 1678 opera
2186 1637 2254 1678 pla-

1277 1686 1373 1711 ceant
1384 1680 1471 1717 Deo,
1490 1691 1531 1711 ne
1555 1681 1681 1721 decepti
1706 1680 1771 1711 alia
1795 1691 1894 1721 opera
1918 1681 2146 1720 suscipiamus.
2175 1680 2253 1711 Ideo

1276 1733 1349 1753 cum
1370 1730 1522 1763 oporteat
1543 1734 1606 1753 nos
1630 1724 1699 1765 regi
1723 1724 1838 1760 verbo,
1857 1723 1978 1754 dietum
2002 1729 2053 1753 est
2064 1723 2254 1754 nominatim

1276 1764 1332 1796 illa
1367 1777 1467 1806 opera
1499 1765 1680 1806 postulari,
1715 1776 1800 1806 quae
1823 1766 1853 1795 111
1878 1765 2051 1807 Decalogo
2074 1772 2253 1806 praecepta

1276 1814 1361 1839 sunt.
1400 1809 1467 1839 Etsi
1491 1810 1573 1839 enim
1599 1819 1663 1839 non
1688 1815 1738 1838 est
1762 1809 1870 1848 posita
1888 1808 1959 1839 Lex
1980 1810 2079 1845 iusto,
2104 1809 2193 1849 quod
2210 1808 2251 1838 ad

1275 1852 1498 1882 accusandum
1522 1853 1647 1889 attinet,
1678 1857 1786 1882 tamen
1822 1857 1872 1881 est
1896 1852 1924 1882 ei
1948 1852 2066 1892 posita,
2091 1857 2251 1891 quatenus

1275 1895 1370 1925 docet
1405 1904 1498 1931 eum,
1540 1901 1572 1925 et
1605 1894 1739 1935 requirit
1773 1894 1988 1924 obedientiam
2022 1894 2111 1923 iuxta
2152 1892 2249 1923 illud:

1276 1938 1390 1967 Omnis
1415 1937 1579 1977 scriptura
1603 1937 1758 1967 divinitus
1781 1937 1950 1976 inspirata,
1972 1935 2058 1967 utilis
2077 1936 2251 1974 0511111110-

1275 1981 1426 2017 oendum,
1449 1979 1653 2021 arguendum
1677 1985 1746 2010 etcu-

1276 2144 1493 2194 Quomodo
1540 2143 1672 2197 placet
1716 2142 1950 2197 imperfecta
1993 2143 2250 2183 obedientia?

1360 2277 1561 2309 Necessaria
1584 2281 1635 2307 est
1658 2276 1862 2313 obedientia,
1892 2282 1925 2307 et
1947 2282 2056 2307 tamen
2079 2276 2249 2308 sciendum

1275 2326 1337 2358 est,
1361 2331 1431 2351 eam
1455 2317 1571 2360 procel
1594 2320 1715 2350 abesse
1738 2329 1757 2349 a
1781 2317 2000 2359 perfectione,
2033 2330 2096 2351 nec
2118 2318 2248 2350 satisfa-

1275 2374 1350 2394 cere
1372 2362 1438 2405 legi
1462 2363 1541 2399 Dei,
1572 2368 1603 2392 et
1626 2362 1734 2393 adhuc
1756 2362 1894 2393 haerere
1917 2363 1949 2392 in
1972 2363 2068 2393 nobis
2092 2360 2248 2403 reliquias

1274 2407 1413 2447 peccati.
1459 2405 1569 2441 Quare
1593 2415 1736 2446 persona
1760 2415 1826 2435 non
1849 2410 1901 2435 est
1930 2405 2029 2443 iusta,
2053 2405 2085 2436 id
2107 2410 2170 2442 est,
2193 2415 2248 2436 ac-

1275 2455 1370 2490 cepta
1393 2459 1502 2480 coram
1515 2447 1589 2479 Deo
1612 2454 1747 2488 propter
1766 2448 1930 2488 propriam
1948 2448 2154 2485 mundiciem,
2177 2448 2247 2479 iux-

1275 2498 1308 2523 ta
1330 2491 1426 2523 illud:
1450 2491 1523 2521 Non
1547 2490 1779 2522 iustificabitur
1800 2490 1832 2520 in
1857 2496 2037 2531 conspectu
2060 2496 2116 2522 tuo
2140 2492 2246 2522 omnis

1273 2536 1401 2566 vivens.
1446 2532 1561 2566 Placet
1593 2540 1701 2564 autem
1731 2543 1875 2573 persona
1894 2533 1958 2564 fide
1980 2543 2040 2574 per
2062 2533 2246 2565 misericor-

1244 2587 1249 2601 ¹
1275 2578 1360 2609 diam
1384 2583 1517 2618 propter
1541 2575 1726 2613 Christum,
1749 2581 1785 2607 ut
1808 2586 1909 2616 supra
1931 2576 2050 2607 dictum
2075 2583 2136 2607 est.
2180 2576 2246 2608 De-
