2383 2990
138 109 206 142 679

139 203 276 237 luerunt
298 202 472 246 Episcopi,
495 212 559 244 ego
583 208 743 239 octavus,
774 200 829 243 qui
859 210 977 231 omnes
1007 200 1051 231 ita
1074 200 1133 231 ob-

142 253 364 280 servaverunt
383 246 473 278 hunc
497 246 593 277 diem.
639 244 762 276 Habuit
785 250 819 275 et
837 243 956 274 Latina
979 241 1133 274 Ecclesia

138 292 278 324 maritos
300 290 506 322 Sacerdotes
529 287 633 331 longo
656 294 818 328 tempore,
841 293 878 318 ut
891 287 1009 329 Syricii
1029 285 1133 317 histo-

138 336 191 367 ria
214 340 365 368 testatur,
389 333 446 375 qui
463 333 590 373 primus
615 329 775 363 divellere
799 331 956 373 coniugia
969 329 1132 362 Sacerdo-

140 385 209 410 tum
232 379 266 409 in
289 377 451 417 Hispania
475 382 617 407 conatus
636 381 699 413 est,
722 375 784 406 etsi
798 374 1001 406 Sacerdotes
1015 373 1133 414 Hispa-

141 423 174 454 ni
198 431 319 463 parere
342 421 479 451 decreto
504 419 626 461 Syricii
650 423 868 456 recusarunt,
903 423 936 448 et
958 423 1133 458 patronum

140 464 331 496 habuerunt
354 472 437 494 suae
457 473 581 494 causae
604 460 810 503 Episcopum
833 460 1131 498 Tarraconensem,

139 508 196 551 qui
219 507 429 549 respondens
442 505 596 537 Romano
615 504 797 546 Episcopo,
821 505 903 536 citat
926 504 1013 536 dicta
1025 502 1134 535 Evan-

140 550 238 594 gelii,
273 560 360 592 quae
396 555 509 581 vetant
533 547 675 580 dissolvi
698 549 876 580 connubia.
923 547 993 579 Sed
1015 546 1133 578 rescri-

139 595 207 636 psit
232 593 385 636 Syricius
408 593 494 624 adeo
517 598 717 634 arroganter
739 603 780 624 ac
804 590 938 629 stolide,
961 597 997 623 ut
1019 591 1133 622 mirum

139 638 184 670 sit
207 644 331 669 tantam
355 642 434 668 tunc
457 637 490 667 in
502 635 658 667 Ecclesia
681 635 856 673 inscitiam,
879 635 1063 672 audaciam,
1076 634 1133 665 im-

138 681 309 724 pietatem,
333 686 365 711 et
388 680 599 722 tyrannidem
622 677 738 710 fuisse.
773 678 949 719 Vituperat
972 678 1132 709 honestos

139 725 294 763 maritos,
328 729 361 755 et
391 721 632 754 contumeliose
660 728 759 754 vocat
782 721 955 753 libidinum
980 720 1133 752 defenso-

140 779 209 800 res.
252 766 386 799 Insulse
409 767 586 808 detorquet
610 772 642 797 et
666 766 788 797 dictum
802 764 897 797 Pauli
921 771 1038 795 contra
1057 774 1133 796 con-

139 811 283 854 iugium:
319 810 355 842 Si
379 810 564 841 secundum
590 819 724 842 carnem
748 809 916 847 vixeritis,
941 808 1132 839 moriemini.

139 855 177 888 Si
200 860 293 886 tanta
317 860 389 885 erat
412 853 561 892 inscitia,
585 859 619 884 ut
643 854 861 884 arbitraretur
884 850 951 882 hoc
974 851 1063 882 dicto
1085 851 1132 882 vi-

139 898 287 941 tuperari
310 898 514 939 coniugium,
538 895 642 928 multo
663 897 795 939 dignior
818 894 877 926 fuit
896 894 1059 936 Syricius,
1078 894 1133 936 qui

139 952 252 974 remos
275 942 308 972 in
331 941 409 972 navi
433 942 587 982 agitare-t,
611 951 709 982 quam
733 940 787 981 qui
810 939 851 970 ad
871 936 1133 980 gubernaculum

139 987 173 1018 in
195 983 352 1017 Ecclesia
376 983 502 1016 Christi
526 983 670 1014 sederet.
717 982 785 1014 Sed
819 983 848 1013 si
882 982 994 1013 sciens
1019 982 1063 1012 ita
1084 979 1134 1012 lu-

139 1030 194 1068 sit,
217 1028 420 1070 impudentia
438 1026 544 1058 multo
568 1027 675 1069 magis
699 1024 758 1058 fuit
782 1026 882 1068 digna
906 1026 1002 1062 odio,
1036 1035 1134 1066 quam

141 1072 286 1104 inscitia.
335 1071 457 1102 Vivere
482 1070 666 1101 secundnm
691 1080 837 1108 carnem,
861 1075 912 1099 est
936 1078 1034 1100 ruere
1056 1078 1134 1099 con-

141 1124 192 1148 tra
215 1115 373 1147 mandata
395 1113 472 1152 Dei,
496 1124 563 1145 non
587 1113 756 1155 significat
779 1113 826 1145 uti
849 1112 1024 1153 coniugio,
1048 1112 1120 1142 cibo
1123 1133 1133 1149 ,-

140 1165 233 1202 potu,
257 1159 352 1191 iuxta
374 1157 531 1189 mandata
550 1156 626 1188 Dei.
671 1157 796 1188 Postea
811 1156 998 1199 Gregorius
1022 1164 1134 1186 sacer-

140 1204 254 1235 dotum
278 1202 434 1243 coniugia
458 1200 609 1232 distraxit
632 1201 665 1231 in
685 1199 811 1239 Sicilia,
834 1211 874 1232 ac
899 1198 1056 1241 paulatim
1079 1208 1135 1229 ve-

139 1253 196 1279 tus
232 1245 441 1277 consuetudo
476 1243 603 1275 abolita
637 1249 699 1276 est.
755 1243 791 1275 ln
830 1242 1011 1275 Germania
1044 1252 1134 1280 sero,

140 1291 239 1322 etiam
263 1287 468 1320 reclamante
491 1287 661 1329 Episcopo
685 1287 899 1330 AugustanO,
921 1292 957 1318 ut
985 1291 1134 1328 apparet,

140 1333 237 1376 gravi
272 1333 345 1364 viro
370 1330 498 1370 Ulrico,
531 1331 723 1373 impositum
757 1337 809 1363 est
839 1340 924 1362 onus
949 1330 1133 1363 coelibatus

140 1377 267 1409 nostris
291 1375 540 1408 Sacerdotibus.
586 1373 718 1406 Deinde
741 1374 936 1416 Moguntiae
970 1384 1044 1406 cum
1078 1373 1134 1403 de-

142 1425 272 1452 cretum
307 1417 527 1451 Hildebrandi
563 1418 720 1450 teterrimi
751 1418 891 1449 monstri
932 1426 1134 1459 proponere-

141 1470 195 1496 tur
218 1464 260 1495 de
285 1462 464 1500 coelibatu,
500 1468 594 1493 tanto
617 1460 758 1493 tumultu
783 1461 989 1502 repudiatum
1013 1466 1064 1491 est
1086 1459 1133 1490 in-

139 1508 265 1540 iustum
300 1512 332 1538 et
361 1512 457 1547 turpe
481 1506 639 1544 edictum,
669 1511 705 1536 ut
739 1515 825 1546 pene
855 1515 974 1537 manus
996 1504 1135 1535 iniectae

140 1551 264 1583 fuerint
287 1549 460 1591 Episcopo
478 1548 677 1591 Moguntino
702 1554 732 1579 et
758 1547 921 1587 curiensi,
956 1548 1010 1590 qui
1044 1545 1135 1588 lega-

140 1601 196 1627 tus
216 1600 290 1626 erat
314 1592 544 1631 Hildebrandi,
580 1592 642 1623 etsi
665 1591 881 1634 moguntinus
906 1590 966 1623 fnit
983 1590 1133 1632 aequior,

141 1638 198 1681 qui
221 1637 374 1680 promisit
396 1647 435 1668 se
457 1637 611 1668 daturum
634 1646 783 1677 operam,
816 1643 851 1667 ut
874 1633 1135 1666 Hildebrandum

141 1683 184 1714 de
209 1681 375 1714 sententia
399 1681 592 1712 deduceret.
639 1678 745 1711 Multa
779 1677 845 1710 alia
868 1678 1055 1710 testimonia
1080 1687 1135 1708 ex-

141 1732 224 1765 tant,
249 1735 335 1767 quae
360 1724 540 1755 ostendunt
561 1723 740 1754 admodum
763 1729 929 1754 recentem
953 1731 1029 1753 esse
1048 1719 1135 1751 hanc

142 1768 254 1812 legem
278 1768 319 1800 de
344 1766 525 1804 coelibatu,
548 1777 634 1808 quae
657 1776 746 1797 nunc
766 1767 807 1797 ab
832 1765 1035 1797 adversariis
1058 1762 1134 1805 plus

142 1824 244 1855 quam
266 1812 460 1844 Neroniana
485 1809 682 1842 crudelitate
705 1808 903 1841 defenditur.
940 1808 1136 1849 Quanquam

142 1863 256 1888 autem
292 1866 346 1887 res
366 1862 446 1886 nota
469 1855 525 1892 sit,
558 1860 667 1885 tamen
690 1851 775 1884 haec
799 1853 973 1891 recensui,
1005 1858 1038 1882 ut
1060 1851 1135 1892 ipsa

143 1898 298 1941 exempla
322 1897 624 1930 commonefaciant
646 1895 811 1934 lectores,
846 1896 1033 1938 coniugium
1067 1904 1135 1925 non

142 1954 295 1986 pugnare
319 1954 394 1974 cum
418 1942 546 1979 ordine,
568 1946 603 1971 ut
627 1938 728 1981 aliqui
748 1941 925 1977 somniant,
949 1946 981 1970 et
994 1948 1054 1970 nos
1067 1947 1135 1969 non

143 1997 222 2019 esse
244 1992 380 2018 autores
404 1985 482 2017 novi
507 1982 647 2026 exempli
672 1984 703 2014 in
717 1983 882 2022 Ecclesia,
907 1982 967 2014 sed
990 1987 1135 2014 veterem

144 2037 178 2062 et
200 2031 288 2073 piam
311 2029 587 2061 consuetudinem
610 2037 784 2059 revocare.

392 2195 592 2247 Quintum
624 2200 923 2249 argumentum.

233 2321 407 2357 Naturalia
429 2332 510 2354 vere
533 2328 611 2353 sunt
633 2319 862 2357 immutabilia,
886 2329 948 2351 nec
970 2318 1138 2360 prohiberi

148 2368 278 2411 legibus
304 2366 455 2399 humanis
480 2370 640 2406 possunt,
674 2371 709 2396 ut
732 2364 890 2406 appetitio
914 2369 947 2394 et
965 2372 1048 2394 usus
1073 2362 1138 2393 cibi

149 2423 191 2444 ac
214 2418 326 2453 potus,
372 2409 541 2451 Appetitio
573 2409 674 2440 maris
709 2408 751 2440 ad
785 2406 963 2438 foeminam
983 2411 1034 2437 cst
1056 2405 1137 2437 iuris

150 2453 326 2487 naturalis:
351 2453 443 2496 Ergo
467 2463 535 2484 non
548 2458 601 2484 est
612 2452 766 2483 humanis
778 2450 911 2493 legibus
923 2449 1139 2492 prohibenda.

237 2549 401 2581 Minorem
432 2548 613 2580 ostendunt
647 2547 734 2578 dicta
763 2547 795 2578 in
820 2545 961 2577 Genesi:

151 2593 248 2626 Deus
271 2591 456 2625 masculum
479 2598 512 2623 et
535 2590 725 2623 foeminam.

1008 2543 1143 2576 Creavit

772 2589 902 2626 Quibus
921 2586 1071 2621 videlicet
1094 2587 1142 2618 in-

777 105 887 137 PfflL.
906 104 1011 136 MEL.
1030 103 1217 137 SCRIPTA
1234 103 1514 137 DOGMATICA.

2111 104 2178 138 680

1186 199 1269 232 didit
1301 206 1448 231 mutuam
1472 198 1717 231 coniunctionis
1741 199 1993 241 appetitionem,
2017 209 2120 242 quac,
2144 208 2179 232 ut

1186 253 1289 285 supra
1313 243 1391 281 dixi,
1414 243 1446 273 in
1465 249 1585 274 natura
1608 243 1739 284 integra
1763 243 1861 274 etiam
1884 241 2023 281 fuisset,
2048 249 2079 275 et
2101 242 2180 275 fuis-

1186 293 1240 318 set
1263 287 1427 318 ordinata.
1472 285 1571 317 Nunc
1593 284 1764 317 inclinatio
1786 284 1846 317 illa
1867 296 1936 317 non
1960 285 2091 318 sublata
2116 293 2180 325 est,

1187 329 1260 368 sed,
1283 337 1320 361 ut
1343 329 1422 368 dixi,
1446 335 1588 371 vagatur
1612 329 1685 361 siue
1708 329 1841 367 ordine,
1864 329 1942 360 idco
1963 330 2071 372 magis
2095 340 2180 371 opus

1186 380 1239 404 est
1263 373 1429 415 coniugio.
1476 372 1631 414 Pugnant
1652 372 1752 414 igitur
1776 383 1851 404 cum
1873 380 2003 412 natura,
2026 375 2082 415 qui
2105 384 2182 415 pro-

1184 415 1299 448 hibent
1324 415 1506 458 legitimam
1529 416 1796 447 coniunctionem
1819 416 1920 447 maris
1950 422 1983 447 et
2004 414 2182 455 foeminae,

1186 468 1221 491 ut
1245 460 1273 490 si
1297 460 1513 502 prohiberent
1532 459 1695 491 honorem
1707 459 1874 501 praestari
1892 460 2101 501 parentibus,
2125 466 2182 491 aut

1186 501 1272 542 alia,
1302 513 1388 545 quae
1418 503 1576 535 divinitus
1600 503 1754 534 ordinata
1777 508 1854 534 sunt
1878 502 1910 533 in
1933 501 2103 535 hominum
2125 513 2182 534 na-

1186 552 1272 578 tura.
1319 546 1437 588 Neque
1469 547 1556 578 enim
1590 546 1722 587 excepti
1746 552 1823 576 sunt
1842 547 1885 577 ab
1904 544 1971 577 hoc
1993 546 2064 578 iure
2087 552 2182 578 natu

1186 600 1243 621 rae
1267 588 1338 628 ulli,
1372 596 1505 631 praeter
1528 599 1587 621 eos
1607 599 1692 632 quos
1716 588 1811 621 Deus
1835 590 1986 630 excepit,
2018 590 2112 621 iuxta
2136 589 2182 620 di

1187 639 1276 665 ctum
1289 633 1425 672 Christi,
1449 632 1614 671 videlicet,
1638 633 1693 675 qui
1717 638 1773 663 aut
1791 638 1907 664 natura
1932 632 2074 664 eunuchi
2093 639 2183 671 sunt,

1185 683 1241 707 aut
1265 676 1390 708 habent
1412 675 1584 719 singulare
1608 677 1743 708 donum.
1788 675 1944 707 Testatur
1967 683 2077 708 autem
2090 675 2184 708 Chri

1187 726 1260 751 stus
1295 720 1327 751 id
1362 721 1484 752 donum
1508 731 1575 751 non
1599 720 1795 761 contingere
1817 717 1949 758 multis,
1980 726 2016 751 ut
2039 726 2182 751 eventus

1187 764 1344 795 ostendit.
1391 764 1433 795 Et
1467 764 1616 795 iudicare
1650 763 1791 805 quisque
1819 761 1918 794 facile
1940 768 2070 803 potest,
2105 763 2184 805 quid

1187 805 1267 838 velit
1292 806 1417 838 Paulus
1441 807 1610 849 inquiens:
1635 805 1756 838 Melius
1769 812 1822 837 est
1840 807 1979 845 nubere,
1999 817 2099 848 quam
2121 805 2182 838 uri.

1187 848 1271 881 Cum
1293 850 1393 892 igitur
1416 851 1467 882 ius
1492 850 1640 882 divinum
1663 855 1697 881 et
1727 847 1877 881 naturale
1909 850 2115 891 praecipiant
2136 850 2183 881 uti

1188 891 1345 935 coniugio
1369 894 1535 932 omnibus,
1562 894 1619 935 qui
1642 903 1710 924 non
1734 900 1809 924 sunt
1830 893 1873 923 ad
1892 891 2090 925 coelibatum
2113 893 2183 925 ido

1186 937 1251 975 nei,
1275 942 1307 968 et
1325 937 1534 969 consuetudo
1556 937 1681 978 primae
1694 935 1870 968 Ecclesiae
1894 942 2046 975 testetur,
2066 936 2184 968 Sacer-

1187 980 1285 1012 dotes
1309 978 1416 1012 tuisse
1438 981 1588 1017 maritos,
1613 980 1694 1011 satis
1718 978 1832 1021 liquet,
1856 978 1966 1022 legem
1985 980 2026 1011 de
2039 977 2184 1012 coeliba-

1188 1030 1224 1055 tu
1258 1024 1413 1055 iniustam
1436 1031 1469 1055 et
1492 1022 1695 1055 abolendam
1720 1033 1817 1061 esse,
1851 1028 1884 1054 et
1908 1023 2104 1055 sacerdotes
2129 1022 2185 1065 qui

1189 1067 1315 1098 ducunt
1338 1077 1474 1106 uxores,
1497 1073 1589 1098 recte
1613 1073 1645 1098 et
1668 1067 1722 1107 pie
1745 1064 1869 1097 facere.
1906 1066 1973 1098 Sed
1997 1067 2073 1108 quia
2096 1067 2185 1098 hanc

1187 1110 1399 1142 verissimam
1434 1111 1631 1142 sententiam
1666 1109 1798 1151 quidam
1820 1109 1941 1150 ineptis
1965 1109 2184 1141 cavillationi

1188 1155 1252 1185 bus
1275 1152 1481 1186 labefactare
1505 1160 1679 1191 conantur,
1705 1153 1768 1184 has
1793 1154 1941 1185 breviter
1964 1151 2139 1185 diluemus.

1564 1320 1812 1364 confutatio.

1276 1456 1462 1498 Praecipua
1486 1454 1653 1488 cavillatio
1678 1462 1729 1487 est
1752 1456 1793 1487 de
1816 1462 1907 1490 voto.
1952 1454 2024 1486 Etsi
2047 1461 2184 1496 propter

1188 1510 1273 1543 opes
1296 1506 1329 1532 ct
1352 1500 1566 1543 splendorem
1591 1499 1803 1531 sacerdotum
1827 1499 2014 1530 defenditur
2037 1497 2184 1530 coeliba-

1187 1551 1252 1583 tuS
1287 1551 1398 1576 tamen
1423 1550 1535 1576 votum
1559 1543 1771 1585 praetexitur.
1818 1541 1915 1574 Multi
1938 1541 2099 1580 fatentur,
2123 1541 2183 1573 Sa-

1189 1588 1359 1624 cerdotes,
1393 1588 1420 1619 si
1456 1593 1535 1618 voto
1560 1597 1626 1617 non
1650 1586 1898 1628 impedirentur,
1932 1595 2035 1627 posse
2057 1595 2183 1617 uxores

1189 1632 1323 1670 ducere,
1336 1631 1405 1663 Sed
1429 1631 1506 1672 quia
1528 1637 1642 1661 votum
1665 1630 1822 1668 accessit,
1845 1635 1961 1660 arcent
1983 1638 2043 1660 eos
2066 1639 2086 1660 a
2106 1639 2183 1660 con-

1188 1675 1289 1716 iugio.
1336 1675 1403 1707 Sed
1437 1674 1524 1705 haec
1548 1674 1691 1705 obiectio
1715 1671 1827 1704 multis
1851 1672 2047 1704 firmissimis
2071 1672 2183 1704 causis

1188 1719 1324 1750 refutari
1344 1723 1467 1760 potest.
1514 1717 1566 1748 Ac
1589 1718 1782 1759 priusquam
1805 1717 1847 1748 ad
1870 1714 2104 1748 refutationem
2127 1726 2182 1748 ac-

1190 1763 1286 1800 cedo,
1309 1761 1374 1794 hoc
1398 1758 1536 1803 postulo
1556 1761 1598 1792 ab
1623 1761 1707 1795 istis,
1732 1760 1788 1802 qni
1811 1767 1924 1791 votum
1948 1758 2110 1801 allegant:
2145 1757 2182 1790 Si

1189 1812 1315 1838 tantum
1339 1812 1418 1836 voto
1443 1804 1616 1846 impeditur
1640 1804 1847 1845 coniugium,
1872 1814 1932 1834 cur
1954 1813 2022 1834 non
2045 1801 2182 1834 abolent

1188 1849 1347 1891 Episcopi
1370 1858 1495 1880 morem
1519 1848 1674 1885 vovendi,
1701 1858 1775 1878 cum
1799 1847 1931 1878 videant
1956 1846 2032 1877 inde
2055 1851 2183 1877 tantum

1189 1894 1269 1924 oriri
1293 1884 1482 1923 seddi-um?
1506 1902 1580 1923 cum
1605 1891 1737 1922 videant
1750 1889 1938 1922 Ecclesiam
1962 1890 2046 1921 adeo
2071 1887 2183 1920 desor-

1188 1944 1311 1968 matam
1335 1946 1413 1967 esse
1437 1935 1663 1976 spurcissimis
1687 1935 1834 1965 moribus
1856 1932 2093 1974 plurimorum?
2110 1931 2183 1963 Nec

1190 1980 1324 2011 dubium
1347 1985 1410 2017 est,
1434 1977 1586 2020 singulos
1610 1977 1798 2019 Episcopos
1826 1978 1913 2008 hanc
1937 1976 2080 2007 vovendi
2104 1985 2182 2006 con-

1190 2023 1400 2055 suetudinem
1434 2022 1467 2053 in
1490 2032 1551 2052 sua
1575 2021 1721 2052 dioecesi
1745 2026 1776 2052 et
1800 2030 1903 2062 posse
1927 2026 1960 2052 et
1978 2019 2102 2051 debere
2125 2019 2183 2050 ab

1189 2076 1324 2109 rogare.
1348 2065 1479 2097 Deinde
1502 2064 1585 2096 haec
1610 2071 1679 2096 tota
1703 2064 1912 2096 consuetudo
1930 2062 2073 2095 vovendi
2089 2072 2183 2104 pror-

1189 2120 1248 2142 sus
1272 2109 1427 2141 dissentit
1450 2119 1470 2139 a
1493 2115 1611 2139 natura
1635 2108 1716 2145 voti,
1740 2114 1772 2139 et
1794 2106 1894 2148 plena
1918 2113 1970 2138 est
1987 2106 2183 2148 ambiguita-

1189 2159 1269 2192 tum,
1292 2152 1336 2184 Ut
1359 2151 1558 2194 Hypocrisis
1583 2158 1635 2182 est
1659 2149 1837 2193 flexiloqua
1873 2157 1905 2182 et
1934 2151 2095 2191 ambages
2126 2147 2183 2179 ha

1189 2198 1243 2228 bet
1268 2195 1438 2238 plurimas.
1465 2194 1620 2233 Primum,
1644 2195 1772 2226 etiamsi
1791 2201 1926 2232 vovent,
1944 2200 2053 2225 tamen
2066 2201 2183 2224 omnes

1189 2241 1245 2282 qui
1268 2240 1434 2272 accedunt
1457 2238 1500 2270 ad
1523 2237 1612 2270 hunc
1631 2239 1784 2280 gradum,
1808 2236 1946 2269 mallent
1969 2247 2036 2268 non
2047 2245 2184 2272 vovere,

1190 2282 1303 2316 dolent
1338 2283 1426 2314 vitae
1460 2292 1568 2324 genus
1603 2288 1776 2313 oneratum
1812 2291 1890 2312 esse
1924 2280 1988 2312 hac
2012 2279 2183 2312 servitute.

1190 2326 1309 2365 Porro,
1334 2326 1410 2357 Non
1435 2332 1485 2357 est
1511 2331 1640 2363 votum,
1663 2325 1754 2367 quod
1777 2334 1844 2355 non
1868 2331 1919 2356 est
1950 2322 2183 2355 voluntarium.

1190 2369 1411 2412 Temporibus
1434 2369 1519 2401 haec
1542 2374 1678 2409 recepta
1701 2375 1790 2405 sunt,
1814 2374 1845 2399 et
1866 2366 2061 2399 confirmata
2074 2375 2185 2398 exem

1192 2412 1258 2455 plis
1280 2412 1459 2446 multorum
1481 2419 1513 2444 et
1537 2418 1718 2454 potentum.
1747 2411 1839 2443 Ilaec
1862 2410 2024 2453 reliquum
2048 2408 2185 2451 wilgus,

1193 2463 1230 2489 ut
1262 2455 1350 2488 solet
1383 2456 1467 2496 fieri,
1500 2456 1655 2487 imitatur.
1701 2454 1769 2487 Sed
1802 2465 1857 2486 res
1891 2455 1966 2496 ipsa
1988 2453 2142 2492 dissentit
2163 2461 2187 2484 a

1195 2506 1314 2532 natura
1348 2502 1426 2532 voti.
1474 2500 1600 2531 Omnes
1635 2499 1721 2530 enim
1755 2499 1828 2529 sani
1861 2496 1997 2530 mallent
2020 2497 2083 2528 sibi
2106 2505 2185 2528 con

1541 2543 1609 2574 Sed
1633 2542 1804 2573 videamus
1823 2542 1988 2584 ambigua.
2033 2539 2114 2572 Scio
2137 2538 2184 2570 di

1197 2544 1271 2576 cedi
1296 2544 1495 2586 coniugium.
1972 2582 2013 2615 A'
2072 2583 2093 2614 d

2006 2584 2039 2617 .
2095 2583 2185 2616 icunt

1195 2588 1304 2620 versis
1339 2588 1446 2619 modis
1480 2587 1621 2628 proponi
1656 2583 1902 2628 obligationem.

2312 2494 2335 2559 28'
2312 2263 2337 2468 ,-
2317 2140 2337 2247 mae-gr
2326 2119 2332 2124 .
