2383 2990
154 140 198 172 73

852 137 891 170 11.
914 137 1106 169 EXAMEN
1129 135 1510 168 ORDINANDORUM.

2146 134 2189 164 74

153 234 268 266 Lucae
293 233 344 265 18.
390 233 531 275 Oportet
559 243 691 274 semper
714 243 831 271 orare,
861 239 893 265 et
916 243 983 264 non
1007 232 1151 274 langue:
1197 231 1383 262 moratione
1408 241 1448 262 ac
1471 228 1685 271 professione
1707 228 1799 261 alere
1822 235 1854 260 et
1877 227 2075 260 confirmare
2097 229 2188 271 agni-

153 278 236 316 fieri,
259 282 323 308 etc.

241 337 314 368 Hae
338 337 474 379 regulae
497 348 563 368 non
588 336 696 368 solum
721 337 761 367 do
780 343 942 377 tempore,
967 336 1027 366 sed
1047 336 1144 366 etiam

154 381 196 412 de
220 379 294 411 aliis
325 381 579 412 circumstantiis
610 380 856 422 intelligantur,
893 378 1066 416 videlicet,
1102 379 1144 409 de

152 424 252 455 modo
276 422 501 461 liberationis,
526 425 567 454 de
595 425 761 465 personis.
808 422 870 460 Ut,
901 423 1020 464 Longe
1048 421 1145 452 aliter

154 466 284 498 liberati
308 474 385 498 sunt
402 466 535 508 loseph,
559 467 669 504 lonas,
694 473 725 497 et
746 464 874 507 plurimi
892 467 1045 496 omnibus
1064 471 1144 496 tem-

152 511 304 551 poribus,
328 521 426 551 quam
450 511 513 551 ipsi
537 511 784 551 cogitaverunt,
810 515 844 540 ut
868 507 1004 539 Psalmo
1020 509 1073 539 71.
1098 508 1144 538 di-

153 555 256 585 citur:
292 553 462 585 Liberavit
495 563 692 594 pauperem,
728 553 779 583 cui
804 564 869 583 non
901 558 972 592 erat
1001 552 1144 582 adiutor.

152 595 288 628 Psalmo
312 597 364 628 26.
411 597 509 628 Pater
533 603 565 627 et
587 596 694 626 Mater
719 595 966 637 dereliquerunt
990 606 1053 632 nie,
1076 594 1145 625 Do-

152 641 262 672 minus
293 646 404 671 autem
438 640 588 680 suscepit
611 650 672 670 me.
718 638 759 669 Et
789 640 820 670 in
852 640 940 669 dicto
973 637 1145 679 iosaphat:

154 682 237 714 Cum
258 684 438 721 nescimus,
463 683 540 724 quid
564 684 730 724 agendum
754 683 813 720 sit,
844 681 944 714 Oculi
973 682 1079 712 nostri
1104 681 1146 712 ad

154 732 187 757 te
212 727 303 757 Deus
324 733 449 763 noster,
474 733 537 757 etc.

337 874 448 924 Quid
480 882 542 914 est
575 873 806 914 Gratiarum
841 875 973 914 actio?

240 973 455 1015 Respondeo.
501 974 537 1005 ln
562 984 685 1016 genere
710 980 761 1004 est
785 973 965 1014 professio,
988 974 1077 1005 unde
1102 974 1145 1004 sit

154 1024 328 1059 acceptum
349 1018 557 1054 beneficium,
581 1024 611 1047 et
633 1023 683 1047 est
705 1016 856 1058 obligare
876 1028 952 1048 sese
970 1018 1012 1048 ad
1033 1025 1145 1048 mutua

153 1060 276 1092 officia.
328 1061 411 1092 Nam
448 1060 622 1091 Gratitudo
658 1066 706 1090 est
744 1061 848 1091 xirtus
885 1062 1069 1101 composita
1104 1071 1145 1091 ex

153 1105 284 1135 duabus
312 1105 450 1135 summis
481 1104 668 1141 vii-tunimo,
693 1103 841 1142 scilicet,
871 1115 911 1134 cx
935 1103 1083 1134 veritate
1112 1110 1143 1134 et

152 1147 288 1178 lustitia.
335 1147 468 1178 Veritas
491 1147 684 1188 profitetur,
714 1148 801 1177 unde
825 1147 865 1177 sit
891 1155 1065 1188 acceptum
1089 1148 1144 1177 be-

152 1190 321 1222 neficium.
367 1190 493 1221 lustitia
518 1196 667 1230 praestat
690 1197 803 1220 mutua
826 1190 949 1221 officia.
983 1190 1075 1232 Ergo
1099 1191 1145 1221 in-

153 1240 269 1276 gratus
294 1239 326 1264 et
349 1234 491 1264 mendax
515 1239 547 1264 et
570 1234 710 1264 iniustus·
736 1240 798 1264 est.

239 1301 322 1332 Vult
345 1307 454 1333 autem
476 1301 570 1332 Deus
594 1300 735 1342 intelligi
759 1302 800 1331 ab
824 1300 1012 1332 hominibus
1038 1301 1145 1332 Grati-

152 1345 311 1382 tudinem,
336 1351 370 1376 ut
395 1355 468 1375 eam
492 1355 573 1385 erga
591 1345 699 1384 ipsum
718 1345 896 1384 praecipue
914 1355 1144 1383 exerceamuS,

152 1394 186 1420 et
208 1389 312 1418 simus
337 1397 418 1429 erga
442 1388 549 1428 ipsum
573 1397 714 1418 veraces
739 1392 770 1417 et
795 1386 948 1418 officiosi.

240 1455 291 1487 Ac
316 1456 401 1486 sicut
424 1455 617 1496 petitionem
642 1456 673 1486 in
694 1456 906 1487 invocatione
924 1455 1084 1497 postulat,
1109 1462 1144 1487 ut

151 1508 377 1541 agnoscamus
418 1509 495 1529 esse
528 1498 653 1537 Deum,
695 1506 725 1529 et
762 1510 840 1530 esse
875 1500 1144 1542 omnipotentem,

151 1548 372 1584 praesentem,
396 1541 639 1582 opitulatorem,
665 1548 700 1573 ut
718 1543 749 1573 in
769 1542 825 1573 tali
845 1544 1015 1584 agnitione
1035 1554 1071 1574 se
1086 1554 1144 1574 no-

152 1586 203 1616 bis
228 1586 461 1616 communicet:
494 1585 542 1616 lta
571 1584 759 1616 Gratiarum
789 1587 953 1625 actionem
982 1585 1142 1627 postulat,

151 1634 187 1660 ut
205 1634 399 1669 perseveret
417 1627 501 1659 haec
526 1638 606 1659 vera
625 1629 768 1671 agnitio,
794 1635 829 1660 ut
854 1630 1015 1670 deinceps
1046 1630 1144 1661 ctiam

152 1681 229 1703 sese
252 1673 350 1703 nobis
369 1672 601 1703 communicet.

237 1739 300 1771 Est
323 1750 406 1782 ergo
431 1739 621 1771 Gratiarum
645 1741 732 1771 actio
753 1751 836 1782 erga
858 1741 966 1772 Deum
991 1741 1141 1780 Veritas,

151 1794 238 1825 quae
261 1783 454 1824 profitetur,
491 1790 631 1824 accepta
654 1794 730 1814 esse
753 1794 772 1815 a
795 1784 870 1816 Deo
896 1786 1076 1822 beneficia,
1112 1791 1142 1816 et

151 1837 232 1858 vere
256 1836 333 1857 esse
357 1826 482 1863 Deum,
517 1825 595 1857 esse
619 1828 896 1868 omnipotemem,
932 1834 1142 1869 praesentem

151 1876 185 1901 et
208 1868 452 1911 opitulatorem.
484 1869 524 1899 Et
549 1875 601 1900 est
625 1880 709 1910 opus
734 1870 892 1909 lustitiae,
916 1881 981 1912 qua
1007 1878 1038 1902 te
1061 1870 1144 1902 obli-

152 1923 214 1956 gas
239 1914 282 1944 ad
306 1913 417 1944 officia
440 1912 514 1943 Deo
533 1923 645 1954 grata.

240 1981 323 2013 Cum
352 1982 452 2023 igitur
475 1981 685 2013 Mendacium
709 1988 741 2013 et
765 1982 926 2013 iniustitia
950 1983 1013 2014 sint
1039 1982 1144 2013 horri-

151 2024 230 2057 bilia
252 2031 401 2066 peccata,
425 2023 635 2056 manifestum
667 2032 736 2064 est,
760 2026 1035 2067 ingratitudinem
1061 2036 1143 2068 erga

150 2068 260 2099 Deum
284 2078 360 2099 esse
384 2068 587 2099 horrendum
610 2067 731 2100 scelus.
780 2069 835 2107 Ut,
859 2080 933 2100 cum
953 2068 1146 2100 Alexander

153 2112 280 2152 cogitat
310 2121 389 2142 casu
413 2118 468 2142 aut
495 2122 555 2142 sua
578 2113 700 2143 virtute
721 2114 852 2154 partum
883 2123 961 2144 esse
992 2124 1144 2154 regnum,

151 2164 215 2185 nec
239 2153 362 2185 fatetur
384 2166 404 2185 a
423 2154 497 2186 Deo
522 2156 635 2186 datum
653 2166 742 2193 esse,
766 2157 907 2187 mendax
932 2162 994 2195 est,
1019 2163 1051 2187 et
1076 2157 1144 2198 qui-

152 2197 227 2227 dem
247 2203 363 2228 contra
378 2197 496 2228 Deum.
527 2197 652 2229 Postea
672 2198 707 2230 fit
731 2200 885 2238 iniustus,
908 2210 974 2230 non
1000 2200 1143 2230 reddens

151 2239 227 2271 Deo
247 2239 391 2271 officium
411 2241 568 2280 debitum,
593 2253 667 2273 cum
684 2242 776 2274 iubet
794 2253 871 2274 sese
893 2242 957 2274 coli
977 2248 1011 2274 ut
1024 2242 1142 2274 Deum.

238 2308 290 2339 Ex
307 2307 370 2339 hac
389 2308 506 2349 puerili
527 2310 846 2343 commonefactione
865 2318 897 2343 et
917 2312 1143 2353 descriptione

153 2352 372 2383 Gratitudinis
403 2351 542 2394 intelligi
571 2360 701 2394 potest,
739 2356 882 2386 maxime
912 2356 1143 2386 nei-essarium

153 2394 278 2426 cultum
320 2405 397 2425 esse
431 2396 679 2428 Gratitudinem.
737 2397 778 2429 Et
825 2410 898 2430 cum
941 2399 1143 2440 extinguitur

152 2439 277 2480 agnitio
301 2438 364 2469 Dei
386 2439 419 2469 in
442 2440 594 2480 ingratis,
617 2439 709 2471 Deus
733 2442 851 2473 desinit
875 2453 912 2473 se
932 2443 980 2473 eis
999 2452 1143 2473 commu-

151 2483 278 2514 nicare.
325 2482 417 2513 Sicut
448 2481 642 2525 plerumque
667 2486 776 2516 securi
800 2486 951 2516 homines
980 2491 1057 2526 post
1087 2496 1142 2516 ac-

152 2531 250 2566 cepta
274 2525 435 2556 beneficia
457 2524 584 2568 ,ludunt
607 2526 729 2558 talibus
761 2529 1032 2570 cogitationibus:
1063 2527 1142 2559 For-

151 2569 253 2599 tassis
278 2579 360 2600 casu
383 2568 542 2601 liberatus
567 2579 621 2608 es,
646 2578 707 2602 etc.
753 2571 802 2603 Ita
825 2574 978 2603 amittunt
1001 2572 1142 2613 agnitio-

150 2621 228 2644 nem
244 2611 320 2650 Dei,
344 2618 376 2644 et
398 2613 612 2654 praesentiae
623 2612 700 2652 Dei,
725 2625 800 2646 cum
823 2616 975 2657 sequenti
1000 2625 1142 2648 comme-

1196 275 1319 305 tionem
1338 273 1403 305 Dei
1427 281 1459 305 et
1481 274 1593 305 Fidem
1617 274 1788 305 deberent.

1286 334 1369 366 Cum
1393 335 1493 375 igitur
1507 335 1686 376 gratiarum
1710 334 1798 364 actio
1821 333 1863 363 sit
1886 332 2100 363 necessarius
2121 330 2189 362 cul-

1198 384 1263 416 tus,
1281 377 1476 419 plerumque
1489 384 1665 419 praecepta
1686 378 1861 408 coniuncta
1874 382 1952 406 sunt
1972 376 2012 406 de
2032 375 2190 415 petitione

1198 428 1228 451 et
1254 421 1443 451 Gratiarum
1463 421 1611 458 actione,
1644 422 1718 462 quia
1747 427 1886 461 utraque
1918 419 2111 450 necessaria
2140 423 2190 449 est

1198 465 1239 495 ad
1263 464 1465 505 agnitionem
1490 464 1563 494 Dei.
1613 462 1745 495 Psalmo
1769 463 1820 494 46.
1857 463 1979 493 invoca
2003 472 2056 492 me
2080 463 2112 492 in
2137 462 2190 492 die

1198 506 1435 545 tribulationis,
1462 507 1597 548 eripiam
1622 513 1664 545 te,
1691 513 1723 537 et.
1746 506 1953 548 glorificabis
1973 516 2036 543 me,
2060 511 2123 536 etc.

1286 576 1430 607 Prodest
1454 581 1564 607 autem
1589 574 1920 606 commonefaetionis
1944 585 2058 612 causa,
2084 574 2190 615 quoti-

1199 620 1252 650 die
1275 620 1448 660 expressis
1474 620 1585 650 vcrbis
1615 625 1645 649 et
1677 626 1767 650 certa
1798 617 1903 649 forma
1932 619 2110 649 verborum
2138 627 2190 648 re-

1199 664 1302 694 citare
1326 663 1508 705 gratiarum
1530 663 1706 693 actionem.

1242 810 1447 852 FORMA
1480 810 1828 851 GRATIARUM
1860 808 2130 851 ACTIONIS

1336 873 1419 912 AD
1453 871 1769 912 AETERNUM
1802 870 2047 911 PATREM.

1287 956 1580 996 Omnipotens,
1615 961 1770 991 aeterne,
1805 954 1881 985 vive
1912 961 1944 985 et
1975 964 2055 985 vere
2083 953 2189 991 Deus,

1198 1004 1335 1030 aeterne
1360 998 1458 1029 Pater
1481 998 1613 1029 Domini
1638 998 1743 1028 nostri
1767 997 1861 1028 lesu
1885 997 2062 1034 Christi,
2099 1007 2190 1029 crea-

1198 1048 1252 1073 tor
1276 1041 1361 1073 coeli
1386 1049 1415 1072 et
1440 1049 1561 1079 terrae,
1586 1048 1617 1071 et
1638 1040 1816 1078 hominum,
1841 1048 1872 1072 et
1897 1041 2041 1072 omnium
2063 1047 2191 1071 creatu-

1200 1097 1322 1123 rarum,
1348 1092 1379 1116 et
1404 1091 1635 1121 conservator,
1660 1086 1757 1115 dator
1780 1085 1879 1122 vitae,
1902 1083 1986 1126 legis
2011 1090 2041 1114 et
2061 1084 2191 1124 sapien-

1199 1130 1283 1167 tiae,
1319 1135 1351 1159 et
1385 1127 1583 1169 opitulator,
1614 1138 1683 1158 una
1711 1138 1785 1158 cum
1809 1127 1892 1158 Filio
1918 1135 1973 1159 tuo
2000 1134 2190 1165 coaeterno,

1198 1172 1343 1203 Domino
1367 1179 1484 1201 nostro
1507 1171 1598 1201 lesu
1622 1170 1815 1209 Christo,
1843 1171 1921 1214 λόγῳ
1946 1174 1996 1201 καὶ
2020 1170 2113 1201 εἰκόνι
2136 1181 2190 1200 σου

1199 1215 1303 1257 ἀϊδίῳ,
1328 1222 1358 1246 et
1381 1215 1539 1254 Spiritu
1563 1221 1712 1244 sancto
1731 1220 1798 1252 tuo,
1820 1214 1926 1245 effuso
1947 1216 1978 1245 in
1992 1212 2190 1255 Apostolos,

1200 1266 1295 1289 casto
1320 1264 1352 1289 et
1375 1259 1498 1295 veraci,
1518 1258 1663 1298 sapiens,
1688 1258 1790 1295 bone,
1816 1268 1931 1295 verax,
1954 1258 2055 1295 iuste,
2079 1257 2190 1294 iudex,

1199 1302 1405 1339 misericors,
1429 1308 1535 1338 caste,
1561 1300 1740 1338 liberrime,
1765 1301 1822 1331 tibi
1848 1302 1975 1342 gratias
1998 1311 2075 1342 ago,
2101 1300 2192 1341 quod

1199 1343 1358 1375 revelasti
1382 1351 1414 1375 te
1440 1345 1556 1381 nobis,
1581 1344 1669 1384 quod
1694 1344 1811 1375 misisti
1836 1344 1971 1382 filium,
2002 1350 2034 1375 et.
2058 1343 2193 1374 voluisti

1199 1398 1272 1418 eum
1287 1398 1460 1418 assumere
1474 1388 1648 1418 humanam
1668 1393 1819 1418 naturam
1834 1385 2046 1418 inenarrabili
2061 1388 2191 1428 sapien-

1198 1432 1242 1462 tia
1267 1437 1298 1461 et
1323 1432 1481 1467 bonitate,
1507 1436 1538 1461 et
1564 1430 1633 1460 fieri
1648 1431 1813 1461 victimam
1833 1442 1893 1471 pro
1915 1431 2024 1468 nobis,
2050 1431 2105 1471 qui
2125 1428 2192 1461 col-

1198 1473 1276 1516 ligis
1294 1480 1462 1505 aeternam
1476 1472 1676 1511 Ecclesiam,
1696 1480 1727 1503 et
1747 1474 1836 1515 quod
1857 1475 1942 1505 inter
1960 1485 2022 1505 nos
2043 1473 2189 1515 colligis,

1198 1528 1317 1548 servas
1341 1515 1761 1558 ministeriumEvangelii,
1787 1517 1847 1548 das
1860 1517 2017 1558 Spiritum
2038 1523 2192 1548 sanctum

1199 1567 1230 1591 et
1253 1561 1354 1591 vitam
1377 1568 1558 1598 aeternam,
1584 1567 1615 1591 et
1640 1561 1729 1602 quod
1754 1561 1813 1591 das
1834 1562 1932 1592 nobis
1952 1562 2039 1591 bona
2058 1560 2192 1601 corpori

1198 1611 1315 1635 nostro
1340 1605 1550 1642 necessaria,
1576 1610 1607 1635 et
1629 1605 1761 1645 mitigas
1786 1614 1826 1635 ac
1851 1602 1941 1635 tollis
1965 1614 2111 1645 poenas,
2135 1604 2191 1634 de-

1198 1648 1298 1689 nique
1321 1657 1382 1689 pro
1408 1648 1560 1678 omnibus
1581 1648 1751 1678 beneficiis
1765 1647 1891 1678 animae
1905 1654 1937 1678 et
1951 1648 2113 1689 corporis,
2126 1652 2189 1678 etc.

1353 1797 1437 1837 AD
1470 1795 1787 1837 AETERNUM
1818 1797 1850 1836 F
1852 1796 2026 1838 ILIUM.

1285 1880 1362 1922 Ago
1387 1880 1443 1910 tibi
1467 1880 1593 1921 gratias
1618 1880 1828 1920 omnipotens
1852 1879 1914 1910 Fili
1945 1879 2026 1918 Dei,
2048 1879 2190 1911 Domine

1198 1923 1292 1954 Iesu
1322 1922 1506 1961 Christe,
1542 1924 1680 1954 verbum
1712 1930 1743 1953 et
1772 1924 1884 1965 imago
1915 1924 2042 1954 aeterni
2067 1923 2188 1962 Patris,

1199 1965 1357 1998 crucifixe
1381 1977 1442 2008 pro
1466 1967 1575 2004 nobis,
1600 1972 1630 1997 et
1655 1967 1865 2004 resuscitate,
1890 1973 1966 1997 nate
1986 1978 2025 1998 ex
2046 1967 2188 2009 virgine,

1197 2009 1375 2048 Emanuel,
1406 2010 1529 2041 sedens
1561 2011 1603 2041 ad
1634 2009 1782 2040 dextram
1808 2011 1933 2040 aeterni
1958 2009 2086 2048 Patris,
2119 2008 2188 2041 col-

1197 2053 1306 2095 ligens
1338 2060 1369 2084 et
1394 2064 1535 2084 servans
1559 2059 1727 2084 aeternam
1752 2052 1938 2084 Ecclesiam
1970 2064 2055 2085 voce
2079 2053 2189 2084 Evan-

1198 2096 1294 2139 gelii,
1323 2097 1413 2138 quod
1437 2095 1627 2138 patefecisti
1651 2097 1748 2127 nobis
1777 2098 1904 2127 aeterni
1930 2097 2038 2128 Patris
2063 2098 2188 2127 miseri·

1199 2141 1363 2177 cordiam,
1399 2146 1429 2170 et
1453 2141 1623 2170 decretum
1647 2140 1688 2170 ‹le
1713 2140 1957 2181 redemptione,
1993 2146 2024 2171 et
2055 2150 2188 2181 semper

1198 2182 1364 2225 collegisti
1379 2181 1576 2221 Ecclesiam,
1603 2189 1635 2214 ct
1659 2184 1871 2224 assumpsisti
1895 2182 2069 2214 humanam
2094 2189 2188 2215 natu-

1196 2238 1285 2265 ram,
1310 2237 1347 2257 es
1370 2227 1552 2264 Mediator,
1578 2225 1799 2267 Redemptor,
1830 2226 2030 2259 iustificator
2059 2232 2091 2258 et
2115 2225 2188 2257 Sal-

1196 2276 1305 2307 vator,
1331 2280 1367 2301 es
1386 2280 1534 2301 summus
1548 2271 1725 2307 Sacerdos,
1749 2280 1882 2311 semper
1899 2271 2109 2301 intercedens
2126 2280 2187 2311 pro

1195 2314 1304 2351 nobis,
1329 2314 1412 2344 dans
1439 2312 1753 2354 vocemEvang-elii,
1778 2320 1809 2344 et
1829 2324 1866 2344 es
1891 2311 2010 2344 efficax
2026 2323 2185 2354 peream,

1196 2362 1227 2388 et
1251 2358 1312 2388 das
1335 2356 1566 2387 remissionem
1590 2363 1825 2397 peccatorum,
1857 2362 1889 2387 et
1919 2367 1956 2387 es
1987 2367 2062 2394 rex,
2093 2354 2186 2387 eolli-

1196 2410 1293 2441 gens,
1316 2410 1458 2430 servans
1481 2406 1512 2430 et
1537 2406 1716 2441 protegens
1739 2398 1944 2436 Ecclesiam,
1974 2405 2004 2430 et
2028 2400 2088 2430 das
2113 2399 2186 2440 Spi-

1196 2444 1292 2474 ritum
1328 2450 1481 2474 sanctum
1516 2443 1574 2481 iis,
1610 2444 1665 2484 qui
1707 2443 1749 2473 ad
1791 2449 1822 2473 te
1854 2448 2111 2481 convertuntur,
2153 2447 2186 2473 et

1195 2485 1368 2528 Evangelii
1392 2497 1476 2517 voce
1499 2496 1538 2517 se
1561 2492 1760 2524 sustentant,
1783 2492 1814 2517 et
1836 2487 2014 2517 restituens
2036 2487 2068 2517 in
2086 2486 2185 2517 nobis

1194 2530 1352 2561 iustitiam
1375 2536 1407 2561 et
1429 2531 1529 2561 vitam
1553 2535 1732 2567 aeternam,
1758 2530 1818 2560 das
1841 2529 1948 2560 lucem
1966 2530 1999 2560 in
2024 2528 2184 2567 consiliis,

1195 2571 1400 2604 intellectum
1423 2573 1516 2604 verbi
1541 2573 1606 2610 tui,
1630 2571 1770 2614 depellis
1792 2570 1977 2611 Diabolus,
2002 2573 2062 2604 das
2087 2573 2184 2604 etiam

1196 2617 1284 2648 bona
1304 2617 1438 2658 corpori
1460 2617 1671 2654 necessaria,
1697 2622 1761 2647 etc.
