2383 2990
180 135 246 168 313

179 232 257 262 tiam
280 228 498 272 spiritualem,
529 230 726 271 sapientem,
760 241 928 269 veracem,
963 231 1098 268 bonam,
1128 231 1175 262 iu-

179 280 277 310 stam,
303 272 489 315 aequalem,
513 280 653 311 castam,
679 273 882 312 beneficam,
918 275 968 305 sic
998 273 1063 304 hae
1099 285 1175 315 pro-

179 317 366 359 positiones
401 324 480 348 sunt
513 323 689 348 aeternae:
725 317 821 348 Deus
851 316 923 349 vult
955 318 988 348 in
1013 318 1174 348 creaturis

178 359 398 392 rationalibus
434 360 639 398 castitatem,
679 359 774 391 Deus
811 361 997 392 detestatur
1032 361 1174 391 iniustas

179 404 314 442 caedes,
349 414 456 445 vagas
491 402 658 435 libidines.
721 403 783 435 Est
809 414 889 446 ergo
914 414 979 435 una
1003 410 1035 434 et
1059 404 1174 434 eadem

177 446 241 479 Dei
265 447 426 488 sapientia
452 454 484 478 et
508 448 645 485 institia,
670 458 757 488 quae
784 446 895 478 cultus
919 447 1046 488 primae
1070 453 1101 478 et
1122 457 1175 478 se-

180 491 311 522 cundae
335 489 470 522 tabulae
495 490 643 536 copulat,
668 497 700 521 et
723 491 756 521 in
780 491 878 521 nobis
903 489 973 522 vult
1005 491 1172 532 coniungi.

266 567 357 599 Haec
382 575 552 610 utcunque
577 578 712 599 monere
737 566 838 605 volui,
859 574 890 599 et
915 569 1066 599 existimo
1086 569 1175 610 cogi-

177 612 338 643 tationem
363 613 404 643 (le
427 623 464 643 re
485 618 574 643 tanta
598 613 660 653 piis
685 611 799 642 utilem
825 622 912 642 esse.
961 612 1036 642 ldeo
1062 619 1172 643 autem

177 654 263 686 haec
287 654 457 687 excellens
493 655 654 697 sapientia
680 656 777 686 nobis
802 656 832 686 in
859 654 921 686 hac
946 654 1091 696 caligine
1116 656 1174 686 ob-

177 699 309 730 scurior
343 705 412 737 est,
448 700 523 741 quia
547 698 657 741 legem
681 710 747 730 non
772 699 854 730 satis
879 697 1106 741 intelligimus,
1143 705 1173 729 et

177 748 305 773 tantum
318 741 480 774 habemus
494 741 760 784 qualemcunque
773 743 1043 783 imaginationem
1068 740 1174 783 philo-

177 785 353 827 sophicam
388 797 449 817 seu
483 785 665 826 politicam,
690 792 722 816 et
746 796 812 817 non
839 787 1038 828 cogitamuS,
1075 796 1174 816 unam

178 835 210 860 et
235 830 375 860 eandem
398 829 461 861 Dei
496 830 693 871 sapientiam
717 836 748 860 et
773 830 930 861 iustitiam
951 840 1027 860 esse
1052 835 1174 860 utram—

178 883 243 915 que
267 872 427 904 tabulam.

265 950 336 982 Etsi
371 957 482 982 autem
516 957 549 982 at
585 952 830 983 enarrationem
866 962 1028 993 propero,
1064 957 1173 982 tamen

175 993 242 1025 hoc
265 994 410 1035 praefari
436 995 535 1026 etiam
559 1005 702 1026 neeesse
739 1002 807 1026 est:
842 994 989 1036 Requirit
1025 1001 1057 1026 et
1089 994 1174 1026 haec

177 1038 325 1070 secunda
350 1038 462 1070 tabula
483 1049 549 1069 non
574 1038 684 1069 solum
698 1046 835 1070 externa
850 1049 965 1080 opera,
991 1039 1052 1069 sed
1077 1039 1174 1069 etiam

174 1083 365 1114 interiorem
389 1083 619 1113 rectitudinem
644 1083 765 1114 cordis.
836 1085 879 1114 lta
906 1092 1095 1124 congruere
1120 1082 1174 1113 dc-

176 1127 301 1157 bebant
324 1125 469 1157 humana
494 1126 596 1156 corda
623 1136 697 1157 cum
721 1125 798 1168 lege
822 1126 897 1164 Dei,
923 1126 987 1156 ho(-
1009 1133 1072 1163 est,
1099 1136 1174 1157 cum

175 1169 341 1210 sapientia
366 1176 397 1200 et
421 1170 545 1200 iustitia
568 1169 644 1207 Dei,
681 1180 721 1200 ne
740 1170 902 1200 haberent
928 1168 1172 1207 inclinationes,

176 1212 328 1251 affectus,
353 1218 407 1243 aut
427 1213 579 1243 actiones
605 1220 723 1243 contra
748 1212 837 1244 hunc
863 1213 1024 1251 ordinem,
1050 1214 1081 1244 in
1107 1223 1172 1255 quo

176 1257 310 1287 condita
334 1262 396 1295 est,
418 1262 450 1287 et
473 1258 528 1298 qui
553 1257 584 1287 in
609 1255 685 1298 lege
709 1267 894 1298 expressus
919 1263 982 1287 est.

262 1333 334 1365 Etsi
359 1340 468 1365 autem
492 1333 665 1365 horribilis
691 1341 741 1365 est
768 1335 976 1365 contumacia
1002 1340 1032 1365 et
1058 1333 1172 1366 confu-

173 1378 226 1409 sio
255 1376 353 1408 huius
378 1378 504 1409 ordinis
529 1379 560 1408 in
586 1384 703 1408 natura
728 1377 910 1415 hominnm,
942 1384 975 1409 ut
1001 1379 1172 1419 experien-

173 1421 219 1452 tia
243 1421 406 1459 ostendit,
431 1427 539 1452 tamen
570 1421 603 1451 in
628 1422 752 1452 renatis
777 1420 886 1462 placet
912 1421 1068 1452 inchoata
1094 1423 1171 1452 obe-

173 1465 308 1502 dientia,
340 1470 376 1496 ut
411 1475 514 1505 supra
545 1465 707 1502 diximus,
744 1471 774 1496 et
800 1463 883 1495 infra
909 1476 1026 1496 rursus
1052 1466 1171 1496 dicturi

174 1518 304 1546 sumus,
339 1518 413 1539 cum
448 1509 577 1539 accedit
612 1507 781 1539 inchoatio
805 1509 927 1550 prioris
952 1508 1103 1547 tabulae,
1139 1515 1171 1540 et

171 1551 346 1593 praelucet
371 1552 495 1594 agnitio
520 1550 591 1583 Filii
615 1551 691 1589 Dei,
728 1563 792 1594 qua
816 1552 918 1583 credit
942 1553 1171 1594 uniusquisque

171 1606 354 1638 personam
378 1595 629 1627 reconciliatam
653 1606 749 1634 esse,
785 1602 815 1627 ct
841 1595 976 1637 placere
997 1596 1071 1627 Deo
1096 1607 1171 1637 pro-

171 1645 247 1681 pter
272 1639 490 1671 Mediatorem
515 1639 592 1678 fide,
627 1646 657 1671 et
682 1640 802 1671 deinde
826 1638 927 1670 refert
954 1640 1036 1671 haec
1062 1639 1170 1682 politi-

172 1693 213 1715 ca
237 1693 341 1724 opera
365 1683 407 1714 ad
432 1683 520 1714 hunc
545 1682 656 1721 finem,
681 1690 715 1714 ut
739 1683 815 1714 Deo
840 1691 987 1725 praestet
1012 1685 1170 1715 obedien-

173 1727 252 1757 tiam
275 1727 308 1757 in
332 1725 384 1757 his
408 1727 609 1765 actionibus,
646 1734 677 1758 et
700 1733 736 1758 ut
761 1728 793 1758 in
817 1726 882 1758 hac
906 1728 1095 1758 obedientia
1115 1739 1169 1759 cx-

162 1775 351 1808 erceantur
369 1770 467 1808 fides,
501 1771 681 1809 invocatio,
718 1780 810 1812 spes,
845 1778 877 1801 et
906 1770 992 1802 aliae
1016 1772 1169 1810 virtutes,

166 1811 207 1845 'et
230 1811 340 1844 luceat.
373 1814 532 1845 universa
567 1813 756 1852 confessio,
793 1815 879 1845 sicut
914 1816 1076 1855 scriptum
1101 1821 1168 1846 est:

173 1856 304 1889 Luceat
327 1855 383 1888 lux
409 1864 527 1888 vestra
547 1867 659 1889 corani
684 1858 885 1896 hominibus,
909 1865 944 1890 ut
963 1858 1171 1900 glorificetur

172 1899 274 1932 Pater
309 1907 423 1932 vester
457 1900 628 1940 coelestis,
663 1908 698 1932 ut
723 1902 819 1932 etiam
845 1900 899 1932 alii
924 1902 1104 1934 invitentur
1127 1903 1170 1934 ad

171 1954 287 1976 veram
311 1945 513 1986 agnitionem
538 1952 570 1977 et
594 1946 841 1976 invocationem
863 1945 937 1976 Dei.
1055 1950 1058 1952 ’

259 2022 302 2055 Et
326 2034 401 2055 cum
425 2022 510 2055 haec
534 2022 649 2055 tabula
671 2024 854 2066 praecipiat
876 2025 917 2055 de
935 2025 1003 2055 vita
1021 2023 1168 2066 politica,

171 2072 205 2098 et
227 2067 313 2098 haec
337 2067 412 2109 ipsa
435 2078 513 2105 vox,
538 2066 671 2109 Diligas
685 2069 872 2108 proximum
885 2069 972 2100 sicut
993 2075 1023 2099 te
1047 2069 1167 2110 ipsum,

171 2111 215 2142 sit
236 2121 355 2142 norma
380 2111 642 2143 consociationis
666 2112 850 2150 hominum,
875 2118 906 2143 et
921 2112 1014 2143 Deus
1039 2113 1070 2144 in
1096 2114 1168 2154 ipsa

172 2155 400 2196 generatione,
425 2156 635 2193 educatione,
660 2161 693 2186 et
717 2154 913 2187 defensione
944 2157 1032 2187 vitae
1056 2156 1168 2187 osten-

171 2198 239 2231 dat.
260 2209 327 2229 non
353 2209 457 2240 posse
480 2197 634 2230 homines
658 2200 730 2230 sine
754 2201 1019 2242 congregatione
1043 2201 1167 2239 vivere,

171 2241 479 2274 manifestissimum
503 2248 555 2273 est
573 2253 653 2274 vere
676 2241 881 2274 voluntatem
908 2244 970 2274 Dei
1001 2254 1097 2282 esse,
1132 2251 1168 2276 ut

172 2285 209 2323 in,
228 2285 363 2327 politica
388 2287 456 2317 vita
479 2286 644 2324 vivamus,
677 2297 743 2318 nec
767 2287 868 2319 abditi
893 2288 924 2318 in
949 2287 1099 2319 latebras
1118 2287 1167 2320 fu-

171 2330 300 2371 giamus
326 2335 481 2361 caeteros
504 2329 669 2361 homines.

259 2407 336 2438 Non
361 2407 432 2439 vult
450 2406 546 2438 Deus
571 2406 762 2440 Samuelem
781 2415 838 2440 aut
862 2408 1037 2441 Danielem
1060 2409 1167 2442 latere

170 2451 204 2482 in
228 2449 407 2482 solitudine
426 2457 483 2482 aut
497 2461 602 2493 specu
614 2450 738 2493 aliquo,
763 2458 794 2484 et
806 2459 933 2486 tantum
958 2456 1089 2484 arcanis
1114 2465 1167 2486 ce-

171 2495 328 2526 remoniis
364 2505 499 2533 vacare,
533 2496 593 2526 sed
628 2495 699 2526 vult
733 2506 792 2527 eos
815 2497 848 2528 in
872 2498 988 2529 mediis
1010 2498 1167 2529 fluctibus

170 2544 204 2570 et
226 2537 385 2580 procellis
410 2539 664 2581 gubernationis
683 2541 824 2579 versari,
850 2548 881 2573 et
905 2541 991 2572 inter
1012 2541 1166 2573 homines

171 2581 387 2613 circumferre
413 2583 599 2614 doctrinam
623 2583 782 2614 divinitus
805 2586 971 2616 traditam.
1003 2583 1083 2616 Vult
1107 2596 1166 2617 eos

170 2625 203 2656 in
233 2624 285 2657 his
320 2625 479 2668 periculis
503 2636 663 2658 exercere
692 2626 803 2667 fidem,
838 2629 1097 2668 invocationem,
1134 2636 1167 2661 et

822 135 879 167 IV.
901 134 1161 166 ENARRATIO
1185 134 1392 167 SYMBOLI
1419 135 1582 175 NICENI.

1195 235 1202 284 ἲ

1198 873 1203 1104 ι

2160 139 2224 173 314

1228 241 1335 271 spem,
1357 229 1428 262 vult
1452 241 1512 262 eos
1536 232 1659 263 docere
1679 231 1778 271 alios,
1808 232 1879 265 mlt
1903 235 2055 275 conspici
2078 236 2224 267 testimo-

1227 275 1283 305 nia
1306 274 1490 313 doctrinae,
1515 286 1600 317 quae
1624 275 1719 308 Deus
1743 287 1804 318 per
1827 277 1921 317 ipsos
1945 278 2089 309 exhibet.

1439 437 1502 469 DE
1526 438 1711 474 QUARTO
1737 439 2016 474 PRAECEPTO.

1396 571 1565 612 Honora
1598 579 1758 626 patrem
1791 580 1833 613 et
1865 582 2049 615 matrem.

1316 731 1446 764 Initium
1469 734 1642 765 societatis
1667 735 1912 776 sapientissime
1936 737 2075 768 sumitur
2106 748 2126 769 a
2150 749 2224 780 per-

1226 776 1322 806 sonis
1347 777 1626 818 gubernantibus,
1663 777 1705 809 Et
1739 779 1770 809 in
1796 786 1915 810 natura
1939 781 2033 821 primi
2059 782 2224 822 guberna-

1228 824 1319 850 tores
1346 827 1423 851 sunt
1447 827 1618 861 parentes,
1644 822 1762 853 deinde
1787 824 2150 865 caeteriquibvsDeus
2175 824 2224 857 of-

1228 862 1304 894 ficia
1328 871 1503 905 parentum
1528 866 1786 897 commendavit.

1317 940 1564 983 Comprehendi
1600 944 1699 985 igitur
1733 945 1766 975 in
1802 944 1868 976 hoc
1898 946 2054 977 mandato
2079 953 2110 977 et
2136 947 2224 979 dicta

1229 985 1270 1016 de
1294 986 1544 1027 magIsti-atibns
1568 988 1727 1026 sciamus,
1751 999 1839 1029 quae
1863 988 1959 1020 Rom.
1976 989 2026 1021 13.
2050 992 2225 1032 proposita

1228 1035 1317 1066 sunt,
1342 1035 1373 1059 et
1397 1040 1500 1071 saepe
1524 1029 1616 1061 alibi.
1662 1031 1704 1062 Et
1728 1042 1802 1062 curn
1826 1033 1859 1063 in
1883 1033 1946 1063 hac
1970 1044 2076 1074 parva
2100 1033 2225 1066 tabella

1228 1072 1551 1115 Decalogi,·iiiag¹1a
1578 1075 1620 1105 sit
1645 1076 1805 1113 brevitas,
1831 1077 2021 1108 nominatur
2052 1077 2106 1108 hic
2135 1088 2223 1110 sum-

1228 1127 1300 1146 mus
1326 1117 1534 1149 obedientiae
1557 1119 1696 1160 gradus,
1721 1118 1849 1150 scilicet
1876 1119 2001 1158 honos,
2031 1122 2084 1162 qui
2110 1132 2225 1153 veram

1227 1161 1340 1190 cordis
1355 1163 1574 1192 reverentiam
1598 1163 1885 1194 etsul›ie‹·ti0ner.i
1909 1164 2088 1205 significat,
2113 1172 2143 1197 et
2168 1176 2224 1196 na-

1226 1209 1321 1234 turae
1347 1205 1431 1235 ordo
1457 1206 1599 1246 optimus
1626 1212 1733 1244 esset,
1769 1207 1797 1237 si
1821 1207 1910 1238 hunc
1934 1207 2058 1239 honor(
2077 1220 2096 1239 u
2122 1210 2225 1241 corda

1227 1254 1321 1278 reete
1345 1248 1492 1279 tribuere
1517 1250 1798 1291 gubernatoribus
1824 1258 1974 1292 possent.

1314 1325 1553 1367 Complectitur
1576 1329 1662 1359 enim
1685 1327 1795 1360 honos
1818 1330 1880 1360 tria
1904 1330 2093 1371 praecipue.

1314 1396 1471 1434 Primum,
1495 1407 1632 1428 causam
1656 1404 1687 1428 et
1712 1397 1853 1429 sormam
1877 1399 2107 1439 institutionis,
2134 1402 2223 1433 vitle-

1225 1437 1315 1477 licet,
1352 1440 1442 1480 quod
1467 1439 1562 1471 Deus
1588 1441 1777 1480 instituerit,
1813 1448 1844 1473 et
1869 1443 2058 1482 instituerit,
2084 1451 2119 1476 ut
2144 1456 2223 1477 con-

1226 1488 1321 1525 gruat
1347 1484 1544 1525 gubernatio
1569 1485 1611 1515 ad
1635 1496 1731 1516 suam
1755 1486 1951 1527 sapientiam
1975 1493 2007 1518 et
2031 1489 2199 1521 iustitiam.

1313 1562 1483 1601 Secundo,
1510 1563 1732 1595 obedientiam
1757 1571 1938 1597 externam.

1311 1631 1436 1669 Tertio,
1468 1635 1641 1671 ἐπιείκειαν,
1674 1645 1739 1676 qua
1775 1635 1806 1665 in
1833 1642 1924 1667 tanta
1947 1635 2137 1668 infirmitate
2160 1636 2221 1669 hu-

1223 1685 1322 1706 mana
1346 1677 1508 1717 quaedam
1533 1684 1642 1708 errata
1666 1678 1812 1720 imperiis
1837 1678 2078 1712 condonemus.

1312 1753 1519 1796 Praecipuus
1548 1754 1657 1787 honos
1688 1764 1757 1795 est,
1792 1769 1983 1800 agnoscere
2006 1759 2117 1791 Deum
2142 1770 2220 1793 esse

1223 1804 1374 1829 autorem
1400 1798 1496 1830 huius
1520 1802 1783 1832 consociationis
1808 1803 1840 1833 in
1865 1813 1990 1844 genere
2003 1803 2161 1842 humano,
2188 1810 2221 1836 et

1225 1842 1363 1883 ordinis,
1399 1853 1464 1883 quo
1500 1842 1569 1874 vult
1605 1845 1677 1886 regi
1711 1844 1862 1877 homines
1887 1848 1930 1878 ad
1966 1848 2219 1889 agnoscendum

1224 1884 1353 1924 Deum,
1390 1892 1422 1917 et
1446 1887 1486 1917 ad
1512 1889 1763 1929 agnoscendam
1788 1891 1985 1931 sapientiam
2010 1897 2041 1922 et
2065 1892 2222 1923 iustitiam

1223 1930 1308 1968 eius,
1332 1935 1364 1961 et
1388 1930 1541 1961 iudicium
1567 1932 1638 1963 eius
1663 1939 1823 1972 metuere,
1859 1945 1900 1965 ac
1921 1935 1950 1965 ei
1975 1935 2218 1976 obtemperare.

1222 1973 1294 2004 Nec
1317 1979 1444 2005 tantum
1464 1975 1513 2005 sic
1537 1982 1589 2007 est
1613 1982 1722 2015 autor,
1745 1984 1779 2008 ut
1803 1979 1967 2019 approbet
1990 1977 2138 2021 legitiina
2161 1979 2219 2011 im-

1221 2018 1332 2059 peria,
1357 2018 1433 2059 quia
1457 2029 1530 2049 cum
1550 2020 1680 2050 ratione
1706 2028 1911 2063 congruant,
1946 2022 2006 2053 sed
2031 2024 2129 2054 etiam
2152 2022 2219 2055 hoc

1222 2061 1334 2099 modo,
1365 2063 1453 2102 quia,
1486 2063 1571 2094 sicut
1598 2063 1770 2095 stellarum
1794 2071 1904 2096 motus
1931 2072 1963 2096 et
1987 2077 2048 2097 suo
2076 2066 2218 2098 consilio

1221 2105 1399 2145 ordinavit,
1436 2112 1467 2136 et
1503 2116 1564 2137 suti
1599 2109 1747 2148 potentia
1783 2115 1975 2147 conservat,
2011 2111 2056 2141 ita
2082 2116 2114 2141 et
2134 2111 2217 2142 ordo

1220 2147 1376 2190 politicus
1404 2148 1468 2180 Dei
1493 2161 1578 2191 opus
1603 2158 1674 2190 est,
1709 2158 1741 2183 et
1765 2159 1924 2194 quantum
1949 2154 2074 2185 ordinis
2098 2154 2131 2184 in
2154 2153 2218 2186 hac

1221 2191 1422 2224 confusione
1448 2192 1615 2225 humanae
1636 2202 1775 2227 naturae
1799 2203 1921 2236 manet,
1945 2209 1964 2229 a
1983 2197 2060 2228 Deo
2085 2209 2164 2229 vere
2185 2204 2216 2229 et

1220 2236 1405 2268 efficaciter
1430 2244 1661 2270 conservatur.

1307 2323 1392 2355 Yam
1418 2323 1572 2357 diabolus
1595 2324 1772 2358 honestam
1801 2328 1998 2359 societatem
2028 2329 2059 2359 in
2083 2330 2216 2360 univer-

1220 2369 1293 2399 sux'n
1319 2368 1518 2409 dissiparet,
1553 2369 1615 2400 nisi
1638 2369 1770 2402 furores
1796 2371 1865 2402 eius
1889 2370 1984 2402 Deus
2007 2373 2214 2412 reprimeret,

1221 2417 1253 2442 et
1272 2417 1401 2452 partem
1426 2414 1559 2452 generis
1584 2413 1717 2445 humani
1737 2421 1940 2456 protegeret.
2010 2415 2085 2446 Huc
2114 2417 2215 2458 perti-

1221 2461 1299 2486 nent
1319 2455 1407 2486 dicta
1432 2455 1527 2487 Rom.
1555 2457 1605 2488 13.
1652 2457 1840 2489 Potestates
1861 2468 1946 2499 quae
1970 2465 2060 2497 sunt,
2095 2470 2115 2490 a
2140 2460 2214 2492 Deo

1220 2499 1393 2530 ordinatae
1416 2506 1505 2531 sunt.
1557 2500 1599 2532 Et
1622 2500 1753 2532 Daniel.
1778 2502 1808 2532 2.
1860 2501 1954 2533 Deus
1979 2501 2139 2535 transfert
2162 2515 2215 2536 re-

1220 2553 1287 2584 gna
1310 2549 1342 2574 et
1366 2545 1548 2576 constituit.
1605 2544 1647 2576 Et
1670 2552 1704 2576 ut
1728 2545 1771 2576 sit
1794 2553 2016 2577 conservator
2039 2545 2136 2578 huius
2161 2559 2215 2579 or-

1204 2587 1318 2625 -diniS,
1341 2586 1518 2620 manifeste
1542 2589 1688 2620 ostendit
1710 2599 1806 2620 suam
1832 2590 2057 2631 praesentiam
2080 2591 2112 2622 in
2137 2602 2214 2632 poe-

1217 2630 1270 2661 nis
1295 2633 1556 2671 contumacium,
1592 2633 1670 2674 quia
1693 2643 1768 2664 cum
1797 2632 1985 2665 homicidae
2008 2640 2041 2666 et
2062 2635 2214 2668 seditiosi
