<?xml version="1.0" encoding="UTF-8"?>
<!DOCTYPE html PUBLIC "-//W3C//DTD XHTML 1.0 Transitional//EN"
    "http://www.w3.org/TR/xhtml1/DTD/xhtml1-transitional.dtd">
<html xmlns="http://www.w3.org/1999/xhtml" xml:lang="en" lang="en">
 <head>
  <title>
</title>
<meta http-equiv="Content-Type" content="text/html;charset=utf-8" />
  <meta name='ocr-system' content='tesseract 3.04.00' />
  <meta name='ocr-capabilities' content='ocr_page ocr_carea ocr_par ocr_line ocrx_word'/>
</head>
<body>
  <div class='ocr_page' id='page_1' title='image "./operaquaesupersu23melauoft_0204.png"; bbox 0 0 2383 2990; ppageno 0'>
   <div class='ocr_carea' id='block_1_1' title="bbox 184 153 247 185">
    <p class='ocr_par' dir='ltr' id='par_1_1' title="bbox 184 153 247 185">
     <span class='ocr_line' id='line_1_1' title="bbox 184 153 247 185; baseline -0.032 0"><span class='ocrx_word' id='word_1_1' title='bbox 184 153 247 185; x_wconf 75' lang='lat'>271</span> 
     </span>
    </p>
   </div>
   <div class='ocr_carea' id='block_1_2' title="bbox 183 241 1200 322">
    <p class='ocr_par' dir='ltr' id='par_1_2' title="bbox 183 241 1200 322">
     <span class='ocr_line' id='line_1_2' title="bbox 183 241 1200 305; baseline -0.007 -26"><span class='ocrx_word' id='word_1_2' title='bbox 183 248 275 279; x_wconf 85' lang='lat' dir='ltr'>iuxta</span> <span class='ocrx_word' id='word_1_3' title='bbox 296 245 378 278; x_wconf 88' lang='lat' dir='ltr'>illud</span> <span class='ocrx_word' id='word_1_4' title='bbox 401 245 539 277; x_wconf 83' lang='lat' dir='ltr'>dictum:</span> <span class='ocrx_word' id='word_1_5' title='bbox 567 252 689 275; x_wconf 86' lang='lat' dir='ltr'>sensus</span> <span class='ocrx_word' id='word_1_6' title='bbox 714 243 826 274; x_wconf 81' lang='lat' dir='ltr'>carnis</span> <span class='ocrx_word' id='word_1_7' title='bbox 849 242 1017 273; x_wconf 78' lang='lat' dir='ltr'>inimicitia</span> <span class='ocrx_word' id='word_1_8' title='bbox 1039 247 1093 273; x_wconf 85' lang='lat' dir='ltr'>est</span> <span class='ocrx_word' id='word_1_9' title='bbox 1115 241 1171 273; x_wconf 87' lang='lat' dir='ltr'>ad·</span> <span class='ocrx_word' id='word_1_10' title='bbox 1193 256 1200 305; x_wconf 53' lang='grc' dir='ltr'>ι</span> 
     </span>
     <span class='ocr_line' id='line_1_3' title="bbox 183 289 446 322; baseline -0.011 0"><span class='ocrx_word' id='word_1_11' title='bbox 183 299 304 322; x_wconf 89' lang='lat' dir='ltr'>versus</span> <span class='ocrx_word' id='word_1_12' title='bbox 327 289 446 320; x_wconf 87' lang='lat' dir='ltr'>Deum.</span> 
     </span>
    </p>
   </div>
   <div class='ocr_carea' id='block_1_3' title="bbox 148 352 1201 1020">
    <p class='ocr_par' dir='ltr' id='par_1_3' title="bbox 148 352 1201 1020">
     <span class='ocr_line' id='line_1_4' title="bbox 271 352 1172 399; baseline -0.006 -9"><span class='ocrx_word' id='word_1_13' title='bbox 271 358 467 399; x_wconf 81' lang='lat' dir='ltr'><strong>Quanquam</strong></span> <span class='ocrx_word' id='word_1_14' title='bbox 500 355 600 398; x_wconf 84' lang='lat' dir='ltr'>igitur</span> <span class='ocrx_word' id='word_1_15' title='bbox 633 353 725 385; x_wconf 86' lang='lat' dir='ltr'>multi</span> <span class='ocrx_word' id='word_1_16' title='bbox 765 360 860 386; x_wconf 81' lang='lat' dir='ltr'>extra</span> <span class='ocrx_word' id='word_1_17' title='bbox 894 352 1098 392; x_wconf 82' lang='lat' dir='ltr'>Ecclesiam,</span> <span class='ocrx_word' id='word_1_18' title='bbox 1139 359 1172 385; x_wconf 86' lang='lat' dir='ltr'>et</span> 
     </span>
     <span class='ocr_line' id='line_1_5' title="bbox 183 396 1170 446; baseline -0.006 -12"><span class='ocrx_word' id='word_1_19' title='bbox 183 405 376 446; x_wconf 81' lang='lat' dir='ltr'>ignorantes</span> <span class='ocrx_word' id='word_1_20' title='bbox 404 399 522 432; x_wconf 85' lang='lat' dir='ltr'>Filium</span> <span class='ocrx_word' id='word_1_21' title='bbox 545 398 627 436; x_wconf 90' lang='lat' dir='ltr'>Dei,</span> <span class='ocrx_word' id='word_1_22' title='bbox 657 404 689 428; x_wconf 89' lang='lat' dir='ltr'>et</span> <span class='ocrx_word' id='word_1_23' title='bbox 717 396 773 428; x_wconf 87' lang='lat' dir='ltr'>alii</span> <span class='ocrx_word' id='word_1_24' title='bbox 802 408 869 429; x_wconf 88' lang='lat' dir='ltr'>non</span> <span class='ocrx_word' id='word_1_25' title='bbox 896 398 1004 429; x_wconf 88' lang='lat' dir='ltr'>renati</span> <span class='ocrx_word' id='word_1_26' title='bbox 1031 407 1170 439; x_wconf 85' lang='lat' dir='ltr'>magnas</span> 
     </span>
     <span class='ocr_line' id='line_1_6' title="bbox 183 440 1171 479; baseline -0.007 -1"><span class='ocrx_word' id='word_1_27' title='bbox 183 453 215 478; x_wconf 86' lang='lat' dir='ltr'>et</span> <span class='ocrx_word' id='word_1_28' title='bbox 239 443 441 477; x_wconf 81' lang='lat' dir='ltr'>excellentes</span> <span class='ocrx_word' id='word_1_29' title='bbox 466 442 605 473; x_wconf 83' lang='lat' dir='ltr'>virtutes</span> <span class='ocrx_word' id='word_1_30' title='bbox 629 440 828 479; x_wconf 87' lang='lat' dir='ltr'>habuerunt,</span> <span class='ocrx_word' id='word_1_31' title='bbox 852 447 885 472; x_wconf 88' lang='lat' dir='ltr'>et</span> <span class='ocrx_word' id='word_1_32' title='bbox 906 440 1050 472; x_wconf 82' lang='lat' dir='ltr'>honesta</span> <span class='ocrx_word' id='word_1_33' title='bbox 1073 441 1171 472; x_wconf 80' lang='lat' dir='ltr'>disci·</span> 
     </span>
     <span class='ocr_line' id='line_1_7' title="bbox 183 483 1169 531; baseline -0.006 -11"><span class='ocrx_word' id='word_1_34' title='bbox 183 488 272 531; x_wconf 89' lang='lat' dir='ltr'>plina</span> <span class='ocrx_word' id='word_1_35' title='bbox 294 496 404 519; x_wconf 88' lang='lat' dir='ltr'>mores</span> <span class='ocrx_word' id='word_1_36' title='bbox 429 496 510 517; x_wconf 88' lang='lat' dir='ltr'>suos</span> <span class='ocrx_word' id='word_1_37' title='bbox 534 483 718 522; x_wconf 80' lang='lat' dir='ltr'>frenarunt,</span> <span class='ocrx_word' id='word_1_38' title='bbox 740 490 776 516; x_wconf 87' lang='lat' dir='ltr'>ut</span> <span class='ocrx_word' id='word_1_39' title='bbox 795 484 975 523; x_wconf 82' lang='lat' dir='ltr'>Aristides,</span> <span class='ocrx_word' id='word_1_40' title='bbox 999 483 1169 522; x_wconf 79' lang='lat' dir='ltr'>Socrates,</span> 
     </span>
     <span class='ocr_line' id='line_1_8' title="bbox 183 526 1169 572; baseline -0.005 -9"><span class='ocrx_word' id='word_1_41' title='bbox 183 530 391 572; x_wconf 86' lang='lat' dir='ltr'>Xenophon,</span> <span class='ocrx_word' id='word_1_42' title='bbox 425 529 556 570; x_wconf 85' lang='lat' dir='ltr'>Scipio,</span> <span class='ocrx_word' id='word_1_43' title='bbox 590 526 746 566; x_wconf 84' lang='lat' dir='ltr'>Laelius,</span> <span class='ocrx_word' id='word_1_44' title='bbox 787 527 990 568; x_wconf 83' lang='lat' dir='ltr'>Pomponius</span> <span class='ocrx_word' id='word_1_45' title='bbox 1024 527 1169 565; x_wconf 86' lang='lat' dir='ltr'>Atticus,</span> 
     </span>
     <span class='ocr_line' id='line_1_9' title="bbox 182 570 1170 609; baseline -0.006 -2"><span class='ocrx_word' id='word_1_46' title='bbox 182 583 293 607; x_wconf 85' lang='lat' dir='ltr'>tamen</span> <span class='ocrx_word' id='word_1_47' title='bbox 323 583 389 605; x_wconf 92' lang='lat' dir='ltr'>non</span> <span class='ocrx_word' id='word_1_48' title='bbox 420 571 554 604; x_wconf 86' lang='lat' dir='ltr'>fuerunt</span> <span class='ocrx_word' id='word_1_49' title='bbox 582 572 660 602; x_wconf 92' lang='lat' dir='ltr'>iusti</span> <span class='ocrx_word' id='word_1_50' title='bbox 691 581 805 603; x_wconf 86' lang='lat' dir='ltr'>coram</span> <span class='ocrx_word' id='word_1_51' title='bbox 834 570 925 609; x_wconf 93' lang='lat' dir='ltr'>Deo,</span> <span class='ocrx_word' id='word_1_52' title='bbox 958 571 1020 602; x_wconf 86' lang='lat' dir='ltr'>sed</span> <span class='ocrx_word' id='word_1_53' title='bbox 1050 580 1170 602; x_wconf 89' lang='lat' dir='ltr'>revera</span> 
     </span>
     <span class='ocr_line' id='line_1_10' title="bbox 183 613 1170 658; baseline -0.006 -8"><span class='ocrx_word' id='word_1_54' title='bbox 183 618 291 650; x_wconf 88' lang='lat' dir='ltr'>adhuc</span> <span class='ocrx_word' id='word_1_55' title='bbox 324 626 490 658; x_wconf 82' lang='lat' dir='ltr'>personae</span> <span class='ocrx_word' id='word_1_56' title='bbox 526 614 658 646; x_wconf 83' lang='lat' dir='ltr'>fuerunt</span> <span class='ocrx_word' id='word_1_57' title='bbox 695 615 852 652; x_wconf 87' lang='lat' dir='ltr'>iniustae,</span> <span class='ocrx_word' id='word_1_58' title='bbox 894 625 968 647; x_wconf 89' lang='lat' dir='ltr'>cum</span> <span class='ocrx_word' id='word_1_59' title='bbox 1007 613 1170 645; x_wconf 88' lang='lat' dir='ltr'>haberent</span> 
     </span>
     <span class='ocr_line' id='line_1_11' title="bbox 183 657 1169 702; baseline -0.005 -9"><span class='ocrx_word' id='word_1_60' title='bbox 183 661 285 693; x_wconf 88' lang='lat' dir='ltr'>multa</span> <span class='ocrx_word' id='word_1_61' title='bbox 313 669 435 702; x_wconf 87' lang='lat' dir='ltr'>magna</span> <span class='ocrx_word' id='word_1_62' title='bbox 462 659 618 690; x_wconf 88' lang='lat' dir='ltr'>interiora</span> <span class='ocrx_word' id='word_1_63' title='bbox 647 658 741 697; x_wconf 84' lang='lat' dir='ltr'>vitia,</span> <span class='ocrx_word' id='word_1_64' title='bbox 772 658 995 689; x_wconf 80' lang='lat' dir='ltr'>dubitationes</span> <span class='ocrx_word' id='word_1_65' title='bbox 1025 658 1067 689; x_wconf 90' lang='lat' dir='ltr'>de</span> <span class='ocrx_word' id='word_1_66' title='bbox 1094 657 1169 688; x_wconf 90' lang='lat' dir='ltr'>Deo</span> 
     </span>
     <span class='ocr_line' id='line_1_12' title="bbox 183 699 1171 744; baseline -0.005 -8"><span class='ocrx_word' id='word_1_67' title='bbox 183 711 216 736; x_wconf 89' lang='lat' dir='ltr'>et</span> <span class='ocrx_word' id='word_1_68' title='bbox 236 703 310 736; x_wconf 87' lang='lat' dir='ltr'>alia.</span> <span class='ocrx_word' id='word_1_69' title='bbox 352 704 447 735; x_wconf 90' lang='lat' dir='ltr'>Sicut</span> <span class='ocrx_word' id='word_1_70' title='bbox 466 702 644 743; x_wconf 87' lang='lat' dir='ltr'>Pompeius</span> <span class='ocrx_word' id='word_1_71' title='bbox 670 712 744 733; x_wconf 82' lang='lat' dir='ltr'>cum</span> <span class='ocrx_word' id='word_1_72' title='bbox 767 702 799 732; x_wconf 92' lang='lat' dir='ltr'>in</span> <span class='ocrx_word' id='word_1_73' title='bbox 822 701 903 744; x_wconf 81' lang='lat' dir='ltr'>fuga</span> <span class='ocrx_word' id='word_1_74' title='bbox 922 699 1105 743; x_wconf 77' lang='lat' dir='ltr'>Mitylenen</span> <span class='ocrx_word' id='word_1_75' title='bbox 1127 700 1171 731; x_wconf 89' lang='lat' dir='ltr'>ad</span> 
     </span>
     <span class='ocr_line' id='line_1_13' title="bbox 148 744 1169 789; baseline -0.006 -9"><span class='ocrx_word' id='word_1_76' title='bbox 148 749 153 752; x_wconf 70' lang='grc'><em>”</em></span> <span class='ocrx_word' id='word_1_77' title='bbox 183 747 374 789; x_wconf 82' lang='lat' dir='ltr'>Cratippum</span> <span class='ocrx_word' id='word_1_78' title='bbox 399 746 565 783; x_wconf 86' lang='lat' dir='ltr'>venisset,</span> <span class='ocrx_word' id='word_1_79' title='bbox 593 745 788 786; x_wconf 84' lang='lat' dir='ltr'>disputavit,</span> <span class='ocrx_word' id='word_1_80' title='bbox 820 752 929 776; x_wconf 88' lang='lat' dir='ltr'>utrum</span> <span class='ocrx_word' id='word_1_81' title='bbox 960 744 1095 785; x_wconf 88' lang='lat' dir='ltr'>imperia</span> <span class='ocrx_word' id='word_1_82' title='bbox 1118 753 1169 774; x_wconf 87' lang='lat' dir='ltr'>re-</span> 
     </span>
     <span class='ocr_line' id='line_1_14' title="bbox 184 787 1170 833; baseline -0.005 -11"><span class='ocrx_word' id='word_1_83' title='bbox 184 799 304 833; x_wconf 76' lang='lat' dir='ltr'>gantiu·</span> <span class='ocrx_word' id='word_1_84' title='bbox 327 790 535 832; x_wconf 83' lang='lat' dir='ltr'>providentia</span> <span class='ocrx_word' id='word_1_85' title='bbox 563 789 691 826; x_wconf 83' lang='lat' dir='ltr'>divina,</span> <span class='ocrx_word' id='word_1_86' title='bbox 721 799 794 819; x_wconf 91' lang='lat' dir='ltr'>cum</span> <span class='ocrx_word' id='word_1_87' title='bbox 826 789 898 829; x_wconf 86' lang='lat' dir='ltr'>ipse</span> <span class='ocrx_word' id='word_1_88' title='bbox 928 789 959 818; x_wconf 92' lang='lat' dir='ltr'>in</span> <span class='ocrx_word' id='word_1_89' title='bbox 991 797 1095 818; x_wconf 84' lang='lat' dir='ltr'>causa</span> <span class='ocrx_word' id='word_1_90' title='bbox 1123 787 1170 817; x_wconf 87' lang='lat' dir='ltr'>iu-</span> 
     </span>
     <span class='ocr_line' id='line_1_15' title="bbox 182 796 1201 1020; baseline -0.007 -154"><span class='ocrx_word' id='word_1_91' title='bbox 182 836 285 866; x_wconf 86' lang='lat' dir='ltr'>stiore</span> <span class='ocrx_word' id='word_1_92' title='bbox 308 835 417 866; x_wconf 84' lang='lat' dir='ltr'>victus</span> <span class='ocrx_word' id='word_1_93' title='bbox 441 840 542 864; x_wconf 88' lang='lat' dir='ltr'>esset.</span> <span class='ocrx_word' id='word_1_94' title='bbox 1191 796 1201 1020; x_wconf 78' lang='grc' dir='ltr'>Ι</span> 
     </span>
    </p>
   </div>
   <div class='ocr_carea' id='block_1_4' title="bbox 183 898 1172 1115">
    <p class='ocr_par' dir='ltr' id='par_1_4' title="bbox 183 898 1172 1115">
     <span class='ocr_line' id='line_1_16' title="bbox 272 898 1170 944; baseline -0.006 -10"><span class='ocrx_word' id='word_1_95' title='bbox 272 903 360 934; x_wconf 86' lang='lat' dir='ltr'>Idem</span> <span class='ocrx_word' id='word_1_96' title='bbox 383 908 503 944; x_wconf 87' lang='lat' dir='ltr'>postea</span> <span class='ocrx_word' id='word_1_97' title='bbox 534 908 564 932; x_wconf 90' lang='lat' dir='ltr'>et</span> <span class='ocrx_word' id='word_1_98' title='bbox 589 901 671 932; x_wconf 87' lang='lat' dir='ltr'>Cato</span> <span class='ocrx_word' id='word_1_99' title='bbox 703 900 893 941; x_wconf 77' lang='lat' dir='ltr'>disputavit.</span> <span class='ocrx_word' id='word_1_100' title='bbox 939 898 1093 940; x_wconf 89' lang='lat' dir='ltr'>Denique</span> <span class='ocrx_word' id='word_1_101' title='bbox 1123 906 1170 929; x_wconf 89' lang='lat' dir='ltr'>ta-</span> 
     </span>
     <span class='ocr_line' id='line_1_17' title="bbox 183 940 1170 989; baseline -0.006 -11"><span class='ocrx_word' id='word_1_102' title='bbox 183 946 234 978; x_wconf 89' lang='lat' dir='ltr'>les</span> <span class='ocrx_word' id='word_1_103' title='bbox 259 945 415 989; x_wconf 85' lang='lat' dir='ltr'>querelae</span> <span class='ocrx_word' id='word_1_104' title='bbox 439 944 589 983; x_wconf 86' lang='lat' dir='ltr'>fuerunt,</span> <span class='ocrx_word' id='word_1_105' title='bbox 617 950 693 974; x_wconf 84' lang='lat' dir='ltr'>sunt</span> <span class='ocrx_word' id='word_1_106' title='bbox 723 950 755 975; x_wconf 86' lang='lat' dir='ltr'>et</span> <span class='ocrx_word' id='word_1_107' title='bbox 787 948 883 974; x_wconf 88' lang='lat' dir='ltr'>erunt</span> <span class='ocrx_word' id='word_1_108' title='bbox 912 940 1170 973; x_wconf 87' lang='lat' dir='ltr'>innumerabiles</span> 
     </span>
     <span class='ocr_line' id='line_1_18' title="bbox 184 984 1172 1028; baseline -0.007 -6"><span class='ocrx_word' id='word_1_109' title='bbox 184 992 214 1021; x_wconf 91' lang='lat' dir='ltr'>in</span> <span class='ocrx_word' id='word_1_110' title='bbox 238 990 407 1022; x_wconf 87' lang='lat' dir='ltr'>hominum</span> <span class='ocrx_word' id='word_1_111' title='bbox 430 990 497 1020; x_wconf 86' lang='lat' dir='ltr'>vita</span> <span class='ocrx_word' id='word_1_112' title='bbox 521 988 674 1019; x_wconf 87' lang='lat' dir='ltr'>omnibus</span> <span class='ocrx_word' id='word_1_113' title='bbox 699 987 914 1028; x_wconf 82' lang='lat' dir='ltr'>temporibus.</span> <span class='ocrx_word' id='word_1_114' title='bbox 961 985 1002 1016; x_wconf 85' lang='lat' dir='ltr'>Et</span> <span class='ocrx_word' id='word_1_115' title='bbox 1030 986 1087 1016; x_wconf 91' lang='lat' dir='ltr'>ubi</span> <span class='ocrx_word' id='word_1_116' title='bbox 1114 984 1172 1016; x_wconf 90' lang='lat' dir='ltr'>illa</span> 
     </span>
     <span class='ocr_line' id='line_1_19' title="bbox 184 1028 1171 1074; baseline -0.006 -9"><span class='ocrx_word' id='word_1_117' title='bbox 184 1034 301 1065; x_wconf 89' lang='lat' dir='ltr'>mentis</span> <span class='ocrx_word' id='word_1_118' title='bbox 327 1032 434 1074; x_wconf 83' lang='lat' dir='ltr'>caligo</span> <span class='ocrx_word' id='word_1_119' title='bbox 459 1038 511 1063; x_wconf 88' lang='lat' dir='ltr'>est</span> <span class='ocrx_word' id='word_1_120' title='bbox 533 1031 574 1062; x_wconf 81' lang='lat' dir='ltr'>de</span> <span class='ocrx_word' id='word_1_121' title='bbox 598 1030 690 1068; x_wconf 91' lang='lat' dir='ltr'>Deo,</span> <span class='ocrx_word' id='word_1_122' title='bbox 713 1029 768 1061; x_wconf 89' lang='lat' dir='ltr'>alii</span> <span class='ocrx_word' id='word_1_123' title='bbox 791 1028 882 1060; x_wconf 90' lang='lat' dir='ltr'>multi</span> <span class='ocrx_word' id='word_1_124' title='bbox 906 1030 1024 1067; x_wconf 86' lang='lat' dir='ltr'>morbi,</span> <span class='ocrx_word' id='word_1_125' title='bbox 1048 1028 1171 1060; x_wconf 89' lang='lat' dir='ltr'>multae</span> 
     </span>
     <span class='ocr_line' id='line_1_20' title="bbox 184 1074 901 1115; baseline -0.006 -7"><span class='ocrx_word' id='word_1_126' title='bbox 184 1077 337 1108; x_wconf 78' lang='lat' dir='ltr'>flammae</span> <span class='ocrx_word' id='word_1_127' title='bbox 362 1082 437 1107; x_wconf 82' lang='lat' dir='ltr'>sunt</span> <span class='ocrx_word' id='word_1_128' title='bbox 460 1076 652 1106; x_wconf 88' lang='lat' dir='ltr'>vitiosarum</span> <span class='ocrx_word' id='word_1_129' title='bbox 677 1074 901 1115; x_wconf 79' lang='lat' dir='ltr'>cupiditatum.</span> 
     </span>
    </p>
   </div>
   <div class='ocr_carea' id='block_1_5' title="bbox 183 1140 1172 1318">
    <p class='ocr_par' dir='ltr' id='par_1_5' title="bbox 183 1140 1172 1318">
     <span class='ocr_line' id='line_1_21' title="bbox 271 1140 1172 1186; baseline -0.006 -10"><span class='ocrx_word' id='word_1_130' title='bbox 271 1146 383 1181; x_wconf 81' lang='lat' dir='ltr'>Quare</span> <span class='ocrx_word' id='word_1_131' title='bbox 417 1143 464 1176; x_wconf 91' lang='lat' dir='ltr'>illi</span> <span class='ocrx_word' id='word_1_132' title='bbox 501 1145 557 1186; x_wconf 91' lang='lat' dir='ltr'>qui</span> <span class='ocrx_word' id='word_1_133' title='bbox 591 1143 719 1184; x_wconf 79' lang='lat' dir='ltr'>fingunt</span> <span class='ocrx_word' id='word_1_134' title='bbox 752 1142 932 1173; x_wconf 83' lang='lat' dir='ltr'>Aristidem</span> <span class='ocrx_word' id='word_1_135' title='bbox 975 1148 1007 1173; x_wconf 89' lang='lat' dir='ltr'>et</span> <span class='ocrx_word' id='word_1_136' title='bbox 1046 1140 1172 1172; x_wconf 88' lang='lat' dir='ltr'>similes</span> 
     </span>
     <span class='ocr_line' id='line_1_22' title="bbox 184 1184 1170 1231; baseline -0.006 -10"><span class='ocrx_word' id='word_1_137' title='bbox 184 1196 319 1231; x_wconf 88' lang='lat' dir='ltr'>propter</span> <span class='ocrx_word' id='word_1_138' title='bbox 344 1187 551 1229; x_wconf 80' lang='lat' dir='ltr'>disciplinam</span> <span class='ocrx_word' id='word_1_139' title='bbox 575 1188 681 1218; x_wconf 82' lang='lat' dir='ltr'>iustos</span> <span class='ocrx_word' id='word_1_140' title='bbox 712 1184 817 1217; x_wconf 81' lang='lat' dir='ltr'>fuisse</span> <span class='ocrx_word' id='word_1_141' title='bbox 847 1192 879 1217; x_wconf 89' lang='lat' dir='ltr'>et.</span> <span class='ocrx_word' id='word_1_142' title='bbox 909 1184 1071 1217; x_wconf 87' lang='lat' dir='ltr'>haeredes</span> <span class='ocrx_word' id='word_1_143' title='bbox 1095 1184 1170 1223; x_wconf 90' lang='lat' dir='ltr'>Dei,</span> 
     </span>
     <span class='ocr_line' id='line_1_23' title="bbox 184 1228 1171 1272; baseline -0.006 -8"><span class='ocrx_word' id='word_1_144' title='bbox 184 1240 216 1265; x_wconf 88' lang='lat' dir='ltr'>et</span> <span class='ocrx_word' id='word_1_145' title='bbox 249 1230 442 1269; x_wconf 74' lang='lat' dir='ltr'>Ecclesiae,</span> <span class='ocrx_word' id='word_1_146' title='bbox 484 1232 665 1272; x_wconf 85' lang='lat' dir='ltr'>adiungunt</span> <span class='ocrx_word' id='word_1_147' title='bbox 705 1228 944 1261; x_wconf 74' lang='lat' dir='ltr'>multitudinem</span> <span class='ocrx_word' id='word_1_148' title='bbox 979 1229 1051 1260; x_wconf 89' lang='lat' dir='ltr'>sine</span> <span class='ocrx_word' id='word_1_149' title='bbox 1085 1238 1171 1259; x_wconf 89' lang='lat' dir='ltr'>voce</span> 
     </span>
     <span class='ocr_line' id='line_1_24' title="bbox 183 1272 1115 1318; baseline -0.005 -11"><span class='ocrx_word' id='word_1_150' title='bbox 183 1274 370 1318; x_wconf 81' lang='lat' dir='ltr'>Evangelii,</span> <span class='ocrx_word' id='word_1_151' title='bbox 395 1282 426 1306; x_wconf 83' lang='lat' dir='ltr'>et</span> <span class='ocrx_word' id='word_1_152' title='bbox 450 1276 522 1306; x_wconf 88' lang='lat' dir='ltr'>sine</span> <span class='ocrx_word' id='word_1_153' title='bbox 545 1275 731 1311; x_wconf 86' lang='lat' dir='ltr'>vocatione,</span> <span class='ocrx_word' id='word_1_154' title='bbox 755 1283 822 1304; x_wconf 90' lang='lat' dir='ltr'>non</span> <span class='ocrx_word' id='word_1_155' title='bbox 845 1279 936 1304; x_wconf 88' lang='lat' dir='ltr'>recte</span> <span class='ocrx_word' id='word_1_156' title='bbox 959 1272 1115 1304; x_wconf 87' lang='lat' dir='ltr'>iudicant.</span> 
     </span>
    </p>
   </div>
   <div class='ocr_carea' id='block_1_6' title="bbox 1194 1311 1200 1387">
    <p class='ocr_par' dir='ltr' id='par_1_6' title="bbox 1194 1311 1200 1387">
     <span class='ocr_line' id='line_1_25' title="bbox 1194 1311 1200 1387; baseline 0 0"><span class='ocrx_word' id='word_1_157' title='bbox 1194 1311 1200 1387; x_wconf 95' lang='lat' dir='ltr'> </span> 
     </span>
    </p>
   </div>
   <div class='ocr_carea' id='block_1_7' title="bbox 182 1348 1172 1820">
    <p class='ocr_par' dir='ltr' id='par_1_7' title="bbox 182 1348 1172 1820">
     <span class='ocr_line' id='line_1_26' title="bbox 270 1348 1171 1393; baseline -0.006 -8"><span class='ocrx_word' id='word_1_158' title='bbox 270 1354 342 1385; x_wconf 87' lang='lat' dir='ltr'>Etsi</span> <span class='ocrx_word' id='word_1_159' title='bbox 371 1354 455 1384; x_wconf 87' lang='lat' dir='ltr'>enim</span> <span class='ocrx_word' id='word_1_160' title='bbox 487 1353 674 1390; x_wconf 85' lang='lat' dir='ltr'>nescimus,</span> <span class='ocrx_word' id='word_1_161' title='bbox 710 1352 763 1393; x_wconf 87' lang='lat' dir='ltr'>qui</span> <span class='ocrx_word' id='word_1_162' title='bbox 799 1352 863 1381; x_wconf 83' lang='lat' dir='ltr'>sint</span> <span class='ocrx_word' id='word_1_163' title='bbox 899 1351 1023 1393; x_wconf 84' lang='lat' dir='ltr'>gradus</span> <span class='ocrx_word' id='word_1_164' title='bbox 1058 1348 1171 1381; x_wconf 84' lang='lat' dir='ltr'>talium</span> 
     </span>
     <span class='ocr_line' id='line_1_27' title="bbox 183 1393 1170 1439; baseline -0.004 -11"><span class='ocrx_word' id='word_1_165' title='bbox 183 1403 259 1439; x_wconf 85' lang='lat' dir='ltr'>post</span> <span class='ocrx_word' id='word_1_166' title='bbox 281 1404 437 1434; x_wconf 89' lang='lat' dir='ltr'>mortem,</span> <span class='ocrx_word' id='word_1_167' title='bbox 468 1402 499 1427; x_wconf 90' lang='lat' dir='ltr'>et</span> <span class='ocrx_word' id='word_1_168' title='bbox 524 1394 622 1427; x_wconf 88' lang='lat' dir='ltr'>valde</span> <span class='ocrx_word' id='word_1_169' title='bbox 644 1396 760 1426; x_wconf 91' lang='lat' dir='ltr'>mirum</span> <span class='ocrx_word' id='word_1_170' title='bbox 784 1395 914 1426; x_wconf 84' lang='lat' dir='ltr'>videtur</span> <span class='ocrx_word' id='word_1_171' title='bbox 943 1393 1096 1425; x_wconf 87' lang='lat' dir='ltr'>humanis</span> <span class='ocrx_word' id='word_1_172' title='bbox 1125 1394 1170 1425; x_wconf 91' lang='lat' dir='ltr'>iu-</span> 
     </span>
     <span class='ocr_line' id='line_1_28' title="bbox 183 1437 1172 1473; baseline -0.005 -1"><span class='ocrx_word' id='word_1_173' title='bbox 183 1442 278 1473; x_wconf 86' lang='lat' dir='ltr'>diciis</span> <span class='ocrx_word' id='word_1_174' title='bbox 302 1446 425 1472; x_wconf 86' lang='lat' dir='ltr'>tantam</span> <span class='ocrx_word' id='word_1_175' title='bbox 448 1439 617 1471; x_wconf 90' lang='lat' dir='ltr'>hominum</span> <span class='ocrx_word' id='word_1_176' title='bbox 640 1437 880 1470; x_wconf 83' lang='lat' dir='ltr'>multitudinem</span> <span class='ocrx_word' id='word_1_177' title='bbox 910 1438 1066 1469; x_wconf 85' lang='lat' dir='ltr'>reiectam</span> <span class='ocrx_word' id='word_1_178' title='bbox 1094 1446 1172 1467; x_wconf 91' lang='lat' dir='ltr'>esse</span> 
     </span>
     <span class='ocr_line' id='line_1_29' title="bbox 185 1478 1172 1522; baseline -0.005 -6"><span class='ocrx_word' id='word_1_179' title='bbox 185 1496 205 1516; x_wconf 85' lang='lat' dir='ltr'>a</span> <span class='ocrx_word' id='word_1_180' title='bbox 228 1483 321 1522; x_wconf 91' lang='lat' dir='ltr'>Deo,</span> <span class='ocrx_word' id='word_1_181' title='bbox 352 1490 461 1515; x_wconf 89' lang='lat' dir='ltr'>tamen</span> <span class='ocrx_word' id='word_1_182' title='bbox 492 1492 554 1513; x_wconf 88' lang='lat' dir='ltr'>nos</span> <span class='ocrx_word' id='word_1_183' title='bbox 583 1492 725 1513; x_wconf 80' lang='lat' dir='ltr'>necesse</span> <span class='ocrx_word' id='word_1_184' title='bbox 749 1486 801 1512; x_wconf 87' lang='lat' dir='ltr'>est</span> <span class='ocrx_word' id='word_1_185' title='bbox 824 1492 865 1512; x_wconf 82' lang='lat' dir='ltr'>ex</span> <span class='ocrx_word' id='word_1_186' title='bbox 889 1491 974 1512; x_wconf 85' lang='lat' dir='ltr'>voce</span> <span class='ocrx_word' id='word_1_187' title='bbox 996 1478 1172 1522; x_wconf 81' lang='lat' dir='ltr'>Evangelii</span> 
     </span>
     <span class='ocr_line' id='line_1_30' title="bbox 182 1523 1171 1564; baseline -0.005 -5"><span class='ocrx_word' id='word_1_188' title='bbox 182 1529 345 1559; x_wconf 88' lang='lat' dir='ltr'>iudicare:</span> <span class='ocrx_word' id='word_1_189' title='bbox 384 1526 448 1562; x_wconf 86' lang='lat' dir='ltr'>Qui</span> <span class='ocrx_word' id='word_1_190' title='bbox 473 1527 575 1557; x_wconf 87' lang='lat' dir='ltr'>credit</span> <span class='ocrx_word' id='word_1_191' title='bbox 601 1526 632 1556; x_wconf 91' lang='lat' dir='ltr'>in</span> <span class='ocrx_word' id='word_1_192' title='bbox 656 1524 789 1564; x_wconf 76' lang='lat' dir='ltr'>Filium7</span> <span class='ocrx_word' id='word_1_193' title='bbox 819 1523 919 1555; x_wconf 83' lang='lat' dir='ltr'>habet</span> <span class='ocrx_word' id='word_1_194' title='bbox 943 1525 1043 1556; x_wconf 83' lang='lat' dir='ltr'>vitain</span> <span class='ocrx_word' id='word_1_195' title='bbox 1065 1530 1171 1555; x_wconf 88' lang='lat' dir='ltr'>aeter—</span> 
     </span>
     <span class='ocr_line' id='line_1_31' title="bbox 182 1567 1171 1609; baseline -0.006 -6"><span class='ocrx_word' id='word_1_196' title='bbox 182 1582 274 1609; x_wconf 88' lang='lat' dir='ltr'>nam,</span> <span class='ocrx_word' id='word_1_197' title='bbox 299 1571 363 1606; x_wconf 83' lang='lat' dir='ltr'>Qui</span> <span class='ocrx_word' id='word_1_198' title='bbox 387 1581 453 1601; x_wconf 91' lang='lat' dir='ltr'>non</span> <span class='ocrx_word' id='word_1_199' title='bbox 479 1570 583 1601; x_wconf 88' lang='lat' dir='ltr'>credit.</span> <span class='ocrx_word' id='word_1_200' title='bbox 606 1567 707 1607; x_wconf 76' lang='lat' dir='ltr'>Filio,</span> <span class='ocrx_word' id='word_1_201' title='bbox 733 1579 799 1599; x_wconf 90' lang='lat' dir='ltr'>non</span> <span class='ocrx_word' id='word_1_202' title='bbox 824 1568 945 1599; x_wconf 80' lang='lat' dir='ltr'>videbit</span> <span class='ocrx_word' id='word_1_203' title='bbox 970 1568 1087 1606; x_wconf 83' lang='lat' dir='ltr'>vitam,</span> <span class='ocrx_word' id='word_1_204' title='bbox 1110 1567 1171 1598; x_wconf 85' lang='lat' dir='ltr'>scd</span> 
     </span>
     <span class='ocr_line' id='line_1_32' title="bbox 182 1609 1171 1654; baseline -0.005 -8"><span class='ocrx_word' id='word_1_205' title='bbox 182 1617 232 1646; x_wconf 90' lang='lat' dir='ltr'>ira</span> <span class='ocrx_word' id='word_1_206' title='bbox 249 1614 314 1645; x_wconf 89' lang='lat' dir='ltr'>Dei</span> <span class='ocrx_word' id='word_1_207' title='bbox 337 1614 481 1645; x_wconf 89' lang='lat' dir='ltr'>manebit</span> <span class='ocrx_word' id='word_1_208' title='bbox 504 1623 605 1654; x_wconf 89' lang='lat' dir='ltr'>snper</span> <span class='ocrx_word' id='word_1_209' title='bbox 628 1623 712 1643; x_wconf 91' lang='lat' dir='ltr'>eum.</span> <span class='ocrx_word' id='word_1_210' title='bbox 746 1611 787 1642; x_wconf 88' lang='lat' dir='ltr'>Et</span> <span class='ocrx_word' id='word_1_211' title='bbox 808 1610 901 1642; x_wconf 87' lang='lat' dir='ltr'>Rom.</span> <span class='ocrx_word' id='word_1_212' title='bbox 920 1611 951 1642; x_wconf 78' lang='lat' dir='ltr'>S.</span> <span class='ocrx_word' id='word_1_213' title='bbox 987 1610 1082 1646; x_wconf 84' lang='lat' dir='ltr'>Quos</span> <span class='ocrx_word' id='word_1_214' title='bbox 1106 1609 1171 1641; x_wconf 87' lang='lat' dir='ltr'>elc-</span> 
     </span>
     <span class='ocr_line' id='line_1_33' title="bbox 184 1652 1171 1701; baseline -0.006 -11"><span class='ocrx_word' id='word_1_215' title='bbox 184 1659 247 1701; x_wconf 81' lang='lat' dir='ltr'>git,</span> <span class='ocrx_word' id='word_1_216' title='bbox 282 1658 346 1689; x_wconf 90' lang='grc'>1105</span> <span class='ocrx_word' id='word_1_217' title='bbox 380 1657 520 1688; x_wconf 81' lang='lat' dir='ltr'>vocavit.</span> <span class='ocrx_word' id='word_1_218' title='bbox 573 1655 667 1692; x_wconf 86' lang='lat' dir='ltr'>Quae</span> <span class='ocrx_word' id='word_1_219' title='bbox 701 1656 865 1686; x_wconf 85' lang='lat' dir='ltr'>sententia</span> <span class='ocrx_word' id='word_1_220' title='bbox 899 1653 996 1696; x_wconf 88' lang='lat' dir='ltr'>plane</span> <span class='ocrx_word' id='word_1_221' title='bbox 1028 1652 1171 1685; x_wconf 82' lang='lat' dir='ltr'>affirmat</span> 
     </span>
     <span class='ocr_line' id='line_1_34' title="bbox 182 1697 1172 1743; baseline -0.005 -10"><span class='ocrx_word' id='word_1_222' title='bbox 182 1708 375 1743; x_wconf 90' lang='lat' dir='ltr'>utrumque,</span> <span class='ocrx_word' id='word_1_223' title='bbox 400 1707 431 1732; x_wconf 93' lang='lat' dir='ltr'>et</span> <span class='ocrx_word' id='word_1_224' title='bbox 456 1710 586 1741; x_wconf 87' lang='lat' dir='ltr'>semper</span> <span class='ocrx_word' id='word_1_225' title='bbox 610 1698 741 1741; x_wconf 90' lang='lat' dir='ltr'>aliquos</span> <span class='ocrx_word' id='word_1_226' title='bbox 766 1697 894 1730; x_wconf 84' lang='lat' dir='ltr'>electos</span> <span class='ocrx_word' id='word_1_227' title='bbox 918 1708 995 1730; x_wconf 89' lang='lat' dir='ltr'>esse</span> <span class='ocrx_word' id='word_1_228' title='bbox 1017 1699 1050 1728; x_wconf 93' lang='lat' dir='ltr'>in</span> <span class='ocrx_word' id='word_1_229' title='bbox 1073 1703 1172 1728; x_wconf 83' lang='lat' dir='ltr'>coetu</span> 
     </span>
     <span class='ocr_line' id='line_1_35' title="bbox 182 1748 1172 1781; baseline -0.004 -5"><span class='ocrx_word' id='word_1_230' title='bbox 182 1751 394 1781; x_wconf 70' lang='lat' dir='ltr'>vocatorum,</span> <span class='ocrx_word' id='word_1_231' title='bbox 426 1751 457 1775; x_wconf 82' lang='lat' dir='ltr'>et</span> <span class='ocrx_word' id='word_1_232' title='bbox 488 1750 581 1774; x_wconf 79' lang='lat' dir='ltr'>extra</span> <span class='ocrx_word' id='word_1_233' title='bbox 612 1749 742 1774; x_wconf 86' lang='lat' dir='ltr'>coetum</span> <span class='ocrx_word' id='word_1_234' title='bbox 772 1748 966 1774; x_wconf 85' lang='lat' dir='ltr'>vocatorum</span> <span class='ocrx_word' id='word_1_235' title='bbox 997 1751 1063 1773; x_wconf 90' lang='lat' dir='ltr'>non</span> <span class='ocrx_word' id='word_1_236' title='bbox 1095 1751 1172 1772; x_wconf 86' lang='lat' dir='ltr'>esse</span> 
     </span>
     <span class='ocr_line' id='line_1_36' title="bbox 185 1788 322 1820; baseline -0.015 0"><span class='ocrx_word' id='word_1_237' title='bbox 185 1788 322 1820; x_wconf 83' lang='lat' dir='ltr'>electos.</span> 
     </span>
    </p>
   </div>
   <div class='ocr_carea' id='block_1_8' title="bbox 183 1853 1172 2162">
    <p class='ocr_par' dir='ltr' id='par_1_8' title="bbox 183 1853 1172 2162">
     <span class='ocr_line' id='line_1_37' title="bbox 268 1853 1172 1893; baseline -0.004 -5"><span class='ocrx_word' id='word_1_238' title='bbox 268 1857 343 1888; x_wconf 88' lang='lat' dir='ltr'>Non</span> <span class='ocrx_word' id='word_1_239' title='bbox 364 1864 615 1888; x_wconf 78' lang='lat' dir='ltr'>contemnamus</span> <span class='ocrx_word' id='word_1_240' title='bbox 635 1854 751 1886; x_wconf 89' lang='lat' dir='ltr'>Filium</span> <span class='ocrx_word' id='word_1_241' title='bbox 771 1854 846 1893; x_wconf 93' lang='lat' dir='ltr'>Dei,</span> <span class='ocrx_word' id='word_1_242' title='bbox 872 1862 902 1885; x_wconf 90' lang='lat' dir='ltr'>et</span> <span class='ocrx_word' id='word_1_243' title='bbox 928 1864 1044 1886; x_wconf 86' lang='lat' dir='ltr'>vocem</span> <span class='ocrx_word' id='word_1_244' title='bbox 1063 1853 1172 1885; x_wconf 81' lang='lat' dir='ltr'>Evan-</span> 
     </span>
     <span class='ocr_line' id='line_1_38' title="bbox 183 1898 1171 1943; baseline -0.004 -11"><span class='ocrx_word' id='word_1_245' title='bbox 183 1900 279 1943; x_wconf 82' lang='lat' dir='ltr'>gelii,</span> <span class='ocrx_word' id='word_1_246' title='bbox 318 1901 380 1931; x_wconf 88' lang='lat' dir='ltr'>sed</span> <span class='ocrx_word' id='word_1_247' title='bbox 417 1910 645 1942; x_wconf 79' lang='lat' dir='ltr'>agnoscamus</span> <span class='ocrx_word' id='word_1_248' title='bbox 684 1899 877 1930; x_wconf 83' lang='lat' dir='ltr'>immensam</span> <span class='ocrx_word' id='word_1_249' title='bbox 911 1898 1171 1929; x_wconf 87' lang='lat' dir='ltr'>misericordiam</span> 
     </span>
     <span class='ocr_line' id='line_1_39' title="bbox 183 1940 1171 1986; baseline -0.005 -10"><span class='ocrx_word' id='word_1_250' title='bbox 183 1945 265 1982; x_wconf 78' lang='lat' dir='ltr'>Dei,</span> <span class='ocrx_word' id='word_1_251' title='bbox 302 1945 355 1986; x_wconf 90' lang='lat' dir='ltr'>qui</span> <span class='ocrx_word' id='word_1_252' title='bbox 386 1943 458 1975; x_wconf 89' lang='lat' dir='ltr'>vult</span> <span class='ocrx_word' id='word_1_253' title='bbox 492 1944 556 1974; x_wconf 81' lang='lat' dir='ltr'>sibi</span> <span class='ocrx_word' id='word_1_254' title='bbox 591 1949 759 1975; x_wconf 87' lang='lat' dir='ltr'>aeternam</span> <span class='ocrx_word' id='word_1_255' title='bbox 790 1941 978 1973; x_wconf 80' lang='lat' dir='ltr'>Ecclesiam</span> <span class='ocrx_word' id='word_1_256' title='bbox 1013 1940 1171 1983; x_wconf 83' lang='lat' dir='ltr'>colligere</span> 
     </span>
     <span class='ocr_line' id='line_1_40' title="bbox 184 1985 1171 2030; baseline -0.004 -11"><span class='ocrx_word' id='word_1_257' title='bbox 184 1988 352 2030; x_wconf 85' lang='lat' dir='ltr'>agnitione</span> <span class='ocrx_word' id='word_1_258' title='bbox 379 1986 468 2025; x_wconf 86' lang='lat' dir='ltr'>Filii,</span> <span class='ocrx_word' id='word_1_259' title='bbox 499 1992 530 2018; x_wconf 86' lang='lat' dir='ltr'>et</span> <span class='ocrx_word' id='word_1_260' title='bbox 557 1997 624 2017; x_wconf 91' lang='lat' dir='ltr'>non</span> <span class='ocrx_word' id='word_1_261' title='bbox 655 1985 767 2024; x_wconf 85' lang='lat' dir='ltr'>aliter,</span> <span class='ocrx_word' id='word_1_262' title='bbox 802 1992 834 2017; x_wconf 89' lang='lat' dir='ltr'>et</span> <span class='ocrx_word' id='word_1_263' title='bbox 864 1996 925 2026; x_wconf 92' lang='lat' dir='ltr'>pro</span> <span class='ocrx_word' id='word_1_264' title='bbox 954 1985 1020 2016; x_wconf 91' lang='grc'>1100</span> <span class='ocrx_word' id='word_1_265' title='bbox 1049 1986 1171 2026; x_wconf 82' lang='lat' dir='ltr'>ingenti</span> 
     </span>
     <span class='ocr_line' id='line_1_41' title="bbox 185 2027 1172 2072; baseline -0.003 -10"><span class='ocrx_word' id='word_1_266' title='bbox 185 2031 348 2063; x_wconf 85' lang='lat' dir='ltr'>beneficio</span> <span class='ocrx_word' id='word_1_267' title='bbox 373 2031 497 2072; x_wconf 84' lang='lat' dir='ltr'>gratias</span> <span class='ocrx_word' id='word_1_268' title='bbox 522 2040 673 2072; x_wconf 76' lang='lat' dir='ltr'>agamuS,</span> <span class='ocrx_word' id='word_1_269' title='bbox 697 2039 759 2060; x_wconf 89' lang='lat' dir='ltr'>nec</span> <span class='ocrx_word' id='word_1_270' title='bbox 784 2029 828 2060; x_wconf 86' lang='lat' dir='ltr'>ita</span> <span class='ocrx_word' id='word_1_271' title='bbox 852 2027 926 2060; x_wconf 88' lang='lat' dir='ltr'>leve</span> <span class='ocrx_word' id='word_1_272' title='bbox 943 2029 1114 2066; x_wconf 82' lang='lat' dir='ltr'>ducamus,</span> <span class='ocrx_word' id='word_1_273' title='bbox 1138 2035 1172 2059; x_wconf 82' lang='lat' dir='ltr'>ut</span> 
     </span>
     <span class='ocr_line' id='line_1_42' title="bbox 185 2070 1172 2116; baseline -0.003 -10"><span class='ocrx_word' id='word_1_274' title='bbox 185 2073 424 2116; x_wconf 85' lang='lat' dir='ltr'>applaudamus</span> <span class='ocrx_word' id='word_1_275' title='bbox 448 2074 745 2105; x_wconf 83' lang='lat' dir='ltr'>architectantibus</span> <span class='ocrx_word' id='word_1_276' title='bbox 769 2071 867 2103; x_wconf 86' lang='lat' dir='ltr'>aliam</span> <span class='ocrx_word' id='word_1_277' title='bbox 889 2070 1076 2103; x_wconf 83' lang='lat' dir='ltr'>Ecclesiam</span> <span class='ocrx_word' id='word_1_278' title='bbox 1100 2072 1172 2103; x_wconf 86' lang='lat' dir='ltr'>sine</span> 
     </span>
     <span class='ocr_line' id='line_1_43' title="bbox 184 2115 1045 2162; baseline -0.002 -14"><span class='ocrx_word' id='word_1_279' title='bbox 184 2117 268 2150; x_wconf 88' lang='lat' dir='ltr'>Filio</span> <span class='ocrx_word' id='word_1_280' title='bbox 292 2118 367 2162; x_wconf 77' lang='lat' dir='ltr'>Del,</span> <span class='ocrx_word' id='word_1_281' title='bbox 392 2118 463 2149; x_wconf 88' lang='lat' dir='ltr'>sine</span> <span class='ocrx_word' id='word_1_282' title='bbox 486 2115 684 2159; x_wconf 81' lang='lat' dir='ltr'>Evangelio,</span> <span class='ocrx_word' id='word_1_283' title='bbox 710 2122 741 2147; x_wconf 90' lang='lat' dir='ltr'>et</span> <span class='ocrx_word' id='word_1_284' title='bbox 765 2117 837 2148; x_wconf 89' lang='lat' dir='ltr'>sine</span> <span class='ocrx_word' id='word_1_285' title='bbox 859 2116 1045 2147; x_wconf 81' lang='lat' dir='ltr'>vocatione.</span> 
     </span>
    </p>
   </div>
   <div class='ocr_carea' id='block_1_9' title="bbox 185 2186 1174 2350">
    <p class='ocr_par' dir='ltr' id='par_1_9' title="bbox 185 2186 1174 2348">
     <span class='ocr_line' id='line_1_44' title="bbox 272 2186 1172 2229; baseline -0.002 -11"><span class='ocrx_word' id='word_1_286' title='bbox 272 2187 349 2218; x_wconf 85' lang='lat' dir='ltr'>Non</span> <span class='ocrx_word' id='word_1_287' title='bbox 372 2188 471 2229; x_wconf 84' lang='lat' dir='ltr'>igitur</span> <span class='ocrx_word' id='word_1_288' title='bbox 495 2197 579 2228; x_wconf 87' lang='lat' dir='ltr'>opus</span> <span class='ocrx_word' id='word_1_289' title='bbox 604 2192 653 2217; x_wconf 83' lang='lat' dir='ltr'>est</span> <span class='ocrx_word' id='word_1_290' title='bbox 679 2187 871 2217; x_wconf 86' lang='lat' dir='ltr'>discernere</span> <span class='ocrx_word' id='word_1_291' title='bbox 900 2186 932 2216; x_wconf 91' lang='lat' dir='ltr'>in</span> <span class='ocrx_word' id='word_1_292' title='bbox 958 2195 1024 2216; x_wconf 88' lang='lat' dir='ltr'>non</span> <span class='ocrx_word' id='word_1_293' title='bbox 1048 2186 1172 2216; x_wconf 88' lang='lat' dir='ltr'>renatis</span> 
     </span>
     <span class='ocr_line' id='line_1_45' title="bbox 186 2229 1173 2272; baseline -0.003 -10"><span class='ocrx_word' id='word_1_294' title='bbox 186 2237 325 2272; x_wconf 85' lang='lat' dir='ltr'>peccata</span> <span class='ocrx_word' id='word_1_295' title='bbox 348 2229 499 2261; x_wconf 84' lang='lat' dir='ltr'>mortalia</span> <span class='ocrx_word' id='word_1_296' title='bbox 531 2236 561 2261; x_wconf 87' lang='lat' dir='ltr'>et</span> <span class='ocrx_word' id='word_1_297' title='bbox 587 2229 748 2268; x_wconf 79' lang='lat' dir='ltr'>venialia,</span> <span class='ocrx_word' id='word_1_298' title='bbox 780 2240 854 2261; x_wconf 84' lang='lat' dir='ltr'>cum</span> <span class='ocrx_word' id='word_1_299' title='bbox 883 2238 1048 2270; x_wconf 85' lang='lat' dir='ltr'>personae</span> <span class='ocrx_word' id='word_1_300' title='bbox 1078 2229 1173 2259; x_wconf 91' lang='lat' dir='ltr'>tanti-</span> 
     </span>
     <span class='ocr_line' id='line_1_46' title="bbox 185 2273 1174 2348; baseline -0.003 -42"><span class='ocrx_word' id='word_1_301' title='bbox 185 2285 264 2348; x_wconf 51' lang='lat' dir='ltr'>{per</span> <span class='ocrx_word' id='word_1_302' title='bbox 287 2275 461 2306; x_wconf 81' lang='lat' dir='ltr'>damnatae</span> <span class='ocrx_word' id='word_1_303' title='bbox 486 2274 567 2311; x_wconf 59' lang='lat' dir='ltr'>sint,</span> <span class='ocrx_word' id='word_1_304' title='bbox 601 2275 708 2305; x_wconf 84' lang='lat' dir='ltr'>donec</span> <span class='ocrx_word' id='word_1_305' title='bbox 732 2283 797 2304; x_wconf 91' lang='lat' dir='ltr'>non</span> <span class='ocrx_word' id='word_1_306' title='bbox 823 2282 1009 2304; x_wconf 83' lang='lat' dir='ltr'>conversae</span> <span class='ocrx_word' id='word_1_307' title='bbox 1031 2278 1108 2303; x_wconf 84' lang='lat' dir='ltr'>sunt</span> <span class='ocrx_word' id='word_1_308' title='bbox 1132 2273 1174 2303; x_wconf 88' lang='lat' dir='ltr'>ad</span> 
     </span>
    </p>

    <p class='ocr_par' dir='ltr' id='par_1_10' title="bbox 221 2329 304 2350">
     <span class='ocr_line' id='line_1_47' title="bbox 221 2329 304 2350; baseline 0 -1"><span class='ocrx_word' id='word_1_309' title='bbox 221 2329 304 2350; x_wconf 87' lang='lat' dir='ltr'>eum.</span> 
     </span>
    </p>
   </div>
   <div class='ocr_carea' id='block_1_10' title="bbox 187 2386 1174 2600">
    <p class='ocr_par' dir='ltr' id='par_1_11' title="bbox 187 2386 1174 2600">
     <span class='ocr_line' id='line_1_48' title="bbox 274 2386 1174 2428; baseline -0.002 -11"><span class='ocrx_word' id='word_1_310' title='bbox 274 2386 340 2417; x_wconf 82' lang='lat' dir='ltr'>Sed</span> <span class='ocrx_word' id='word_1_311' title='bbox 364 2394 481 2428; x_wconf 74' lang='lat' dir='ltr'>postea</span> <span class='ocrx_word' id='word_1_312' title='bbox 509 2388 542 2417; x_wconf 89' lang='lat' dir='ltr'>iu</span> <span class='ocrx_word' id='word_1_313' title='bbox 572 2388 696 2417; x_wconf 78' lang='lat' dir='ltr'>renatis</span> <span class='ocrx_word' id='word_1_314' title='bbox 727 2396 786 2417; x_wconf 89' lang='lat' dir='ltr'>seu</span> <span class='ocrx_word' id='word_1_315' title='bbox 815 2386 1005 2423; x_wconf 78' lang='lat' dir='ltr'>conversis,</span> <span class='ocrx_word' id='word_1_316' title='bbox 1033 2395 1174 2416; x_wconf 86' lang='lat' dir='ltr'>necesse</span> 
     </span>
     <span class='ocr_line' id='line_1_49' title="bbox 189 2428 1173 2472; baseline -0.001 -12"><span class='ocrx_word' id='word_1_317' title='bbox 189 2435 239 2461; x_wconf 90' lang='lat' dir='ltr'>est</span> <span class='ocrx_word' id='word_1_318' title='bbox 267 2431 411 2461; x_wconf 77' lang='lat' dir='ltr'>discerni</span> <span class='ocrx_word' id='word_1_319' title='bbox 439 2436 593 2471; x_wconf 83' lang='lat' dir='ltr'>peccata,</span> <span class='ocrx_word' id='word_1_320' title='bbox 624 2431 700 2472; x_wconf 82' lang='lat' dir='ltr'>quia</span> <span class='ocrx_word' id='word_1_321' title='bbox 730 2428 1034 2461; x_wconf 80' lang='lat' dir='ltr'>manifestissimum</span> <span class='ocrx_word' id='word_1_322' title='bbox 1063 2436 1113 2460; x_wconf 82' lang='lat' dir='ltr'>est</span> <span class='ocrx_word' id='word_1_323' title='bbox 1142 2429 1173 2459; x_wconf 93' lang='lat' dir='ltr'>in</span> 
     </span>
     <span class='ocr_line' id='line_1_50' title="bbox 190 2472 1173 2514; baseline 0 -11"><span class='ocrx_word' id='word_1_324' title='bbox 190 2474 310 2504; x_wconf 85' lang='lat' dir='ltr'>renatis</span> <span class='ocrx_word' id='word_1_325' title='bbox 342 2474 373 2504; x_wconf 93' lang='lat' dir='ltr'>in</span> <span class='ocrx_word' id='word_1_326' title='bbox 402 2472 466 2505; x_wconf 89' lang='lat' dir='ltr'>hac</span> <span class='ocrx_word' id='word_1_327' title='bbox 495 2480 564 2505; x_wconf 86' lang='lat' dir='ltr'>tota</span> <span class='ocrx_word' id='word_1_328' title='bbox 599 2472 729 2504; x_wconf 86' lang='lat' dir='ltr'>mortali</span> <span class='ocrx_word' id='word_1_329' title='bbox 764 2474 831 2504; x_wconf 83' lang='lat' dir='ltr'>vita</span> <span class='ocrx_word' id='word_1_330' title='bbox 865 2483 1000 2504; x_wconf 88' lang='lat' dir='ltr'>manere</span> <span class='ocrx_word' id='word_1_331' title='bbox 1033 2482 1173 2514; x_wconf 86' lang='lat' dir='ltr'>magnos</span> 
     </span>
     <span class='ocr_line' id='line_1_51' title="bbox 187 2515 1173 2558; baseline 0.001 -12"><span class='ocrx_word' id='word_1_332' title='bbox 187 2517 324 2547; x_wconf 82' lang='lat' dir='ltr'>morbos</span> <span class='ocrx_word' id='word_1_333' title='bbox 354 2523 385 2547; x_wconf 85' lang='lat' dir='ltr'>et</span> <span class='ocrx_word' id='word_1_334' title='bbox 413 2515 515 2548; x_wconf 81' lang='lat' dir='ltr'>multa</span> <span class='ocrx_word' id='word_1_335' title='bbox 538 2523 696 2558; x_wconf 77' lang='lat' dir='ltr'>peccata,</span> <span class='ocrx_word' id='word_1_336' title='bbox 728 2527 813 2558; x_wconf 89' lang='lat' dir='ltr'>quae</span> <span class='ocrx_word' id='word_1_337' title='bbox 841 2522 950 2548; x_wconf 86' lang='lat' dir='ltr'>tamen</span> <span class='ocrx_word' id='word_1_338' title='bbox 978 2526 1046 2547; x_wconf 90' lang='lat' dir='ltr'>non</span> <span class='ocrx_word' id='word_1_339' title='bbox 1075 2527 1173 2547; x_wconf 72' lang='lat' dir='ltr'>excu-</span> 
     </span>
     <span class='ocr_line' id='line_1_52' title="bbox 187 2560 633 2600; baseline 0.004 -10"><span class='ocrx_word' id='word_1_340' title='bbox 187 2560 268 2590; x_wconf 87' lang='lat' dir='ltr'>tiunt</span> <span class='ocrx_word' id='word_1_341' title='bbox 292 2560 448 2600; x_wconf 81' lang='lat' dir='ltr'>Spiritum</span> <span class='ocrx_word' id='word_1_342' title='bbox 471 2567 633 2592; x_wconf 88' lang='lat' dir='ltr'>sanctum.</span> 
     </span>
    </p>
   </div>
   <div class='ocr_carea' id='block_1_11' title="bbox 277 2622 1198 2672">
    <p class='ocr_par' dir='ltr' id='par_1_12' title="bbox 277 2622 1198 2672">
     <span class='ocr_line' id='line_1_53' title="bbox 277 2622 1198 2672; baseline 0.001 -12"><span class='ocrx_word' id='word_1_343' title='bbox 277 2628 405 2660; x_wconf 75' lang='lat' dir='ltr'>Rursus</span> <span class='ocrx_word' id='word_1_344' title='bbox 430 2640 510 2660; x_wconf 86' lang='lat' dir='ltr'>vero</span> <span class='ocrx_word' id='word_1_345' title='bbox 541 2640 618 2661; x_wconf 77' lang='lat' dir='ltr'>esse</span> <span class='ocrx_word' id='word_1_346' title='bbox 646 2629 777 2672; x_wconf 87' lang='lat' dir='ltr'>aliquos</span> <span class='ocrx_word' id='word_1_347' title='bbox 807 2628 939 2671; x_wconf 87' lang='lat' dir='ltr'>lapsus,</span> <span class='ocrx_word' id='word_1_348' title='bbox 968 2629 1088 2671; x_wconf 84' lang='lat' dir='ltr'>quibus</span> <span class='ocrx_word' id='word_1_349' title='bbox 1117 2622 1198 2671; x_wconf 58' lang='lat' dir='ltr'>ati-‚3</span> 
     </span>
    </p>
   </div>
   <div class='ocr_carea' id='block_1_12' title="bbox 818 146 1577 180">
    <p class='ocr_par' dir='ltr' id='par_1_13' title="bbox 818 146 1577 180">
     <span class='ocr_line' id='line_1_54' title="bbox 818 146 1577 180; baseline -0.001 -1"><span class='ocrx_word' id='word_1_350' title='bbox 818 148 931 180; x_wconf 84' lang='lat' dir='ltr'>PHlL.</span> <span class='ocrx_word' id='word_1_351' title='bbox 954 146 1058 179; x_wconf 80' lang='lat' dir='ltr'>MEL.</span> <span class='ocrx_word' id='word_1_352' title='bbox 1082 146 1272 179; x_wconf 82' lang='lat' dir='ltr'><strong>SCRIPTA</strong></span> <span class='ocrx_word' id='word_1_353' title='bbox 1294 146 1577 179; x_wconf 83' lang='lat' dir='ltr'>DOGMATICA.</span> 
     </span>
    </p>
   </div>
   <div class='ocr_carea' id='block_1_13' title="bbox 2148 149 2211 181">
    <p class='ocr_par' dir='ltr' id='par_1_14' title="bbox 2148 149 2211 181">
     <span class='ocr_line' id='line_1_55' title="bbox 2148 149 2211 181; baseline 0.016 -1"><span class='ocrx_word' id='word_1_354' title='bbox 2148 149 2211 181; x_wconf 78' lang='lat'>2⁷2</span> 
     </span>
    </p>
   </div>
   <div class='ocr_carea' id='block_1_14' title="bbox 1222 239 2211 457">
    <p class='ocr_par' dir='ltr' id='par_1_15' title="bbox 1222 239 2211 457">
     <span class='ocr_line' id='line_1_56' title="bbox 1223 239 2210 284; baseline 0.003 -11"><span class='ocrx_word' id='word_1_355' title='bbox 1223 242 1352 280; x_wconf 89' lang='lat' dir='ltr'>missis,</span> <span class='ocrx_word' id='word_1_356' title='bbox 1375 240 1492 283; x_wconf 87' lang='lat' dir='ltr'>homo,</span> <span class='ocrx_word' id='word_1_357' title='bbox 1516 242 1571 283; x_wconf 86' lang='lat' dir='ltr'>qui</span> <span class='ocrx_word' id='word_1_358' title='bbox 1593 242 1686 283; x_wconf 87' lang='lat' dir='ltr'>prius</span> <span class='ocrx_word' id='word_1_359' title='bbox 1708 239 1819 273; x_wconf 85' lang='lat' dir='ltr'>fuerat</span> <span class='ocrx_word' id='word_1_360' title='bbox 1840 242 1966 281; x_wconf 87' lang='lat' dir='ltr'>iustus,</span> <span class='ocrx_word' id='word_1_361' title='bbox 1989 248 2109 284; x_wconf 83' lang='lat' dir='ltr'>postea</span> <span class='ocrx_word' id='word_1_362' title='bbox 2132 254 2210 277; x_wconf 88' lang='lat' dir='ltr'>con-</span> 
     </span>
     <span class='ocr_line' id='line_1_57' title="bbox 1223 284 2211 326; baseline 0.004 -10"><span class='ocrx_word' id='word_1_363' title='bbox 1223 286 1401 317; x_wconf 88' lang='lat' dir='ltr'>taminatus</span> <span class='ocrx_word' id='word_1_364' title='bbox 1424 285 1490 316; x_wconf 86' lang='lat' dir='ltr'>hoc</span> <span class='ocrx_word' id='word_1_365' title='bbox 1512 284 1623 326; x_wconf 89' lang='lat' dir='ltr'>lapsu,</span> <span class='ocrx_word' id='word_1_366' title='bbox 1647 284 1684 316; x_wconf 85' lang='lat' dir='ltr'>fit</span> <span class='ocrx_word' id='word_1_367' title='bbox 1707 294 1785 316; x_wconf 89' lang='lat' dir='ltr'>reus</span> <span class='ocrx_word' id='word_1_368' title='bbox 1808 285 1878 317; x_wconf 90' lang='lat' dir='ltr'>irae</span> <span class='ocrx_word' id='word_1_369' title='bbox 1901 285 1976 325; x_wconf 72' lang='lat' dir='ltr'>Dei,</span> <span class='ocrx_word' id='word_1_370' title='bbox 1999 292 2031 317; x_wconf 88' lang='lat' dir='ltr'>et</span> <span class='ocrx_word' id='word_1_371' title='bbox 2055 292 2211 320; x_wconf 83' lang='lat' dir='ltr'>aeternae</span> 
     </span>
     <span class='ocr_line' id='line_1_58' title="bbox 1223 327 2211 367; baseline 0.003 -8"><span class='ocrx_word' id='word_1_372' title='bbox 1223 329 1352 367; x_wconf 90' lang='lat' dir='ltr'>mortis,</span> <span class='ocrx_word' id='word_1_373' title='bbox 1376 328 1441 359; x_wconf 90' lang='lat' dir='ltr'>nisi</span> <span class='ocrx_word' id='word_1_374' title='bbox 1464 330 1582 360; x_wconf 87' lang='lat' dir='ltr'>iterum</span> <span class='ocrx_word' id='word_1_375' title='bbox 1605 328 1648 359; x_wconf 88' lang='lat' dir='ltr'>ad</span> <span class='ocrx_word' id='word_1_376' title='bbox 1670 327 1779 359; x_wconf 92' lang='lat' dir='ltr'>Deum</span> <span class='ocrx_word' id='word_1_377' title='bbox 1803 335 2030 367; x_wconf 85' lang='lat' dir='ltr'>convertatur,</span> <span class='ocrx_word' id='word_1_378' title='bbox 2052 335 2089 361; x_wconf 87' lang='lat' dir='ltr'>ut</span> <span class='ocrx_word' id='word_1_379' title='bbox 2110 331 2211 362; x_wconf 85' lang='lat' dir='ltr'>mani-</span> 
     </span>
     <span class='ocr_line' id='line_1_59' title="bbox 1222 369 2209 414; baseline 0.004 -12"><span class='ocrx_word' id='word_1_380' title='bbox 1222 369 1346 403; x_wconf 88' lang='lat' dir='ltr'>festum</span> <span class='ocrx_word' id='word_1_381' title='bbox 1370 378 1422 403; x_wconf 88' lang='lat' dir='ltr'>est</span> <span class='ocrx_word' id='word_1_382' title='bbox 1445 372 1553 403; x_wconf 85' lang='lat' dir='ltr'>Adam</span> <span class='ocrx_word' id='word_1_383' title='bbox 1581 377 1613 403; x_wconf 89' lang='lat' dir='ltr'>et</span> <span class='ocrx_word' id='word_1_384' title='bbox 1636 371 1763 403; x_wconf 88' lang='lat' dir='ltr'>Hevam</span> <span class='ocrx_word' id='word_1_385' title='bbox 1791 372 1825 403; x_wconf 90' lang='lat' dir='ltr'>in</span> <span class='ocrx_word' id='word_1_386' title='bbox 1853 370 1952 414; x_wconf 89' lang='lat' dir='ltr'>lapsu</span> <span class='ocrx_word' id='word_1_387' title='bbox 1980 373 2133 405; x_wconf 88' lang='lat' dir='ltr'>amisisse</span> <span class='ocrx_word' id='word_1_388' title='bbox 2162 374 2209 407; x_wconf 90' lang='lat' dir='ltr'>iu-</span> 
     </span>
     <span class='ocr_line' id='line_1_60' title="bbox 1224 414 1768 457; baseline 0 -11"><span class='ocrx_word' id='word_1_389' title='bbox 1224 415 1345 446; x_wconf 85' lang='lat' dir='ltr'>stitiam</span> <span class='ocrx_word' id='word_1_390' title='bbox 1369 422 1402 446; x_wconf 84' lang='lat' dir='ltr'>et</span> <span class='ocrx_word' id='word_1_391' title='bbox 1425 414 1582 457; x_wconf 89' lang='lat' dir='ltr'>Spiritum</span> <span class='ocrx_word' id='word_1_392' title='bbox 1605 421 1768 446; x_wconf 83' lang='lat' dir='ltr'>sanctum.</span> 
     </span>
    </p>
   </div>
   <div class='ocr_carea' id='block_1_15' title="bbox 1223 482 2212 688">
    <p class='ocr_par' dir='ltr' id='par_1_16' title="bbox 1223 482 2212 688">
     <span class='ocr_line' id='line_1_61' title="bbox 1309 482 2211 518; baseline 0.003 -3"><span class='ocrx_word' id='word_1_393' title='bbox 1309 482 1521 516; x_wconf 87' lang='lat' dir='ltr'>Manifestum</span> <span class='ocrx_word' id='word_1_394' title='bbox 1551 490 1603 515; x_wconf 87' lang='lat' dir='ltr'>est</span> <span class='ocrx_word' id='word_1_395' title='bbox 1630 483 1757 516; x_wconf 88' lang='lat' dir='ltr'>Aaroni</span> <span class='ocrx_word' id='word_1_396' title='bbox 1778 483 1889 515; x_wconf 92' lang='lat' dir='ltr'>Deum</span> <span class='ocrx_word' id='word_1_397' title='bbox 1916 483 2117 517; x_wconf 86' lang='lat' dir='ltr'>horribiliter</span> <span class='ocrx_word' id='word_1_398' title='bbox 2147 486 2211 518; x_wconf 86' lang='lat' dir='ltr'>ira-</span> 
     </span>
     <span class='ocr_line' id='line_1_62' title="bbox 1223 526 2212 567; baseline 0.003 -9"><span class='ocrx_word' id='word_1_399' title='bbox 1223 533 1292 558; x_wconf 88' lang='lat' dir='ltr'>tum</span> <span class='ocrx_word' id='word_1_400' title='bbox 1320 528 1442 566; x_wconf 78' lang='lat' dir='ltr'>tuisse,</span> <span class='ocrx_word' id='word_1_401' title='bbox 1473 538 1546 559; x_wconf 92' lang='lat' dir='ltr'>cum</span> <span class='ocrx_word' id='word_1_402' title='bbox 1573 528 1720 559; x_wconf 77' lang='lat' dir='ltr'>assensit</span> <span class='ocrx_word' id='word_1_403' title='bbox 1742 526 1883 559; x_wconf 84' lang='lat' dir='ltr'>vitulum</span> <span class='ocrx_word' id='word_1_404' title='bbox 1912 528 2147 567; x_wconf 83' lang='lat' dir='ltr'>adorantibus,</span> <span class='ocrx_word' id='word_1_405' title='bbox 2176 535 2212 561; x_wconf 89' lang='lat' dir='ltr'>ut</span> 
     </span>
     <span class='ocr_line' id='line_1_63' title="bbox 1223 570 2210 613; baseline 0.003 -12"><span class='ocrx_word' id='word_1_406' title='bbox 1223 570 1359 602; x_wconf 87' lang='lat' dir='ltr'>Deuter.</span> <span class='ocrx_word' id='word_1_407' title='bbox 1379 580 1538 612; x_wconf 75' lang='lat' dir='ltr'>expresse</span> <span class='ocrx_word' id='word_1_408' title='bbox 1556 571 1684 602; x_wconf 84' lang='lat' dir='ltr'>dicitur.</span> <span class='ocrx_word' id='word_1_409' title='bbox 1727 570 1805 602; x_wconf 79' lang='lat' dir='ltr'>ideo</span> <span class='ocrx_word' id='word_1_410' title='bbox 1825 571 1972 602; x_wconf 86' lang='lat' dir='ltr'>discemi</span> <span class='ocrx_word' id='word_1_411' title='bbox 1991 571 2116 613; x_wconf 86' lang='lat' dir='ltr'>gradus</span> <span class='ocrx_word' id='word_1_412' title='bbox 2133 582 2210 613; x_wconf 87' lang='lat' dir='ltr'>pec-</span> 
     </span>
     <span class='ocr_line' id='line_1_64' title="bbox 1225 612 2209 656; baseline 0.003 -12"><span class='ocrx_word' id='word_1_413' title='bbox 1225 620 1376 645; x_wconf 82' lang='lat' dir='ltr'>catorum</span> <span class='ocrx_word' id='word_1_414' title='bbox 1409 624 1552 645; x_wconf 88' lang='lat' dir='ltr'>necesse</span> <span class='ocrx_word' id='word_1_415' title='bbox 1587 620 1653 652; x_wconf 83' lang='lat' dir='ltr'>est,</span> <span class='ocrx_word' id='word_1_416' title='bbox 1688 615 1775 645; x_wconf 90' lang='lat' dir='ltr'>sicut</span> <span class='ocrx_word' id='word_1_417' title='bbox 1810 619 1843 645; x_wconf 88' lang='lat' dir='ltr'>et</span> <span class='ocrx_word' id='word_1_418' title='bbox 1876 612 2001 646; x_wconf 86' lang='lat' dir='ltr'>Paulus</span> <span class='ocrx_word' id='word_1_419' title='bbox 2035 616 2209 656; x_wconf 87' lang='lat' dir='ltr'>perspicue</span> 
     </span>
     <span class='ocr_line' id='line_1_65' title="bbox 1224 657 2154 688; baseline -0.005 0"><span class='ocrx_word' id='word_1_420' title='bbox 1224 657 1390 688; x_wconf 88' lang='lat' dir='ltr'>discernit.</span> <span class='ocrx_word' id='word_1_421' title='bbox 1863 673 1866 675; x_wconf 23' lang='grc' dir='ltr'><strong>Δ</strong></span> <span class='ocrx_word' id='word_1_422' title='bbox 2146 657 2154 660; x_wconf 61' lang='grc'><strong>“</strong></span> 
     </span>
    </p>
   </div>
   <div class='ocr_carea' id='block_1_16' title="bbox 1222 725 2212 899">
    <p class='ocr_par' dir='ltr' id='par_1_17' title="bbox 1222 725 2212 899">
     <span class='ocr_line' id='line_1_66' title="bbox 1311 725 2211 769; baseline 0.002 -12"><span class='ocrx_word' id='word_1_423' title='bbox 1311 725 1412 758; x_wconf 80' lang='lat' dir='ltr'>Aliud</span> <span class='ocrx_word' id='word_1_424' title='bbox 1432 733 1530 758; x_wconf 87' lang='lat' dir='ltr'>vocat</span> <span class='ocrx_word' id='word_1_425' title='bbox 1550 732 1725 768; x_wconf 87' lang='lat' dir='ltr'>peccatum</span> <span class='ocrx_word' id='word_1_426' title='bbox 1743 736 1901 769; x_wconf 86' lang='lat' dir='ltr'>regnans,</span> <span class='ocrx_word' id='word_1_427' title='bbox 1926 725 2017 758; x_wconf 86' lang='lat' dir='ltr'>aliud</span> <span class='ocrx_word' id='word_1_428' title='bbox 2037 732 2211 768; x_wconf 83' lang='lat' dir='ltr'>peccatum</span> 
     </span>
     <span class='ocr_line' id='line_1_67' title="bbox 1223 769 2212 811; baseline 0.002 -11"><span class='ocrx_word' id='word_1_429' title='bbox 1223 779 1291 800; x_wconf 88' lang='lat' dir='ltr'>non</span> <span class='ocrx_word' id='word_1_430' title='bbox 1320 779 1477 811; x_wconf 81' lang='lat' dir='ltr'>regnans.</span> <span class='ocrx_word' id='word_1_431' title='bbox 1523 769 1591 801; x_wconf 87' lang='lat' dir='ltr'>Sed</span> <span class='ocrx_word' id='word_1_432' title='bbox 1620 780 1680 811; x_wconf 89' lang='lat' dir='ltr'>pro</span> <span class='ocrx_word' id='word_1_433' title='bbox 1711 769 1763 801; x_wconf 87' lang='lat' dir='ltr'>his</span> <span class='ocrx_word' id='word_1_434' title='bbox 1797 771 1968 801; x_wconf 87' lang='lat' dir='ltr'>concinnis</span> <span class='ocrx_word' id='word_1_435' title='bbox 1999 776 2032 801; x_wconf 89' lang='lat' dir='ltr'>et</span> <span class='ocrx_word' id='word_1_436' title='bbox 2060 769 2212 803; x_wconf 82' lang='lat' dir='ltr'>dilucidis</span> 
     </span>
     <span class='ocr_line' id='line_1_68' title="bbox 1222 812 2212 854; baseline 0.003 -11"><span class='ocrx_word' id='word_1_437' title='bbox 1222 812 1504 854; x_wconf 88' lang='lat' dir='ltr'>appellationibus</span> <span class='ocrx_word' id='word_1_438' title='bbox 1527 823 1615 844; x_wconf 90' lang='lat' dir='ltr'>nunc</span> <span class='ocrx_word' id='word_1_439' title='bbox 1638 813 1795 845; x_wconf 90' lang='lat' dir='ltr'>usitatum</span> <span class='ocrx_word' id='word_1_440' title='bbox 1815 819 1877 852; x_wconf 82' lang='lat' dir='ltr'>est,</span> <span class='ocrx_word' id='word_1_441' title='bbox 1901 812 1967 844; x_wconf 87' lang='lat' dir='ltr'>alia</span> <span class='ocrx_word' id='word_1_442' title='bbox 1984 823 2107 845; x_wconf 84' lang='lat' dir='ltr'>vocare</span> <span class='ocrx_word' id='word_1_443' title='bbox 2122 814 2212 846; x_wconf 85' lang='lat' dir='ltr'>Mor·</span> 
     </span>
     <span class='ocr_line' id='line_1_69' title="bbox 1223 854 2135 899; baseline 0.001 -12"><span class='ocrx_word' id='word_1_444' title='bbox 1223 855 1314 894; x_wconf 83' lang='lat' dir='ltr'>talia,</span> <span class='ocrx_word' id='word_1_445' title='bbox 1335 854 1400 887; x_wconf 88' lang='lat' dir='ltr'>alia</span> <span class='ocrx_word' id='word_1_446' title='bbox 1422 855 1584 888; x_wconf 86' lang='lat' dir='ltr'>Venialia.</span> <span class='ocrx_word' id='word_1_447' title='bbox 1631 856 1851 888; x_wconf 89' lang='lat' dir='ltr'>Definitiones</span> <span class='ocrx_word' id='word_1_448' title='bbox 1875 857 1974 899; x_wconf 86' lang='lat' dir='ltr'>igitur</span> <span class='ocrx_word' id='word_1_449' title='bbox 1997 857 2135 889; x_wconf 85' lang='lat' dir='ltr'>tradam.</span> 
     </span>
    </p>
   </div>
   <div class='ocr_carea' id='block_1_17' title="bbox 1223 924 2213 1184">
    <p class='ocr_par' dir='ltr' id='par_1_18' title="bbox 1223 924 2213 1184">
     <span class='ocr_line' id='line_1_70' title="bbox 1312 924 2212 967; baseline 0.003 -12"><span class='ocrx_word' id='word_1_450' title='bbox 1312 924 1493 956; x_wconf 84' lang='lat' dir='ltr'>Peccatum</span> <span class='ocrx_word' id='word_1_451' title='bbox 1513 924 1654 964; x_wconf 86' lang='lat' dir='ltr'>veniale,</span> <span class='ocrx_word' id='word_1_452' title='bbox 1680 935 1740 957; x_wconf 89' lang='lat' dir='ltr'>seu</span> <span class='ocrx_word' id='word_1_453' title='bbox 1762 936 1829 957; x_wconf 91' lang='lat' dir='ltr'>non</span> <span class='ocrx_word' id='word_1_454' title='bbox 1853 936 2000 967; x_wconf 87' lang='lat' dir='ltr'>regnans</span> <span class='ocrx_word' id='word_1_455' title='bbox 2024 931 2077 958; x_wconf 81' lang='lat' dir='ltr'>est</span> <span class='ocrx_word' id='word_1_456' title='bbox 2091 925 2212 958; x_wconf 88' lang='lat' dir='ltr'>malum</span> 
     </span>
     <span class='ocr_line' id='line_1_71' title="bbox 1225 968 2212 1011; baseline 0.003 -12"><span class='ocrx_word' id='word_1_457' title='bbox 1225 969 1373 1010; x_wconf 82' lang='lat' dir='ltr'>originiS,</span> <span class='ocrx_word' id='word_1_458' title='bbox 1399 974 1429 999; x_wconf 88' lang='lat' dir='ltr'>et</span> <span class='ocrx_word' id='word_1_459' title='bbox 1453 968 1594 1000; x_wconf 84' lang='lat' dir='ltr'>affectus</span> <span class='ocrx_word' id='word_1_460' title='bbox 1618 979 1772 1011; x_wconf 85' lang='lat' dir='ltr'>pugnans</span> <span class='ocrx_word' id='word_1_461' title='bbox 1796 980 1870 1000; x_wconf 89' lang='lat' dir='ltr'>cum</span> <span class='ocrx_word' id='word_1_462' title='bbox 1892 969 1967 1011; x_wconf 86' lang='lat' dir='ltr'>lege</span> <span class='ocrx_word' id='word_1_463' title='bbox 1990 969 2065 1008; x_wconf 91' lang='lat' dir='ltr'>Dei,</span> <span class='ocrx_word' id='word_1_464' title='bbox 2089 970 2143 1002; x_wconf 90' lang='lat' dir='ltr'>cui</span> <span class='ocrx_word' id='word_1_465' title='bbox 2164 975 2212 1002; x_wconf 86' lang='lat' dir='ltr'>ta-</span> 
     </span>
     <span class='ocr_line' id='line_1_72' title="bbox 1223 1012 2213 1054; baseline 0.003 -12"><span class='ocrx_word' id='word_1_466' title='bbox 1223 1022 1300 1043; x_wconf 90' lang='lat' dir='ltr'>men</span> <span class='ocrx_word' id='word_1_467' title='bbox 1324 1019 1487 1053; x_wconf 82' lang='lat' dir='ltr'>repugnat</span> <span class='ocrx_word' id='word_1_468' title='bbox 1510 1013 1666 1044; x_wconf 81' lang='lat' dir='ltr'>voluntas</span> <span class='ocrx_word' id='word_1_469' title='bbox 1690 1013 1802 1044; x_wconf 85' lang='lat' dir='ltr'>adiuta</span> <span class='ocrx_word' id='word_1_470' title='bbox 1826 1023 1846 1044; x_wconf 88' lang='lat' dir='ltr'>a</span> <span class='ocrx_word' id='word_1_471' title='bbox 1867 1012 1992 1054; x_wconf 85' lang='lat' dir='ltr'>Spiritu</span> <span class='ocrx_word' id='word_1_472' title='bbox 2015 1019 2147 1052; x_wconf 85' lang='lat' dir='ltr'>sancto,</span> <span class='ocrx_word' id='word_1_473' title='bbox 2169 1023 2213 1045; x_wconf 88' lang='lat' dir='ltr'>ne</span> 
     </span>
     <span class='ocr_line' id='line_1_73' title="bbox 1224 1054 2213 1099; baseline 0.002 -13"><span class='ocrx_word' id='word_1_474' title='bbox 1224 1061 1342 1086; x_wconf 83' lang='lat' dir='ltr'>contra</span> <span class='ocrx_word' id='word_1_475' title='bbox 1378 1056 1616 1087; x_wconf 86' lang='lat' dir='ltr'>conscientiam</span> <span class='ocrx_word' id='word_1_476' title='bbox 1651 1054 1697 1087; x_wconf 91' lang='lat' dir='ltr'>illi</span> <span class='ocrx_word' id='word_1_477' title='bbox 1728 1066 1833 1096; x_wconf 85' lang='lat' dir='ltr'>pravo</span> <span class='ocrx_word' id='word_1_478' title='bbox 1867 1057 1969 1087; x_wconf 88' lang='lat' dir='ltr'>motui</span> <span class='ocrx_word' id='word_1_479' title='bbox 2005 1057 2213 1099; x_wconf 88' lang='lat' dir='ltr'>obtempere—</span> 
     </span>
     <span class='ocr_line' id='line_1_74' title="bbox 1224 1098 2212 1139; baseline 0.003 -10"><span class='ocrx_word' id='word_1_480' title='bbox 1224 1108 1316 1137; x_wconf 86' lang='lat' dir='ltr'>mus,</span> <span class='ocrx_word' id='word_1_481' title='bbox 1349 1105 1382 1129; x_wconf 87' lang='lat' dir='ltr'>et</span> <span class='ocrx_word' id='word_1_482' title='bbox 1411 1098 1476 1129; x_wconf 87' lang='lat' dir='ltr'>fide</span> <span class='ocrx_word' id='word_1_483' title='bbox 1499 1100 1578 1139; x_wconf 84' lang='lat' dir='ltr'>petit</span> <span class='ocrx_word' id='word_1_484' title='bbox 1606 1106 1639 1130; x_wconf 87' lang='lat' dir='ltr'>et</span> <span class='ocrx_word' id='word_1_485' title='bbox 1663 1100 1768 1130; x_wconf 89' lang='lat' dir='ltr'>credit</span> <span class='ocrx_word' id='word_1_486' title='bbox 1790 1100 1910 1130; x_wconf 85' lang='lat' dir='ltr'>remitti</span> <span class='ocrx_word' id='word_1_487' title='bbox 1933 1100 2021 1131; x_wconf 88' lang='lat' dir='ltr'>hanc</span> <span class='ocrx_word' id='word_1_488' title='bbox 2044 1099 2212 1132; x_wconf 83' lang='lat' dir='ltr'>infirmita-</span> 
     </span>
     <span class='ocr_line' id='line_1_75' title="bbox 1223 1141 2179 1184; baseline 0.002 -12"><span class='ocrx_word' id='word_1_489' title='bbox 1223 1148 1288 1173; x_wconf 87' lang='lat' dir='ltr'>tem</span> <span class='ocrx_word' id='word_1_490' title='bbox 1311 1147 1449 1184; x_wconf 86' lang='lat' dir='ltr'>propter</span> <span class='ocrx_word' id='word_1_491' title='bbox 1472 1141 1588 1173; x_wconf 87' lang='lat' dir='ltr'>Filium</span> <span class='ocrx_word' id='word_1_492' title='bbox 1611 1142 1674 1173; x_wconf 92' lang='lat' dir='ltr'>Dei</span> <span class='ocrx_word' id='word_1_493' title='bbox 1698 1153 1757 1183; x_wconf 92' lang='lat' dir='ltr'>pro</span> <span class='ocrx_word' id='word_1_494' title='bbox 1782 1143 1879 1174; x_wconf 84' lang='lat' dir='ltr'>nobis</span> <span class='ocrx_word' id='word_1_495' title='bbox 1903 1142 2179 1184; x_wconf 86' lang='lat' dir='ltr'>interpellantem.</span> 
     </span>
    </p>
   </div>
   <div class='ocr_carea' id='block_1_18' title="bbox 1300 1227 2214 1271">
    <p class='ocr_par' dir='ltr' id='par_1_19' title="bbox 1300 1227 2214 1271">
     <span class='ocr_line' id='line_1_76' title="bbox 1300 1227 2214 1271; baseline 0.002 -12"><span class='ocrx_word' id='word_1_496' title='bbox 1300 1227 1490 1263; x_wconf 66' lang='lat' dir='ltr'>‚Peccatum</span> <span class='ocrx_word' id='word_1_497' title='bbox 1513 1228 1673 1267; x_wconf 85' lang='lat' dir='ltr'>mortale,</span> <span class='ocrx_word' id='word_1_498' title='bbox 1704 1238 1764 1260; x_wconf 87' lang='lat' dir='ltr'>seu</span> <span class='ocrx_word' id='word_1_499' title='bbox 1786 1239 1934 1271; x_wconf 79' lang='lat' dir='ltr'>regnans</span> <span class='ocrx_word' id='word_1_500' title='bbox 1959 1230 1992 1260; x_wconf 90' lang='lat' dir='ltr'>in</span> <span class='ocrx_word' id='word_1_501' title='bbox 2014 1229 2110 1271; x_wconf 89' lang='lat' dir='ltr'>lapso</span> <span class='ocrx_word' id='word_1_502' title='bbox 2133 1236 2214 1271; x_wconf 88' lang='lat' dir='ltr'>post</span> 
     </span>
    </p>
   </div>
   <div class='ocr_carea' id='block_1_19' title="bbox 1196 1271 2214 1314">
    <p class='ocr_par' dir='ltr' id='par_1_20' title="bbox 1196 1271 2214 1314">
     <span class='ocr_line' id='line_1_77' title="bbox 1196 1271 2214 1314; baseline 0.002 -11"><span class='ocrx_word' id='word_1_503' title='bbox 1196 1305 1199 1308; x_wconf 55' lang='grc'>,</span> <span class='ocrx_word' id='word_1_504' title='bbox 1227 1273 1500 1311; x_wconf 85' lang='lat' dir='ltr'>conversionem,</span> <span class='ocrx_word' id='word_1_505' title='bbox 1532 1278 1582 1304; x_wconf 89' lang='lat' dir='ltr'>est</span> <span class='ocrx_word' id='word_1_506' title='bbox 1612 1271 1749 1304; x_wconf 86' lang='lat' dir='ltr'>violatio</span> <span class='ocrx_word' id='word_1_507' title='bbox 1778 1272 1865 1314; x_wconf 82' lang='lat' dir='ltr'>legis</span> <span class='ocrx_word' id='word_1_508' title='bbox 1894 1271 1959 1304; x_wconf 90' lang='lat' dir='ltr'>Dei</span> <span class='ocrx_word' id='word_1_509' title='bbox 1987 1279 2105 1304; x_wconf 88' lang='lat' dir='ltr'>contra</span> <span class='ocrx_word' id='word_1_510' title='bbox 2133 1283 2214 1305; x_wconf 90' lang='lat' dir='ltr'>con-</span> 
     </span>
    </p>
   </div>
   <div class='ocr_carea' id='block_1_20' title="bbox 1223 1316 2213 1488">
    <p class='ocr_par' dir='ltr' id='par_1_21' title="bbox 1223 1316 2213 1488">
     <span class='ocr_line' id='line_1_78' title="bbox 1225 1316 2213 1358; baseline 0.002 -12"><span class='ocrx_word' id='word_1_511' title='bbox 1225 1316 1414 1354; x_wconf 86' lang='lat' dir='ltr'>scientiam,</span> <span class='ocrx_word' id='word_1_512' title='bbox 1446 1326 1511 1358; x_wconf 88' lang='lat' dir='ltr'>qua</span> <span class='ocrx_word' id='word_1_513' title='bbox 1538 1317 1701 1354; x_wconf 79' lang='lat' dir='ltr'>admissa,</span> <span class='ocrx_word' id='word_1_514' title='bbox 1731 1326 1875 1357; x_wconf 70' lang='lat' dir='ltr'>persona</span> <span class='ocrx_word' id='word_1_515' title='bbox 1905 1316 1941 1347; x_wconf 79' lang='lat' dir='ltr'>fit</span> <span class='ocrx_word' id='word_1_516' title='bbox 1969 1326 2028 1348; x_wconf 86' lang='lat' dir='ltr'>rea</span> <span class='ocrx_word' id='word_1_517' title='bbox 2056 1323 2213 1349; x_wconf 85' lang='lat' dir='ltr'>aeternae</span> 
     </span>
     <span class='ocr_line' id='line_1_79' title="bbox 1223 1359 2212 1400; baseline 0.002 -10"><span class='ocrx_word' id='word_1_518' title='bbox 1223 1369 1371 1400; x_wconf 89' lang='lat' dir='ltr'>poenae,</span> <span class='ocrx_word' id='word_1_519' title='bbox 1405 1360 1467 1390; x_wconf 90' lang='lat' dir='ltr'>nisi</span> <span class='ocrx_word' id='word_1_520' title='bbox 1499 1369 1616 1390; x_wconf 89' lang='lat' dir='ltr'>rursus</span> <span class='ocrx_word' id='word_1_521' title='bbox 1646 1360 1678 1390; x_wconf 89' lang='lat' dir='ltr'>in</span> <span class='ocrx_word' id='word_1_522' title='bbox 1709 1360 1932 1390; x_wconf 75' lang='lat' dir='ltr'>conversione</span> <span class='ocrx_word' id='word_1_523' title='bbox 1962 1359 2021 1391; x_wconf 89' lang='lat' dir='ltr'>fiat</span> <span class='ocrx_word' id='word_1_524' title='bbox 2047 1361 2212 1392; x_wconf 90' lang='lat' dir='ltr'>remissio.</span> 
     </span>
     <span class='ocr_line' id='line_1_80' title="bbox 1224 1401 2213 1443; baseline 0.002 -10"><span class='ocrx_word' id='word_1_525' title='bbox 1224 1402 1267 1433; x_wconf 89' lang='lat' dir='ltr'>Et</span> <span class='ocrx_word' id='word_1_526' title='bbox 1291 1401 1347 1433; x_wconf 89' lang='lat' dir='ltr'>tali</span> <span class='ocrx_word' id='word_1_527' title='bbox 1370 1401 1551 1433; x_wconf 78' lang='lat' dir='ltr'>violatione</span> <span class='ocrx_word' id='word_1_528' title='bbox 1576 1413 1720 1434; x_wconf 79' lang='lat' dir='ltr'>excusso</span> <span class='ocrx_word' id='word_1_529' title='bbox 1737 1402 1862 1443; x_wconf 91' lang='lat' dir='ltr'>Spiritu</span> <span class='ocrx_word' id='word_1_530' title='bbox 1885 1408 2017 1441; x_wconf 87' lang='lat' dir='ltr'>sancto,</span> <span class='ocrx_word' id='word_1_531' title='bbox 2040 1413 2158 1435; x_wconf 90' lang='lat' dir='ltr'>rursus</span> <span class='ocrx_word' id='word_1_532' title='bbox 2180 1409 2213 1435; x_wconf 78' lang='lat' dir='ltr'>et</span> 
     </span>
     <span class='ocr_line' id='line_1_81' title="bbox 1224 1446 2077 1488; baseline 0 -12"><span class='ocrx_word' id='word_1_533' title='bbox 1224 1456 1329 1487; x_wconf 84' lang='lat' dir='ltr'>prava</span> <span class='ocrx_word' id='word_1_534' title='bbox 1353 1446 1621 1487; x_wconf 85' lang='lat' dir='ltr'>concupiscentia</span> <span class='ocrx_word' id='word_1_535' title='bbox 1645 1452 1696 1477; x_wconf 84' lang='lat' dir='ltr'>est</span> <span class='ocrx_word' id='word_1_536' title='bbox 1720 1452 1895 1487; x_wconf 89' lang='lat' dir='ltr'>peccatum</span> <span class='ocrx_word' id='word_1_537' title='bbox 1919 1456 2077 1488; x_wconf 84' lang='lat' dir='ltr'>regnans.</span> 
     </span>
    </p>
   </div>
   <div class='ocr_carea' id='block_1_21' title="bbox 1223 1530 2213 1657">
    <p class='ocr_par' dir='ltr' id='par_1_22' title="bbox 1223 1530 2213 1657">
     <span class='ocr_line' id='line_1_82' title="bbox 1311 1530 2212 1573; baseline 0 -10"><span class='ocrx_word' id='word_1_538' title='bbox 1311 1532 1383 1563; x_wconf 91' lang='lat' dir='ltr'>Nec</span> <span class='ocrx_word' id='word_1_539' title='bbox 1406 1532 1540 1564; x_wconf 89' lang='lat' dir='ltr'>dubium</span> <span class='ocrx_word' id='word_1_540' title='bbox 1564 1539 1633 1569; x_wconf 83' lang='lat' dir='ltr'>est,</span> <span class='ocrx_word' id='word_1_541' title='bbox 1664 1532 1713 1563; x_wconf 91' lang='lat' dir='ltr'>sic</span> <span class='ocrx_word' id='word_1_542' title='bbox 1738 1541 1839 1573; x_wconf 85' lang='lat' dir='ltr'>posse</span> <span class='ocrx_word' id='word_1_543' title='bbox 1863 1532 1931 1562; x_wconf 86' lang='lat' dir='ltr'>labi</span> <span class='ocrx_word' id='word_1_544' title='bbox 1961 1537 1994 1563; x_wconf 84' lang='lat' dir='ltr'>et</span> <span class='ocrx_word' id='word_1_545' title='bbox 2020 1541 2122 1572; x_wconf 89' lang='lat' dir='ltr'>saepe</span> <span class='ocrx_word' id='word_1_546' title='bbox 2144 1530 2212 1563; x_wconf 85' lang='lat' dir='ltr'>labi</span> 
     </span>
     <span class='ocr_line' id='line_1_83' title="bbox 1223 1574 2213 1617; baseline 0 -11"><span class='ocrx_word' id='word_1_547' title='bbox 1223 1581 1379 1613; x_wconf 88' lang='lat' dir='ltr'>renatos,</span> <span class='ocrx_word' id='word_1_548' title='bbox 1410 1586 1549 1617; x_wconf 88' lang='lat' dir='ltr'>quorum</span> <span class='ocrx_word' id='word_1_549' title='bbox 1579 1574 1633 1606; x_wconf 81' lang='lat' dir='ltr'>alii</span> <span class='ocrx_word' id='word_1_550' title='bbox 1663 1585 1782 1606; x_wconf 85' lang='lat' dir='ltr'>rursus</span> <span class='ocrx_word' id='word_1_551' title='bbox 1809 1575 1851 1605; x_wconf 89' lang='lat' dir='ltr'>ad</span> <span class='ocrx_word' id='word_1_552' title='bbox 1874 1574 1983 1606; x_wconf 90' lang='lat' dir='ltr'>Deum</span> <span class='ocrx_word' id='word_1_553' title='bbox 2012 1580 2213 1607; x_wconf 86' lang='lat' dir='ltr'>convertun-</span> 
     </span>
     <span class='ocr_line' id='line_1_84' title="bbox 1224 1617 2111 1657; baseline 0.001 -8"><span class='ocrx_word' id='word_1_554' title='bbox 1224 1625 1289 1657; x_wconf 86' lang='lat' dir='ltr'>tur,</span> <span class='ocrx_word' id='word_1_555' title='bbox 1314 1625 1348 1650; x_wconf 90' lang='lat' dir='ltr'>ut</span> <span class='ocrx_word' id='word_1_556' title='bbox 1371 1618 1491 1657; x_wconf 84' lang='lat' dir='ltr'>Adam,</span> <span class='ocrx_word' id='word_1_557' title='bbox 1515 1618 1621 1656; x_wconf 82' lang='lat' dir='ltr'>Heva,</span> <span class='ocrx_word' id='word_1_558' title='bbox 1644 1619 1771 1657; x_wconf 84' lang='lat' dir='ltr'>Aaron,</span> <span class='ocrx_word' id='word_1_559' title='bbox 1794 1617 1917 1657; x_wconf 81' lang='lat' dir='ltr'>David,</span> <span class='ocrx_word' id='word_1_560' title='bbox 1940 1617 2111 1650; x_wconf 82' lang='lat' dir='ltr'>Manasse.</span> 
     </span>
    </p>
   </div>
   <div class='ocr_carea' id='block_1_22' title="bbox 1224 1686 2214 2068">
    <p class='ocr_par' dir='ltr' id='par_1_23' title="bbox 1224 1686 2214 2068">
     <span class='ocr_line' id='line_1_85' title="bbox 1311 1686 2211 1726; baseline 0 -7"><span class='ocrx_word' id='word_1_561' title='bbox 1311 1686 1377 1719; x_wconf 87' lang='lat' dir='ltr'>Alii</span> <span class='ocrx_word' id='word_1_562' title='bbox 1401 1698 1467 1719; x_wconf 90' lang='lat' dir='ltr'>non</span> <span class='ocrx_word' id='word_1_563' title='bbox 1493 1693 1733 1719; x_wconf 86' lang='lat' dir='ltr'>convertuntur</span> <span class='ocrx_word' id='word_1_564' title='bbox 1755 1698 1889 1725; x_wconf 89' lang='lat' dir='ltr'>rursus,</span> <span class='ocrx_word' id='word_1_565' title='bbox 1919 1694 1954 1719; x_wconf 88' lang='lat' dir='ltr'>ut</span> <span class='ocrx_word' id='word_1_566' title='bbox 1978 1686 2078 1726; x_wconf 90' lang='lat' dir='ltr'>Saul,</span> <span class='ocrx_word' id='word_1_567' title='bbox 2099 1687 2211 1726; x_wconf 84' lang='lat' dir='ltr'>Iudas,</span> 
     </span>
     <span class='ocr_line' id='line_1_86' title="bbox 1225 1730 2213 1773; baseline 0 -11"><span class='ocrx_word' id='word_1_568' title='bbox 1225 1737 1257 1762; x_wconf 84' lang='lat' dir='ltr'>et</span> <span class='ocrx_word' id='word_1_569' title='bbox 1280 1732 1398 1773; x_wconf 81' lang='lat' dir='ltr'>ingens</span> <span class='ocrx_word' id='word_1_570' title='bbox 1423 1730 1616 1769; x_wconf 87' lang='lat' dir='ltr'>multitudo,</span> <span class='ocrx_word' id='word_1_571' title='bbox 1641 1737 1676 1762; x_wconf 88' lang='lat' dir='ltr'>ut</span> <span class='ocrx_word' id='word_1_572' title='bbox 1698 1730 1861 1772; x_wconf 87' lang='lat' dir='ltr'>parabola</span> <span class='ocrx_word' id='word_1_573' title='bbox 1884 1730 2001 1762; x_wconf 81' lang='lat' dir='ltr'>Matth.</span> <span class='ocrx_word' id='word_1_574' title='bbox 2025 1731 2075 1763; x_wconf 80' lang='lat'>12.</span> <span class='ocrx_word' id='word_1_575' title='bbox 2102 1737 2213 1762; x_wconf 90' lang='lat' dir='ltr'>osten-</span> 
     </span>
     <span class='ocr_line' id='line_1_87' title="bbox 1226 1773 2213 1817; baseline 0 -11"><span class='ocrx_word' id='word_1_576' title='bbox 1226 1776 1288 1814; x_wconf 87' lang='lat' dir='ltr'>dit,</span> <span class='ocrx_word' id='word_1_577' title='bbox 1312 1776 1345 1806; x_wconf 91' lang='lat' dir='ltr'>in</span> <span class='ocrx_word' id='word_1_578' title='bbox 1369 1786 1435 1817; x_wconf 85' lang='lat' dir='ltr'>qua</span> <span class='ocrx_word' id='word_1_579' title='bbox 1457 1775 1577 1806; x_wconf 85' lang='lat' dir='ltr'>dicitur</span> <span class='ocrx_word' id='word_1_580' title='bbox 1600 1775 1709 1806; x_wconf 86' lang='lat' dir='ltr'>redire</span> <span class='ocrx_word' id='word_1_581' title='bbox 1733 1773 1901 1807; x_wconf 86' lang='lat' dir='ltr'>diabolum</span> <span class='ocrx_word' id='word_1_582' title='bbox 1925 1775 1958 1806; x_wconf 91' lang='lat' dir='ltr'>in</span> <span class='ocrx_word' id='word_1_583' title='bbox 1982 1775 2115 1806; x_wconf 86' lang='lat' dir='ltr'>domum</span> <span class='ocrx_word' id='word_1_584' title='bbox 2137 1785 2213 1816; x_wconf 85' lang='lat' dir='ltr'>pur·</span> 
     </span>
     <span class='ocr_line' id='line_1_88' title="bbox 1226 1817 2214 1861; baseline -0.001 -11"><span class='ocrx_word' id='word_1_585' title='bbox 1226 1825 1347 1861; x_wconf 85' lang='lat' dir='ltr'>gatam.</span> <span class='ocrx_word' id='word_1_586' title='bbox 1384 1818 1427 1849; x_wconf 90' lang='lat' dir='ltr'>Et</span> <span class='ocrx_word' id='word_1_587' title='bbox 1449 1818 1565 1850; x_wconf 80' lang='lat' dir='ltr'>Matth.</span> <span class='ocrx_word' id='word_1_588' title='bbox 1593 1817 1643 1848; x_wconf 76' lang='lat'>13.</span> <span class='ocrx_word' id='word_1_589' title='bbox 1680 1818 1779 1849; x_wconf 83' lang='lat' dir='ltr'>Venit</span> <span class='ocrx_word' id='word_1_590' title='bbox 1803 1817 1968 1857; x_wconf 58' lang='lat' dir='ltr'>malus,et</span> <span class='ocrx_word' id='word_1_591' title='bbox 1991 1819 2076 1860; x_wconf 85' lang='lat' dir='ltr'>rapit</span> <span class='ocrx_word' id='word_1_592' title='bbox 2099 1828 2214 1850; x_wconf 88' lang='lat' dir='ltr'>semen</span> 
     </span>
     <span class='ocr_line' id='line_1_89' title="bbox 1225 1860 2210 1903; baseline -0.001 -10"><span class='ocrx_word' id='word_1_593' title='bbox 1225 1872 1266 1893; x_wconf 79' lang='lat' dir='ltr'>ex</span> <span class='ocrx_word' id='word_1_594' title='bbox 1291 1862 1392 1894; x_wconf 87' lang='lat' dir='ltr'>corde</span> <span class='ocrx_word' id='word_1_595' title='bbox 1416 1863 1498 1893; x_wconf 88' lang='lat' dir='ltr'>eius.</span> <span class='ocrx_word' id='word_1_596' title='bbox 1534 1861 1576 1892; x_wconf 88' lang='lat' dir='ltr'>Et</span> <span class='ocrx_word' id='word_1_597' title='bbox 1599 1862 1632 1892; x_wconf 90' lang='lat' dir='ltr'>in</span> <span class='ocrx_word' id='word_1_598' title='bbox 1656 1862 1805 1893; x_wconf 88' lang='lat' dir='ltr'>secunda</span> <span class='ocrx_word' id='word_1_599' title='bbox 1821 1860 1971 1903; x_wconf 87' lang='lat' dir='ltr'>Epistola</span> <span class='ocrx_word' id='word_1_600' title='bbox 1984 1861 2073 1892; x_wconf 90' lang='lat' dir='ltr'>Petri</span> <span class='ocrx_word' id='word_1_601' title='bbox 2093 1871 2167 1903; x_wconf 89' lang='lat' dir='ltr'>cap.</span> <span class='ocrx_word' id='word_1_602' title='bbox 2180 1861 2210 1892; x_wconf 83' lang='lat'>2.</span> 
     </span>
     <span class='ocr_line' id='line_1_90' title="bbox 1226 1905 2212 1948; baseline 0 -11"><span class='ocrx_word' id='word_1_603' title='bbox 1226 1905 1261 1937; x_wconf 87' lang='lat' dir='ltr'>Si</span> <span class='ocrx_word' id='word_1_604' title='bbox 1285 1917 1360 1937; x_wconf 83' lang='lat' dir='ltr'>cum</span> <span class='ocrx_word' id='word_1_605' title='bbox 1384 1905 1560 1948; x_wconf 86' lang='lat' dir='ltr'>effugerint</span> <span class='ocrx_word' id='word_1_606' title='bbox 1584 1906 1880 1936; x_wconf 85' lang='lat' dir='ltr'>contaminationes</span> <span class='ocrx_word' id='word_1_607' title='bbox 1898 1905 2021 1942; x_wconf 87' lang='lat' dir='ltr'>mundi,</span> <span class='ocrx_word' id='word_1_608' title='bbox 2044 1915 2104 1946; x_wconf 89' lang='lat' dir='ltr'>per</span> <span class='ocrx_word' id='word_1_609' title='bbox 2121 1905 2212 1947; x_wconf 85' lang='lat' dir='ltr'>agni—</span> 
     </span>
     <span class='ocr_line' id='line_1_91' title="bbox 1225 1947 2213 1988; baseline 0 -8"><span class='ocrx_word' id='word_1_610' title='bbox 1225 1950 1347 1981; x_wconf 72' lang='lat' dir='ltr'>tionem</span> <span class='ocrx_word' id='word_1_611' title='bbox 1370 1949 1516 1988; x_wconf 88' lang='lat' dir='ltr'>Domini,</span> <span class='ocrx_word' id='word_1_612' title='bbox 1539 1955 1572 1980; x_wconf 90' lang='lat' dir='ltr'>et</span> <span class='ocrx_word' id='word_1_613' title='bbox 1595 1949 1779 1980; x_wconf 83' lang='lat' dir='ltr'>servatoris</span> <span class='ocrx_word' id='word_1_614' title='bbox 1802 1948 1877 1980; x_wconf 89' lang='lat' dir='ltr'>lesu</span> <span class='ocrx_word' id='word_1_615' title='bbox 1901 1947 2043 1986; x_wconf 88' lang='lat' dir='ltr'>Christi,</span> <span class='ocrx_word' id='word_1_616' title='bbox 2067 1947 2119 1979; x_wconf 88' lang='lat' dir='ltr'>his</span> <span class='ocrx_word' id='word_1_617' title='bbox 2142 1959 2213 1980; x_wconf 88' lang='lat' dir='ltr'>rur-</span> 
     </span>
     <span class='ocr_line' id='line_1_92' title="bbox 1224 1992 2213 2035; baseline -0.001 -11"><span class='ocrx_word' id='word_1_618' title='bbox 1224 2003 1284 2024; x_wconf 87' lang='lat' dir='ltr'>sus</span> <span class='ocrx_word' id='word_1_619' title='bbox 1306 1992 1531 2035; x_wconf 87' lang='lat' dir='ltr'>implicantur,</span> <span class='ocrx_word' id='word_1_620' title='bbox 1556 1992 1639 2024; x_wconf 89' lang='lat' dir='ltr'>fiunt</span> <span class='ocrx_word' id='word_1_621' title='bbox 1662 1993 1710 2023; x_wconf 88' lang='lat' dir='ltr'>eis</span> <span class='ocrx_word' id='word_1_622' title='bbox 1734 1992 1915 2023; x_wconf 82' lang='lat' dir='ltr'>novissima</span> <span class='ocrx_word' id='word_1_623' title='bbox 1939 1992 2104 2024; x_wconf 88' lang='lat' dir='ltr'>deteriora</span> <span class='ocrx_word' id='word_1_624' title='bbox 2125 1992 2213 2034; x_wconf 90' lang='lat' dir='ltr'>prio-</span> 
     </span>
     <span class='ocr_line' id='line_1_93' title="bbox 1224 2038 1327 2068; baseline 0 0"><span class='ocrx_word' id='word_1_625' title='bbox 1224 2038 1327 2068; x_wconf 73' lang='lat' dir='ltr'>libus.</span> 
     </span>
    </p>
   </div>
   <div class='ocr_carea' id='block_1_23' title="bbox 1226 2103 2212 2191">
    <p class='ocr_par' dir='ltr' id='par_1_24' title="bbox 1226 2103 2212 2191">
     <span class='ocr_line' id='line_1_94' title="bbox 1312 2103 2212 2147; baseline -0.002 -10"><span class='ocrx_word' id='word_1_626' title='bbox 1312 2106 1464 2138; x_wconf 85' lang='lat' dir='ltr'>Necesse</span> <span class='ocrx_word' id='word_1_627' title='bbox 1493 2111 1544 2136; x_wconf 87' lang='lat' dir='ltr'>est</span> <span class='ocrx_word' id='word_1_628' title='bbox 1575 2105 1674 2147; x_wconf 84' lang='lat' dir='ltr'>igitur</span> <span class='ocrx_word' id='word_1_629' title='bbox 1703 2103 1801 2135; x_wconf 85' lang='lat' dir='ltr'>fateri</span> <span class='ocrx_word' id='word_1_630' title='bbox 1831 2110 1967 2136; x_wconf 88' lang='lat' dir='ltr'>renatos</span> <span class='ocrx_word' id='word_1_631' title='bbox 1997 2114 2100 2146; x_wconf 91' lang='lat' dir='ltr'>posse</span> <span class='ocrx_word' id='word_1_632' title='bbox 2133 2103 2212 2142; x_wconf 85' lang='lat' dir='ltr'>labi,</span> 
     </span>
     <span class='ocr_line' id='line_1_95' title="bbox 1226 2148 1796 2191; baseline -0.004 -10"><span class='ocrx_word' id='word_1_633' title='bbox 1226 2156 1258 2181; x_wconf 86' lang='lat' dir='ltr'>et</span> <span class='ocrx_word' id='word_1_634' title='bbox 1281 2151 1432 2181; x_wconf 87' lang='lat' dir='ltr'>amittere</span> <span class='ocrx_word' id='word_1_635' title='bbox 1455 2148 1612 2191; x_wconf 88' lang='lat' dir='ltr'>Spiritum</span> <span class='ocrx_word' id='word_1_636' title='bbox 1635 2154 1796 2180; x_wconf 87' lang='lat' dir='ltr'>sanctum.</span> 
     </span>
    </p>
   </div>
   <div class='ocr_carea' id='block_1_24' title="bbox 1226 2233 2214 2660">
    <p class='ocr_par' dir='ltr' id='par_1_25' title="bbox 1226 2233 2214 2660">
     <span class='ocr_line' id='line_1_96' title="bbox 1313 2233 2212 2277; baseline -0.001 -10"><span class='ocrx_word' id='word_1_637' title='bbox 1313 2235 1384 2267; x_wconf 89' lang='lat' dir='ltr'>Etsi</span> <span class='ocrx_word' id='word_1_638' title='bbox 1419 2240 1529 2266; x_wconf 87' lang='lat' dir='ltr'>autem</span> <span class='ocrx_word' id='word_1_639' title='bbox 1563 2233 1699 2266; x_wconf 86' lang='lat' dir='ltr'>difficile</span> <span class='ocrx_word' id='word_1_640' title='bbox 1737 2242 1786 2265; x_wconf 86' lang='lat' dir='ltr'>est</span> <span class='ocrx_word' id='word_1_641' title='bbox 1823 2234 1962 2277; x_wconf 83' lang='lat' dir='ltr'>gradum</span> <span class='ocrx_word' id='word_1_642' title='bbox 1998 2235 2212 2271; x_wconf 83' lang='lat' dir='ltr'>constituere,</span> 
     </span>
     <span class='ocr_line' id='line_1_97' title="bbox 1229 2276 2214 2321; baseline -0.003 -10"><span class='ocrx_word' id='word_1_643' title='bbox 1229 2288 1337 2311; x_wconf 81' lang='lat' dir='ltr'>tamen</span> <span class='ocrx_word' id='word_1_644' title='bbox 1366 2279 1420 2310; x_wconf 91' lang='lat' dir='ltr'>hic</span> <span class='ocrx_word' id='word_1_645' title='bbox 1446 2279 1576 2321; x_wconf 78' lang='lat' dir='ltr'>¹gradus</span> <span class='ocrx_word' id='word_1_646' title='bbox 1607 2289 1686 2309; x_wconf 83' lang='lat' dir='ltr'>vere</span> <span class='ocrx_word' id='word_1_647' title='bbox 1718 2279 1946 2315; x_wconf 87' lang='lat' dir='ltr'>constituitur,</span> <span class='ocrx_word' id='word_1_648' title='bbox 1977 2276 2151 2316; x_wconf 83' lang='lat' dir='ltr'>videlicet,</span> <span class='ocrx_word' id='word_1_649' title='bbox 2185 2277 2214 2308; x_wconf 92' lang='lat' dir='ltr'>si</span> 
     </span>
     <span class='ocr_line' id='line_1_98' title="bbox 1226 2320 2214 2363; baseline -0.002 -8"><span class='ocrx_word' id='word_1_650' title='bbox 1226 2324 1327 2355; x_wconf 90' lang='lat' dir='ltr'>homo</span> <span class='ocrx_word' id='word_1_651' title='bbox 1357 2328 1472 2354; x_wconf 82' lang='lat' dir='ltr'>contra</span> <span class='ocrx_word' id='word_1_652' title='bbox 1502 2323 1739 2353; x_wconf 80' lang='lat' dir='ltr'>conscientiam</span> <span class='ocrx_word' id='word_1_653' title='bbox 1762 2320 1864 2353; x_wconf 82' lang='lat' dir='ltr'>violet</span> <span class='ocrx_word' id='word_1_654' title='bbox 1893 2320 2002 2362; x_wconf 85' lang='lat' dir='ltr'>legem</span> <span class='ocrx_word' id='word_1_655' title='bbox 2025 2320 2107 2359; x_wconf 89' lang='lat' dir='ltr'>Dei,</span> <span class='ocrx_word' id='word_1_656' title='bbox 2138 2321 2214 2363; x_wconf 85' lang='lat' dir='ltr'>quia</span> 
     </span>
     <span class='ocr_line' id='line_1_99' title="bbox 1227 2364 2214 2407; baseline -0.003 -9"><span class='ocrx_word' id='word_1_657' title='bbox 1227 2365 1438 2398; x_wconf 89' lang='lat' dir='ltr'>manifestum</span> <span class='ocrx_word' id='word_1_658' title='bbox 1462 2372 1525 2404; x_wconf 74' lang='lat' dir='ltr'>est,</span> <span class='ocrx_word' id='word_1_659' title='bbox 1548 2366 1579 2396; x_wconf 92' lang='lat' dir='ltr'>in</span> <span class='ocrx_word' id='word_1_660' title='bbox 1603 2366 1728 2397; x_wconf 85' lang='lat' dir='ltr'>renatis</span> <span class='ocrx_word' id='word_1_661' title='bbox 1753 2371 1909 2407; x_wconf 90' lang='lat' dir='ltr'>oportere</span> <span class='ocrx_word' id='word_1_662' title='bbox 1932 2364 2017 2395; x_wconf 90' lang='lat' dir='ltr'>haec</span> <span class='ocrx_word' id='word_1_663' title='bbox 2040 2364 2105 2395; x_wconf 92' lang='lat' dir='ltr'>duo</span> <span class='ocrx_word' id='word_1_664' title='bbox 2125 2374 2214 2403; x_wconf 89' lang='lat' dir='ltr'>esse,</span> 
     </span>
     <span class='ocr_line' id='line_1_100' title="bbox 1227 2407 2214 2447; baseline -0.003 -5"><span class='ocrx_word' id='word_1_665' title='bbox 1227 2412 1326 2442; x_wconf 89' lang='lat' dir='ltr'>fidem</span> <span class='ocrx_word' id='word_1_666' title='bbox 1355 2416 1388 2442; x_wconf 88' lang='lat' dir='ltr'>et</span> <span class='ocrx_word' id='word_1_667' title='bbox 1414 2411 1535 2440; x_wconf 90' lang='lat' dir='ltr'>bonam</span> <span class='ocrx_word' id='word_1_668' title='bbox 1564 2409 1818 2447; x_wconf 78' lang='lat' dir='ltr'>conscientiam,</span> <span class='ocrx_word' id='word_1_669' title='bbox 1848 2409 1933 2439; x_wconf 88' lang='lat' dir='ltr'>sicut</span> <span class='ocrx_word' id='word_1_670' title='bbox 1964 2413 2106 2439; x_wconf 87' lang='lat' dir='ltr'>testatur</span> <span class='ocrx_word' id='word_1_671' title='bbox 2130 2407 2214 2439; x_wconf 83' lang='lat' dir='ltr'>Pau—</span> 
     </span>
     <span class='ocr_line' id='line_1_101' title="bbox 1227 2450 2213 2490; baseline -0.002 -6"><span class='ocrx_word' id='word_1_672' title='bbox 1227 2453 1280 2485; x_wconf 86' lang='lat' dir='ltr'>lus</span> <span class='ocrx_word' id='word_1_673' title='bbox 1307 2454 1334 2484; x_wconf 93' lang='grc'>1.</span> <span class='ocrx_word' id='word_1_674' title='bbox 1377 2453 1458 2484; x_wconf 89' lang='lat' dir='ltr'>Tim.</span> <span class='ocrx_word' id='word_1_675' title='bbox 1486 2453 1513 2484; x_wconf 88' lang='lat' dir='ltr'>l.</span> <span class='ocrx_word' id='word_1_676' title='bbox 1556 2453 1691 2484; x_wconf 86' lang='lat' dir='ltr'>Summa</span> <span class='ocrx_word' id='word_1_677' title='bbox 1714 2453 1861 2483; x_wconf 89' lang='lat' dir='ltr'>mandati</span> <span class='ocrx_word' id='word_1_678' title='bbox 1884 2452 1970 2483; x_wconf 89' lang='lat' dir='ltr'>haec</span> <span class='ocrx_word' id='word_1_679' title='bbox 1993 2458 2054 2490; x_wconf 92' lang='lat' dir='ltr'>est,</span> <span class='ocrx_word' id='word_1_680' title='bbox 2079 2450 2213 2483; x_wconf 89' lang='lat' dir='ltr'>dilectio</span> 
     </span>
     <span class='ocr_line' id='line_1_102' title="bbox 1228 2494 2214 2538; baseline -0.004 -9"><span class='ocrx_word' id='word_1_681' title='bbox 1228 2508 1269 2529; x_wconf 78' lang='lat' dir='ltr'>ex</span> <span class='ocrx_word' id='word_1_682' title='bbox 1300 2498 1401 2529; x_wconf 86' lang='lat' dir='ltr'>corde</span> <span class='ocrx_word' id='word_1_683' title='bbox 1430 2507 1530 2538; x_wconf 80' lang='lat' dir='ltr'>puro,</span> <span class='ocrx_word' id='word_1_684' title='bbox 1562 2503 1594 2527; x_wconf 89' lang='lat' dir='ltr'>et</span> <span class='ocrx_word' id='word_1_685' title='bbox 1624 2496 1829 2527; x_wconf 87' lang='lat' dir='ltr'>conscientia</span> <span class='ocrx_word' id='word_1_686' title='bbox 1854 2496 1959 2533; x_wconf 86' lang='lat' dir='ltr'>bona,</span> <span class='ocrx_word' id='word_1_687' title='bbox 1989 2501 2019 2526; x_wconf 88' lang='lat' dir='ltr'>et</span> <span class='ocrx_word' id='word_1_688' title='bbox 2050 2494 2115 2526; x_wconf 85' lang='lat' dir='ltr'>fide</span> <span class='ocrx_word' id='word_1_689' title='bbox 2146 2505 2214 2526; x_wconf 89' lang='lat' dir='ltr'>non</span> 
     </span>
     <span class='ocr_line' id='line_1_103' title="bbox 1227 2537 2213 2577; baseline -0.002 -5"><span class='ocrx_word' id='word_1_690' title='bbox 1227 2541 1315 2573; x_wconf 86' lang='lat' dir='ltr'>ficta.</span> <span class='ocrx_word' id='word_1_691' title='bbox 1362 2541 1460 2577; x_wconf 71' lang='lat' dir='ltr'>Item,</span> <span class='ocrx_word' id='word_1_692' title='bbox 1495 2539 1600 2571; x_wconf 79' lang='lat' dir='ltr'>M1lita</span> <span class='ocrx_word' id='word_1_693' title='bbox 1624 2541 1745 2571; x_wconf 86' lang='lat' dir='ltr'>bonam</span> <span class='ocrx_word' id='word_1_694' title='bbox 1767 2538 1932 2577; x_wconf 87' lang='lat' dir='ltr'>militiam,</span> <span class='ocrx_word' id='word_1_695' title='bbox 1962 2537 2091 2569; x_wconf 88' lang='lat' dir='ltr'>habens</span> <span class='ocrx_word' id='word_1_696' title='bbox 2115 2537 2213 2570; x_wconf 82' lang='lat' dir='ltr'>fidem</span> 
     </span>
     <span class='ocr_line' id='line_1_104' title="bbox 1227 2580 2214 2616; baseline -0.003 0"><span class='ocrx_word' id='word_1_697' title='bbox 1227 2591 1258 2615; x_wconf 92' lang='lat' dir='ltr'>et</span> <span class='ocrx_word' id='word_1_698' title='bbox 1278 2586 1398 2616; x_wconf 88' lang='lat' dir='ltr'>bonam</span> <span class='ocrx_word' id='word_1_699' title='bbox 1418 2584 1664 2616; x_wconf 87' lang='lat' dir='ltr'>conscientiam.</span> <span class='ocrx_word' id='word_1_700' title='bbox 1699 2583 1780 2614; x_wconf 86' lang='lat' dir='ltr'>Item</span> <span class='ocrx_word' id='word_1_701' title='bbox 1802 2583 1829 2614; x_wconf 89' lang='lat' dir='ltr'>l.</span> <span class='ocrx_word' id='word_1_702' title='bbox 1877 2581 1944 2614; x_wconf 89' lang='lat' dir='ltr'>Pet.</span> <span class='ocrx_word' id='word_1_703' title='bbox 1965 2580 1995 2613; x_wconf 87' lang='lat'>3.</span> <span class='ocrx_word' id='word_1_704' title='bbox 2031 2580 2214 2614; x_wconf 86' lang='lat' dir='ltr'>Conscien-</span> 
     </span>
     <span class='ocr_line' id='line_1_105' title="bbox 1227 2627 1645 2660; baseline -0.005 0"><span class='ocrx_word' id='word_1_705' title='bbox 1227 2628 1304 2660; x_wconf 86' lang='lat' dir='ltr'>tiam</span> <span class='ocrx_word' id='word_1_706' title='bbox 1327 2628 1489 2660; x_wconf 81' lang='lat' dir='ltr'>habentes</span> <span class='ocrx_word' id='word_1_707' title='bbox 1514 2627 1645 2659; x_wconf 87' lang='lat' dir='ltr'>bonam.</span> 
     </span>
    </p>
   </div>
   <div class='ocr_carea' id='block_1_25' title="bbox 2360 510 2383 860">
    <p class='ocr_par' dir='ltr' id='par_1_26' title="bbox 2360 510 2383 860">
     <span class='ocr_line' id='line_1_106' title="bbox 2367 510 2376 538; baseline 0 0"><span class='ocrx_word' id='word_1_708' title='bbox 2367 510 2376 538; x_wconf 69' lang='grc' dir='ltr'>Ρ</span> 
     </span>
     <span class='ocr_line' id='line_1_107' title="bbox 2361 538 2383 700; baseline 0 -5"><span class='ocrx_word' id='word_1_709' title='bbox 2361 538 2383 700; x_wconf 62' lang='grc' dir='ltr'>,ξ</span> 
     </span>
     <span class='ocr_line' id='line_1_108' title="bbox 2360 710 2383 747; baseline 0 -2"><span class='ocrx_word' id='word_1_710' title='bbox 2360 710 2383 747; x_wconf 61' lang='grc' dir='ltr'><em>ὦ</em></span> 
     </span>
     <span class='ocr_line' id='line_1_109' title="bbox 2361 750 2379 791; baseline 0 0"><span class='ocrx_word' id='word_1_711' title='bbox 2361 750 2379 791; x_wconf 69' lang='lat'>³³.</span> 
     </span>
     <span class='ocr_line' id='line_1_110' title="bbox 2367 795 2380 818; baseline 0 -9"><span class='ocrx_word' id='word_1_712' title='bbox 2367 795 2380 818; x_wconf 56' lang='lat' dir='ltr'>J</span> 
     </span>
     <span class='ocr_line' id='line_1_111' title="bbox 2363 827 2379 860; baseline 0 0"><span class='ocrx_word' id='word_1_713' title='bbox 2363 827 2379 860; x_wconf 67' lang='grc' dir='ltr'><strong>ξ</strong></span> 
     </span>
    </p>
   </div>
   <div class='ocr_carea' id='block_1_26' title="bbox 2315 1658 2383 2589">
    <p class='ocr_par' dir='ltr' id='par_1_27' title="bbox 2315 1658 2383 2589">
     <span class='ocr_line' id='line_1_112' title="bbox 2315 1658 2383 2589; baseline 0 0"><span class='ocrx_word' id='word_1_714' title='bbox 2315 1658 2383 2589; x_wconf 95' lang='lat' dir='ltr'> </span> 
     </span>
    </p>
   </div>
  </div>
 </body>
</html>
