2383 2990
181 122 244 156 283
821 121 932 153 PHlL.
957 119 1061 152 MEL.
1086 119 1275 153 SCRIPTA
1298 119 1580 152 DOGMATICA.
2152 119 2216 153 284

182 218 322 251 trahitur
345 218 482 251 Samuel
512 228 579 249 non
609 227 819 260 repugnans,
851 217 911 249 sed
934 216 1046 260 aliquo
1070 217 1170 249 modo

182 263 386 294 adsentiens.
433 262 575 293 Constat
594 263 679 293 enim
702 271 892 304 repugnare
915 271 989 292 eum
1012 270 1126 303 posse.

266 339 340 371 Etsi
374 345 483 371 autem
517 349 620 381 saepe
654 349 775 381 magna
816 340 997 371 certamina
1032 340 1073 371 de
1106 339 1172 371 hac

181 383 412 416 controversia
439 388 530 414 mota
561 390 656 419 sunt,
686 388 797 414 tamen
819 383 906 414 haec
930 382 1072 424 simplex
1096 393 1171 414 sen·
1195 385 1201 433 Ι

178 428 293 465 tentia,
317 437 415 468 quam
438 426 595 465 recitavi,
626 432 788 468 perpetua
812 437 880 458 vox
909 432 961 458 est
983 427 1111 467 piorum
1138 427 1172 457 in

177 469 354 508 Ecclesia,
384 475 421 500 ut
444 470 615 501 saniorum
638 470 764 510 scripta
789 469 880 502 clare
903 476 1080 509 testantur,
1103 469 1172 500 Au-

179 513 318 556 gustini,
354 512 530 554 prosperi,
569 512 775 552 Bernhardi,
812 520 845 545 et
878 513 1030 545 aliorum.
1094 513 1172 544 Non

177 557 325 598 adiungo
349 557 568 595 recentiores,
590 556 729 589 Scotum
753 563 787 588 et
811 557 956 595 Occam,
979 564 1012 588 et
1034 555 1172 595 similes,

179 600 235 642 qui
269 600 502 641 intempestive
536 598 761 642 philosophati
798 607 895 637 sunt,
936 606 969 632 et
1004 600 1172 632 finxerunt

177 642 356 674 humanam
390 643 596 675 voluntatem
631 654 735 686 posse
763 644 843 687 Legi
865 643 932 676 Dei
962 642 1172 682 satisfacere,

178 687 300 719 mereri
327 688 558 719 remissionem
588 693 804 729 peccatorum
840 694 905 719 ete.

178 731 360 762 execrandi
383 737 472 770 sunt,
495 737 532 762 ut
553 742 630 763 mox
650 741 769 763 rursus
794 731 933 764 dicetur.

962 687 1003 719 Hi
1038 697 1172 719 errores

267 825 352 857 Illud
381 827 481 858 etiam
512 827 668 858 monendi
696 833 774 857 sunt
802 826 865 868 pii,
898 836 972 857 cum
1003 825 1174 867 quaeritur

179 869 259 911 quid
282 875 361 911 agat
383 868 541 902 voluntas
571 870 734 908 humana,
769 876 895 901 tantum
923 870 965 901 de
999 867 1173 900 Electione

178 913 213 945 in
236 911 408 945 voluntate
427 915 503 951 dici,
527 924 595 946 non
620 913 660 945 de
684 913 887 951 EventibuS,
915 919 950 944 ut
973 913 1005 943 in
1031 912 1172 943 Davirlis

179 954 355 988 voluntate
378 963 429 988 est
453 956 585 995 electio,
611 958 699 999 quod
723 955 802 988 velit
826 956 901 987 Deo
927 956 1076 988 obedire.
1104 956 1172 987 Sed

180 1006 322 1032 eventus
352 999 556 1042 praeliorum
592 1007 623 1031 et
659 1001 820 1031 victoriae
843 1000 989 1042 pendent
1019 1000 1060 1030 ab
1097 998 1172 1030 aliis

182 1044 295 1075 causis
330 1050 425 1076 extra
459 1045 587 1086 ipsum,
619 1043 776 1075 videlicet
804 1054 823 1074 a
853 1043 927 1074 Deo
959 1050 1110 1074 armante
1140 1049 1173 1074 et

181 1088 387 1129 gubernante
416 1098 534 1119 manus
558 1087 665 1119 Ducis
692 1093 725 1119 et
748 1087 973 1125 exercituum,
1003 1093 1034 1118 et
1059 1085 1171 1129 aliquo

179 1131 279 1162 modo
303 1141 324 1162 a
345 1130 572 1163 voluntatibus
597 1132 777 1163 exercitus.

269 1225 455 1257 Videndum
480 1232 533 1258 est
556 1227 655 1268 igitur
686 1227 740 1257 ubi
772 1227 862 1258 dicta
893 1225 1073 1268 loquantur
1095 1236 1172 1266 pro-

180 1269 250 1311 prie
275 1269 315 1300 de
339 1269 525 1307 Electione,
549 1271 604 1301 ubi
629 1271 669 1301 de
692 1269 887 1301 Eventibus.
928 1270 985 1301 Sic
1009 1267 1171 1301 Salomon

181 1313 285 1354 inquit
309 1314 340 1344 in
365 1313 559 1345 Proverbiis
583 1324 656 1355 cap.
683 1314 734 1344 16.
787 1313 854 1345 Cor
877 1313 1021 1344 hominis
1045 1313 1172 1354 cogitat

182 1358 269 1388 viam
294 1367 399 1395 suam,
422 1358 483 1388 sed
495 1356 659 1388 Dominus
685 1357 860 1388 confirmat
884 1367 1051 1398 gressum,
1076 1356 1172 1397 quasi

183 1400 288 1437 dicat,
317 1399 378 1431 Est
411 1401 541 1442 quidem
567 1399 762 1431 deliberatio
789 1400 920 1442 aliqua,
950 1400 1108 1442 cogitatio
1139 1406 1170 1430 et

182 1442 312 1475 electio.
358 1444 426 1475 Sed
450 1443 533 1475 haec
556 1454 622 1474 non
647 1443 815 1475 sufiiciunt
844 1444 884 1474 ad
905 1450 1075 1481 eventurn,
1107 1443 1171 1473 imo

183 1487 347 1519 interilum
367 1494 456 1518 errat
478 1487 578 1519 homo
598 1488 630 1518 in
654 1487 881 1525 deliberando,
905 1494 940 1519 ut
954 1487 1058 1518 iosias
1084 1496 1173 1516 erra-

181 1532 239 1562 bat.
274 1531 467 1562 existimans
502 1542 539 1562 se
562 1531 684 1562 iustum
720 1538 750 1562 et
785 1531 1013 1562 necessarium
1050 1528 1174 1561 bellum

183 1584 319 1606 movere
342 1571 506 1606 ad'i'ersns
529 1574 657 1617 Regem
680 1575 894 1617 Aegyptium.

269 1660 400 1692 Deinde
435 1671 637 1692 concurrere
679 1659 761 1691 soris
796 1662 837 1692 ad
872 1668 1026 1692 eventum
1061 1658 1174 1701 plures

185 1714 307 1736 causas
339 1711 486 1746 oportet,
520 1705 583 1736 Dei
610 1703 768 1736 auxilinm
793 1712 824 1735 et
850 1705 1080 1736 instrumenta.
1105 1703 1174 1734 Etsi

184 1754 294 1779 autent
330 1749 402 1779 sine
434 1748 486 1779 liis¹
523 1749 720 1780 adiumentis
756 1759 821 1779 non
857 1754 969 1790 potest.
1002 1746 1118 1789 perlici
1142 1739 1205 1797 iili

186 1792 275 1833 quod
300 1802 469 1830 conamur,
494 1798 603 1823 tamen
633 1803 698 1823 non
724 1799 903 1833 propterea
928 1792 1079 1833 sequitur
1103 1789 1176 1821 nul·
1201 1801 1204 1809 ·

184 1834 251 1866 lam
275 1834 471 1867 electionem
496 1842 527 1866 et
552 1834 677 1867 nullam
700 1834 887 1867 libertatem
911 1845 998 1867 esse.
1203 1832 1205 1838 ’

1203 1875 1205 1887 i

1204 1890 1205 1900 t

274 1914 339 1946 Sed
367 1913 452 1945 haee
485 1914 648 1944 sententia
673 1911 862 1945 Salomonis
888 1919 920 1945 ct
943 1912 1068 1945 similes
1091 1911 1177 1943 haec
1204 1901 1205 1921 ¹

186 1958 248 1989 tria
271 1958 450 1999 praecipue
475 1956 748 1999 complectuntur.
1204 1973 1206 2006 ξ

273 2027 434 2065 Primum,
474 2026 668 2058 Mandatum
703 2037 763 2057 seu
804 2027 1015 2058 vocationem
1049 2036 1069 2057 a
1101 2024 1177 2056 Deo

186 2080 274 2109 esse,
297 2077 333 2102 ut
356 2081 375 2101 a
401 2070 475 2102 Deo
500 2071 607 2101 vocati
632 2076 726 2102 erant
758 2070 851 2109 Saul,
880 2069 1003 2108 David,
1039 2068 1175 2100 Paulus.

275 2140 477 2179 Secundum,
502 2140 624 2171 Audita
649 2141 838 2178 vocatione,
866 2141 1093 2181 obtemperant
1119 2137 1177 2170 ali-
1202 2153 1205 2171 i

188 2184 255 2226 qui,
291 2190 323 2214 et
357 2184 462 2215 iuvari
498 2194 535 2215 se
566 2195 585 2214 a
615 2183 689 2214 Deo
714 2190 847 2225 petunt,
883 2182 982 2225 aliqui
1016 2194 1083 2215 non
1119 2174 1205 2214 ob-i

186 2232 385 2268 temperant,
410 2226 509 2269 aliqui
534 2228 630 2258 etiam
656 2237 710 2257 res
735 2238 874 2269 magnas
904 2228 977 2259 sine
1000 2227 1177 2258 vocatione

187 2281 257 2302 moi
267 2279 332 2309 ent,
356 2277 392 2302 ut
415 2270 522 2302 losias
546 2270 671 2302 bellum
695 2272 806 2303 morit.

275 2349 427 2381 Necesse
451 2355 502 2381 est
525 2349 625 2391 igitur
648 2349 724 2380 addi
745 2349 926 2380 membrum
950 2349 1092 2380 tertium.
1129 2348 1179 2379 Ita

189 2390 306 2423 felices
330 2400 406 2424 sunt
441 2403 642 2431 successus,
673 2404 746 2426 cuin
767 2404 785 2424 a
811 2392 885 2424 Deo
909 2393 1073 2424 iuvantur.
1121 2393 1179 2424 Se-

190 2436 299 2466 cundo
331 2437 430 2478 igitur
457 2436 534 2468 loco
564 2447 638 2468 eum
673 2436 760 2477 impii
790 2443 845 2467 aut
880 2435 972 2467 nulla
1002 2435 1179 2468 vocatione

153 2512 159 2516 ,
192 2479 262 2510 suis
288 2478 435 2510 consiliis
458 2487 645 2517 moventur,
668 2487 725 2511 aut
747 2480 972 2512 adversantur
1000 2480 1179 2518 vocationi,

189 2520 308 2553 horum
332 2524 483 2554 actiones
507 2535 581 2555 eum
600 2534 668 2554 non
693 2524 847 2555 inventur
865 2534 885 2554 a
905 2523 991 2562 Deo,
1014 2533 1081 2554 non
1104 2529 1181 2554 sunt

189 2563 320 2604 felices,
343 2566 408 2597 Sed
433 2578 507 2598 cum
530 2566 731 2598 voluntnates
753 2565 865 2604 aliquo
891 2568 989 2598 modo
1014 2568 1182 2608 obtempe-

192 2615 267 2640 rant
289 2610 472 2649 vocationi,
497 2616 529 2642 et
552 2611 646 2642 iuvar
681 2622 719 2642 se
741 2617 870 2653 petunt,
892 2617 929 2643 ut
950 2610 1074 2650 David,
1096 2610 1181 2642 Pau·
1206 2619 1211 2648 ι

1224 216 1292 256 lus,
1311 222 1415 259 agunt
1438 215 1561 257 aliquid
1584 214 1704 247 horum
1723 214 1927 255 voluntates,
1952 215 2012 249 sed
2036 220 2116 247 tunc
2139 221 2216 248 sunt

1226 259 1385 292 efficaces
1409 266 1441 291 et
1463 258 1584 291 felices
1608 270 1684 290 eum
1706 269 1726 290 a
1748 258 1825 291 Deo
1848 260 2058 292 adiuvantur.

1312 304 1504 336 Admonitio
1540 302 1641 345 igitur
1674 304 1870 335 necessaria
1905 309 1938 335 et
1971 302 2150 336 utilissima
2181 303 2216 334 in

1224 348 1345 380 talibus
1369 348 1540 380 sententiis
1563 347 1771 388 proponitur.

1312 426 1478 464 Primum,
1513 425 1565 456 Ne
1588 431 1722 456 nostras
1745 425 2000 467 imaginationes
2025 434 2217 466 sequamur,

1225 470 1287 501 sed
1310 470 1344 501 in
1375 470 1463 501 omni
1495 469 1732 500 deliberatione
1755 468 1944 500 mandatum
1968 468 2033 501 Dei
2061 474 2094 499 et
2116 477 2216 500 voca-

1225 514 1348 545 tionem
1372 512 1633 544 consideremus.

1313 591 1488 629 Secundo,
1519 590 1605 626 Quia
1633 590 1822 622 mandatum
1852 588 1918 621 Dei
1948 590 1981 620 et
2003 589 2217 621 vocationem

1226 635 1395 672 audimus,
1419 636 1574 666 voluntas
1602 640 1721 665 nostra
1748 635 1975 675 obtemperet,
2004 639 2038 664 et
2060 633 2217 664 obedien-

1226 678 1302 710 tiam
1334 677 1409 709 Deo
1440 683 1614 718 praestare
1643 678 1795 715 studeat,
1824 687 1893 709 non
1921 677 1961 709 sit
1989 677 2131 718 ignava,
2160 681 2218 708 aut

1227 727 1418 754 contumax.

1314 798 1444 837 Tertio,
1476 799 1573 830 Petat
1602 800 1701 831 etiam
1730 798 1889 830 auxilium
1917 798 2007 829 hane
2035 797 2142 839 ipsam
2172 798 2218 829 ob

1227 853 1382 881 eausam,
1413 843 1490 884 quia
1515 843 1650 885 negotia
1681 844 1885 874 sustinemus
1908 852 1929 873 a
1951 841 2026 874 Deo
2042 841 2218 880 mandata,

1226 887 1426 928 pertinentia
1448 886 1490 917 ad
1515 885 1656 928 gloriam
1679 887 1795 928 ipsius.
1831 885 1880 917 lta
1902 886 2027 917 initium
2051 885 2219 916 actionum

1227 935 1279 961 est
1305 940 1325 961 a
1348 929 1435 967 Deo,
1460 936 1492 961 et
1515 931 1685 972 diligentia
1707 936 1825 961 nostra
1849 929 2036 973 flagitatur,
2060 934 2094 960 et
2116 928 2217 960 disci-

1225 984 1300 1005 mus
1324 972 1481 1005 auxilium
1504 972 1568 1005 Dei
1591 973 1770 1014 petendum
1794 983 1882 1005 esse.

1497 1167 1562 1207 De
1597 1168 1706 1208 dicto
1738 1166 1946 1207 Ieremiae.

1316 1294 1480 1336 Congruit
1503 1304 1578 1325 cum
1608 1294 1672 1326 hac
1697 1295 1908 1325 enarratione
1932 1300 1964 1325 et
1988 1293 2109 1324 dietum
2133 1291 2220 1324 lere-

1226 1338 1322 1373 miae,
1348 1348 1422 1379 cap.
1452 1338 1499 1369 10.
1547 1338 1625 1369 Scio
1650 1337 1805 1377 Domine,
1838 1337 1926 1379 quod
1951 1347 2018 1368 non
2042 1342 2092 1368 est
2117 1335 2220 1367 homi-

1226 1382 1278 1412 nis
1302 1381 1355 1412 via
1375 1382 1456 1413 eius.
1491 1381 1656 1422 Loquitur
1680 1382 1721 1412 de
1745 1382 1922 1412 vocatione
1946 1387 1979 1411 et
2001 1380 2220 1411 successibus

1228 1426 1258 1455 in
1284 1426 1472 1456 vocatione.
1518 1425 1604 1455 Nam
1629 1425 1682 1455 via
1706 1425 1904 1466 saepissime
1928 1422 2096 1465 significat
2119 1432 2220 1454 voca-

1227 1469 1361 1499 tionem.
1396 1467 1510 1499 Monet
1534 1475 1644 1499 autem
1667 1467 1824 1499 Ieremias
1848 1474 1974 1499 tantam
1998 1476 2076 1497 esse
2098 1464 2221 1497 molem

1227 1512 1396 1542 actionum
1427 1518 1458 1543 et
1489 1511 1714 1552 periculorum
1745 1512 1778 1542 in
1803 1520 2004 1553 quacunque
2028 1509 2219 1547 vocatione,

1228 1562 1261 1585 ut
1297 1554 1373 1586 sola
1408 1556 1552 1586 humana
1575 1553 1762 1596 vigilantia,
1799 1562 1830 1586 et
1860 1555 2027 1585 humanae
2052 1553 2140 1584 vires
2163 1563 2220 1584 ne-

1228 1609 1395 1640 quaquam
1420 1600 1483 1629 sint
1509 1610 1608 1639 pares
1632 1605 1724 1635 tanto
1749 1599 1853 1636 oneri,
1879 1598 1939 1629 sed
1962 1596 2131 1628 fatendum
2156 1602 2220 1634 est,

1228 1653 1312 1683 opus
1339 1652 1414 1673 esse
1449 1641 1572 1673 anxilio
1609 1642 1738 1679 divino,
1772 1649 1804 1673 et
1834 1642 2027 1673 ardentibus
2052 1640 2140 1671 votis
2164 1649 2220 1681 pe·

1229 1685 1379 1723 tendum,
1413 1693 1448 1717 ut
1479 1685 1574 1717 Deus
1604 1696 1667 1717 nos
1699 1686 1849 1723 adiuvet,
1886 1685 1971 1715 sicut
2003 1689 2034 1714 et
2068 1683 2138 1715 loh.
2171 1683 2219 1714 15.

1229 1729 1388 1770 scriptum
1412 1736 1482 1760 est:
1507 1730 1588 1761 Sine
1612 1739 1663 1760 me
1687 1728 1767 1760 nihil
1792 1728 1933 1770 potestis
1958 1727 2083 1759 iacere.

1317 1808 1463 1838 Sustinet
1487 1807 1599 1838 David
1624 1808 1749 1850 regiam
1773 1807 2067 1849 gubernationem,
2097 1806 2129 1836 in
2154 1815 2221 1847 qua

1230 1861 1295 1881 non
1319 1862 1458 1892 prorsus
1482 1850 1593 1882 nullus
1618 1858 1668 1882 est
1692 1850 1788 1882 loeus
1805 1850 1993 1892 diligentiae
2006 1859 2098 1887 suae,
2111 1855 2222 1880 tamen

1228 1895 1409 1936 praecipua
1440 1906 1518 1935 pars
1543 1906 1562 1926 a
1585 1894 1659 1926 Deo
1688 1896 1822 1935 pendet.
1877 1893 1970 1925 Deus
2003 1892 2099 1923 offert
2123 1902 2221 1923 occa-

1230 1939 1342 1969 siones
1373 1945 1598 1979 opportunas,
1629 1938 1733 1969 flectit
1762 1944 1906 1969 mentem
1929 1937 1971 1967 ad
1998 1937 2086 1967 bona
2111 1935 2221 1967 consi-

1228 1982 1282 2019 lia,
1307 1988 1339 2013 et
1369 1983 1503 2013 adiuvat
1532 1988 1683 2013 eventus.
1736 1981 1865 2012 lnterea
1896 1987 2004 2011 tamen
2035 1977 2148 2021 aliqua
2178 1989 2221 2010 ex

1230 2032 1324 2066 parte
1357 2025 1547 2067 diligentiae
1584 2025 1724 2056 Davidis
1756 2032 1825 2063 est,
1860 2023 1995 2055 labores
2030 2023 2220 2054 vocationis

1230 2070 1421 2110 suscipere,
1453 2069 1611 2100 mandare
1639 2067 1883 2106 locoinotivae,
1912 2074 1946 2098 ut
1977 2076 2094 2097 manus
2126 2075 2220 2107 prae-

1229 2111 1361 2151 lientur,
1386 2123 1451 2144 non
1476 2123 1654 2144 accersere
1679 2110 1799 2144 delicta
1822 2118 1940 2142 contra
1971 2110 2221 2147 conscientiam,

1229 2167 1295 2187 non
1318 2156 1505 2187 interficere
1529 2157 1666 2187 amicos.

1315 2234 1390 2265 Non
1415 2235 1516 2277 igitur
1538 2233 1622 2265 tollit
1649 2234 1805 2265 Ieremias
1837 2232 2061 2264 obedientiam
2083 2237 2221 2262 nostrae

1231 2277 1428 2310 voluntatis.
1457 2279 1518 2309 sed
1547 2278 1699 2309 adfirmat
1733 2288 1818 2319 opus
1848 2286 1926 2308 esse
1949 2273 2071 2307 auxilio
2095 2275 2220 2312 (livino,

1230 2332 1269 2353 ac
1293 2332 1434 2363 prorsus
1465 2322 1551 2353 idem
1586 2322 1705 2360 docet,
1740 2321 1829 2363 quod
1857 2320 1951 2362 prius
1983 2319 2024 2350 de
2053 2318 2221 2350 sententia

1230 2364 1420 2397 Salomonis
1446 2366 1569 2397 dictum
1593 2371 1655 2396 est.

1318 2442 1474 2479 Primum,
1497 2453 1563 2474 non
1587 2444 1778 2486 sequendas
1803 2453 1880 2474 esse
1902 2446 2039 2473 nostras
2062 2439 2221 2481 imagina-

1232 2488 1360 2525 tiones,
1383 2487 1442 2518 sed
1475 2487 1508 2518 in
1540 2488 1627 2518 omni
1659 2486 1899 2519 deliberatione
1929 2485 2119 2517 mandatum
2143 2481 2219 2521 Dei.

1232 2537 1264 2563 et
1286 2531 1497 2564 vocationem
1522 2531 1799 2563 considerandam
1823 2539 1913 2562 esse.

1321 2609 1497 2649 Secundo,
1529 2620 1596 2642 non
1619 2609 1802 2653 ignaviam,
1830 2614 1887 2641 aut
1917 2606 2160 2640 contumaciam
2186 2603 2221 2635 in

2380 1469 2383 1474 ἱ
2359 1324 2366 1367 ,-
2357 1130 2360 1192 ,μή
2357 1101 2367 1113 ,Α
2356 1042 2358 1049 ,

2362 1617 2383 1995 ἵζω
