<?xml version="1.0" encoding="UTF-8"?>
<!DOCTYPE html PUBLIC "-//W3C//DTD XHTML 1.0 Transitional//EN"
    "http://www.w3.org/TR/xhtml1/DTD/xhtml1-transitional.dtd">
<html xmlns="http://www.w3.org/1999/xhtml" xml:lang="en" lang="en">
 <head>
  <title>
</title>
<meta http-equiv="Content-Type" content="text/html;charset=utf-8" />
  <meta name='ocr-system' content='tesseract 3.04.00' />
  <meta name='ocr-capabilities' content='ocr_page ocr_carea ocr_par ocr_line ocrx_word'/>
</head>
<body>
  <div class='ocr_page' id='page_1' title='image "./operaquaesupersu23melauoft_0180.png"; bbox 0 0 2383 2990; ppageno 0'>
   <div class='ocr_carea' id='block_1_1' title="bbox 190 144 254 177">
    <p class='ocr_par' dir='ltr' id='par_1_1' title="bbox 190 144 254 177">
     <span class='ocr_line' id='line_1_1' title="bbox 190 144 254 177; baseline 0 0"><span class='ocrx_word' id='word_1_1' title='bbox 190 144 254 177; x_wconf 72' lang='lat'>223</span> 
     </span>
    </p>
   </div>
   <div class='ocr_carea' id='block_1_2' title="bbox 186 236 1173 665">
    <p class='ocr_par' dir='ltr' id='par_1_2' title="bbox 186 236 1173 665">
     <span class='ocr_line' id='line_1_2' title="bbox 190 236 1172 280; baseline -0.002 -10"><span class='ocrx_word' id='word_1_2' title='bbox 190 240 257 271; x_wconf 87' lang='lat' dir='ltr'>dita</span> <span class='ocrx_word' id='word_1_3' title='bbox 280 246 368 277; x_wconf 89' lang='lat' dir='ltr'>sunt,</span> <span class='ocrx_word' id='word_1_4' title='bbox 391 246 422 270; x_wconf 87' lang='lat' dir='ltr'>et</span> <span class='ocrx_word' id='word_1_5' title='bbox 448 239 555 270; x_wconf 83' lang='lat' dir='ltr'>omnia</span> <span class='ocrx_word' id='word_1_6' title='bbox 579 247 639 279; x_wconf 87' lang='lat' dir='ltr'>per</span> <span class='ocrx_word' id='word_1_7' title='bbox 662 247 735 268; x_wconf 92' lang='lat' dir='ltr'>eum</span> <span class='ocrx_word' id='word_1_8' title='bbox 760 237 956 268; x_wconf 84' lang='lat' dir='ltr'>consistunt.</span> <span class='ocrx_word' id='word_1_9' title='bbox 1001 236 1064 268; x_wconf 86' lang='lat' dir='ltr'>Est</span> <span class='ocrx_word' id='word_1_10' title='bbox 1090 248 1172 280; x_wconf 84' lang='lat' dir='ltr'>ergo</span> 
     </span>
     <span class='ocr_line' id='line_1_3' title="bbox 188 279 1173 322; baseline -0.003 -8"><span class='ocrx_word' id='word_1_11' title='bbox 188 284 220 314; x_wconf 89' lang='lat' dir='ltr'>in</span> <span class='ocrx_word' id='word_1_12' title='bbox 245 282 378 314; x_wconf 84' lang='lat' dir='ltr'>Christo</span> <span class='ocrx_word' id='word_1_13' title='bbox 401 288 518 313; x_wconf 85' lang='lat' dir='ltr'>natura</span> <span class='ocrx_word' id='word_1_14' title='bbox 532 282 641 312; x_wconf 86' lang='lat' dir='ltr'>divina</span> <span class='ocrx_word' id='word_1_15' title='bbox 654 280 816 311; x_wconf 74' lang='lat' dir='ltr'>conditrix</span> <span class='ocrx_word' id='word_1_16' title='bbox 839 291 959 311; x_wconf 88' lang='lat' dir='ltr'>rerum.</span> <span class='ocrx_word' id='word_1_17' title='bbox 991 279 1173 322; x_wconf 67' lang='grc'><strong>1116011051-</strong></span> 
     </span>
     <span class='ocr_line' id='line_1_4' title="bbox 190 323 1172 366; baseline -0.002 -9"><span class='ocrx_word' id='word_1_18' title='bbox 190 336 230 357; x_wconf 87' lang='lat' dir='ltr'>ea</span> <span class='ocrx_word' id='word_1_19' title='bbox 264 326 296 356; x_wconf 90' lang='lat' dir='ltr'>in</span> <span class='ocrx_word' id='word_1_20' title='bbox 332 326 437 366; x_wconf 77' lang='lat' dir='ltr'>capite</span> <span class='ocrx_word' id='word_1_21' title='bbox 461 326 491 355; x_wconf 69' lang='grc'>2.</span> <span class='ocrx_word' id='word_1_22' title='bbox 517 325 637 366; x_wconf 84' lang='lat' dir='ltr'>inquit,</span> <span class='ocrx_word' id='word_1_23' title='bbox 671 325 704 355; x_wconf 89' lang='lat' dir='ltr'>In</span> <span class='ocrx_word' id='word_1_24' title='bbox 729 325 802 365; x_wconf 86' lang='lat' dir='ltr'>ipso</span> <span class='ocrx_word' id='word_1_25' title='bbox 826 323 951 354; x_wconf 87' lang='lat' dir='ltr'>habitat</span> <span class='ocrx_word' id='word_1_26' title='bbox 975 324 1081 355; x_wconf 85' lang='lat' dir='ltr'>omnis</span> <span class='ocrx_word' id='word_1_27' title='bbox 1104 323 1172 365; x_wconf 90' lang='lat' dir='ltr'>ple-</span> 
     </span>
     <span class='ocr_line' id='line_1_5' title="bbox 188 366 1171 408; baseline -0.003 -8"><span class='ocrx_word' id='word_1_28' title='bbox 188 369 302 400; x_wconf 88' lang='lat' dir='ltr'>nitudo</span> <span class='ocrx_word' id='word_1_29' title='bbox 327 368 504 399; x_wconf 81' lang='lat' dir='ltr'>divinitatis</span> <span class='ocrx_word' id='word_1_30' title='bbox 529 366 760 408; x_wconf 80' lang='lat' dir='ltr'>corporaliter,</span> <span class='ocrx_word' id='word_1_31' title='bbox 789 368 883 408; x_wconf 81' lang='lat' dir='ltr'>quasi</span> <span class='ocrx_word' id='word_1_32' title='bbox 908 368 1014 405; x_wconf 86' lang='lat' dir='ltr'>dicat,</span> <span class='ocrx_word' id='word_1_33' title='bbox 1039 366 1074 397; x_wconf 93' lang='lat' dir='ltr'>ln</span> <span class='ocrx_word' id='word_1_34' title='bbox 1098 367 1171 398; x_wconf 89' lang='lat' dir='ltr'>aliis</span> 
     </span>
     <span class='ocr_line' id='line_1_6' title="bbox 189 409 1170 451; baseline -0.001 -9"><span class='ocrx_word' id='word_1_35' title='bbox 189 412 312 443; x_wconf 79' lang='lat' dir='ltr'>habitat</span> <span class='ocrx_word' id='word_1_36' title='bbox 340 411 435 441; x_wconf 85' lang='lat' dir='ltr'>Deus</span> <span class='ocrx_word' id='word_1_37' title='bbox 463 411 579 451; x_wconf 89' lang='lat' dir='ltr'>spiritu</span> <span class='ocrx_word' id='word_1_38' title='bbox 609 420 687 447; x_wconf 79' lang='grc'><strong>5110,</strong></span> <span class='ocrx_word' id='word_1_39' title='bbox 722 420 843 441; x_wconf 87' lang='lat' dir='ltr'>novam</span> <span class='ocrx_word' id='word_1_40' title='bbox 872 409 978 441; x_wconf 79' lang='lat' dir='ltr'>lucem</span> <span class='ocrx_word' id='word_1_41' title='bbox 1009 415 1040 441; x_wconf 87' lang='lat' dir='ltr'>et</span> <span class='ocrx_word' id='word_1_42' title='bbox 1063 421 1170 441; x_wconf 88' lang='lat' dir='ltr'>novos</span> 
     </span>
     <span class='ocr_line' id='line_1_7' title="bbox 189 452 1170 491; baseline -0.001 -6"><span class='ocrx_word' id='word_1_43' title='bbox 189 460 297 486; x_wconf 84' lang='lat' dir='ltr'>motus</span> <span class='ocrx_word' id='word_1_44' title='bbox 315 454 516 491; x_wconf 84' lang='lat' dir='ltr'>accendens,</span> <span class='ocrx_word' id='word_1_45' title='bbox 540 453 600 484; x_wconf 89' lang='lat' dir='ltr'>sed</span> <span class='ocrx_word' id='word_1_46' title='bbox 618 453 649 483; x_wconf 94' lang='lat' dir='ltr'>in</span> <span class='ocrx_word' id='word_1_47' title='bbox 664 452 799 484; x_wconf 81' lang='lat' dir='ltr'>Christo</span> <span class='ocrx_word' id='word_1_48' title='bbox 823 452 948 484; x_wconf 85' lang='lat' dir='ltr'>habitat</span> <span class='ocrx_word' id='word_1_49' title='bbox 972 463 1038 484; x_wconf 90' lang='lat' dir='ltr'>non</span> <span class='ocrx_word' id='word_1_50' title='bbox 1061 452 1170 484; x_wconf 88' lang='lat' dir='ltr'>solum</span> 
     </span>
     <span class='ocr_line' id='line_1_8' title="bbox 188 495 1172 539; baseline -0.002 -11"><span class='ocrx_word' id='word_1_51' title='bbox 188 498 313 539; x_wconf 82' lang='lat' dir='ltr'>spiritu,</span> <span class='ocrx_word' id='word_1_52' title='bbox 337 498 397 527; x_wconf 83' lang='lat' dir='ltr'>sed</span> <span class='ocrx_word' id='word_1_53' title='bbox 421 497 517 528; x_wconf 82' lang='lat' dir='ltr'>etiam</span> <span class='ocrx_word' id='word_1_54' title='bbox 540 497 596 534; x_wconf 83' lang='lat' dir='ltr'>ita,</span> <span class='ocrx_word' id='word_1_55' title='bbox 619 502 655 527; x_wconf 88' lang='lat' dir='ltr'>ut</span> <span class='ocrx_word' id='word_1_56' title='bbox 677 495 845 537; x_wconf 85' lang='lat' dir='ltr'>personali</span> <span class='ocrx_word' id='word_1_57' title='bbox 870 497 990 528; x_wconf 89' lang='lat' dir='ltr'>unione</span> <span class='ocrx_word' id='word_1_58' title='bbox 1008 495 1172 527; x_wconf 82' lang='lat' dir='ltr'><strong>humanae</strong></span> 
     </span>
     <span class='ocr_line' id='line_1_9' title="bbox 188 540 1172 581; baseline -0.001 -10"><span class='ocrx_word' id='word_1_59' title='bbox 188 548 325 571; x_wconf 79' lang='lat' dir='ltr'>naturae</span> <span class='ocrx_word' id='word_1_60' title='bbox 350 541 460 571; x_wconf 80' lang='lat' dir='ltr'>divina</span> <span class='ocrx_word' id='word_1_61' title='bbox 483 540 574 570; x_wconf 88' lang='lat' dir='ltr'>unita</span> <span class='ocrx_word' id='word_1_62' title='bbox 598 541 651 570; x_wconf 88' lang='lat' dir='ltr'>sit.</span> <span class='ocrx_word' id='word_1_63' title='bbox 697 540 781 571; x_wconf 85' lang='lat' dir='ltr'>Nam</span> <span class='ocrx_word' id='word_1_64' title='bbox 805 541 983 579; x_wconf 80' lang='grc' dir='ltr'><em>σωματικῶς</em></span> <span class='ocrx_word' id='word_1_65' title='bbox 1006 540 1172 581; x_wconf 81' lang='lat' dir='ltr'>significat</span> 
     </span>
     <span class='ocr_line' id='line_1_10' title="bbox 186 581 1171 625; baseline -0.002 -11"><span class='ocrx_word' id='word_1_66' title='bbox 186 582 447 614; x_wconf 86' lang='lat' dir='ltr'>substantialiter</span> <span class='ocrx_word' id='word_1_67' title='bbox 459 593 520 614; x_wconf 89' lang='lat' dir='ltr'>seu</span> <span class='ocrx_word' id='word_1_68' title='bbox 532 581 765 625; x_wconf 74' lang='lat' dir='ltr'><strong>personaliter,</strong></span> <span class='ocrx_word' id='word_1_69' title='bbox 791 584 866 624; x_wconf 86' lang='lat' dir='ltr'>quia</span> <span class='ocrx_word' id='word_1_70' title='bbox 888 589 923 614; x_wconf 84' lang='lat' dir='ltr'>ut</span> <span class='ocrx_word' id='word_1_71' title='bbox 945 594 1033 613; x_wconf 88' lang='lat' dir='ltr'>nunc</span> <span class='ocrx_word' id='word_1_72' title='bbox 1057 593 1171 623; x_wconf 85' lang='lat' dir='ltr'>perso-</span> 
     </span>
     <span class='ocr_line' id='line_1_11' title="bbox 187 626 1169 665; baseline -0.002 -8"><span class='ocrx_word' id='word_1_73' title='bbox 187 637 260 657; x_wconf 89' lang='lat' dir='ltr'>nam</span> <span class='ocrx_word' id='word_1_74' title='bbox 284 627 440 663; x_wconf 83' lang='lat' dir='ltr'>dicimus,</span> <span class='ocrx_word' id='word_1_75' title='bbox 476 628 520 657; x_wconf 77' lang='lat' dir='ltr'>ita</span> <span class='ocrx_word' id='word_1_76' title='bbox 544 632 675 657; x_wconf 82' lang='lat' dir='ltr'>veteres</span> <span class='ocrx_word' id='word_1_77' title='bbox 700 626 821 657; x_wconf 88' lang='lat' dir='ltr'>Graeci</span> <span class='ocrx_word' id='word_1_78' title='bbox 851 626 976 665; x_wconf 71' lang='grc' dir='ltr'><em>σώματα</em></span> <span class='ocrx_word' id='word_1_79' title='bbox 1008 627 1169 657; x_wconf 83' lang='lat' dir='ltr'>dixerunt.</span> 
     </span>
    </p>
   </div>
   <div class='ocr_carea' id='block_1_3' title="bbox 186 694 1171 824">
    <p class='ocr_par' dir='ltr' id='par_1_3' title="bbox 186 694 1171 824">
     <span class='ocr_line' id='line_1_12' title="bbox 272 694 1171 736; baseline -0.001 -10"><span class='ocrx_word' id='word_1_80' title='bbox 272 695 326 726; x_wconf 83' lang='lat' dir='ltr'>Ad</span> <span class='ocrx_word' id='word_1_81' title='bbox 349 695 469 726; x_wconf 85' lang='lat' dir='ltr'>Ebrae.</span> <span class='ocrx_word' id='word_1_82' title='bbox 491 695 520 727; x_wconf 89' lang='lat' dir='ltr'>l.</span> <span class='ocrx_word' id='word_1_83' title='bbox 556 695 660 730; x_wconf 80' lang='lat' dir='ltr'>Quem</span> <span class='ocrx_word' id='word_1_84' title='bbox 684 696 795 736; x_wconf 84' lang='lat' dir='ltr'>posuit</span> <span class='ocrx_word' id='word_1_85' title='bbox 818 694 996 726; x_wconf 80' lang='lat' dir='ltr'>haeredem</span> <span class='ocrx_word' id='word_1_86' title='bbox 1016 695 1171 732; x_wconf 90' lang='lat' dir='ltr'>omnium,</span> 
     </span>
     <span class='ocr_line' id='line_1_13' title="bbox 188 737 1171 780; baseline -0.002 -10"><span class='ocrx_word' id='word_1_87' title='bbox 188 748 246 779; x_wconf 86' lang='lat' dir='ltr'>per</span> <span class='ocrx_word' id='word_1_88' title='bbox 269 750 365 780; x_wconf 81' lang='lat' dir='ltr'>quem</span> <span class='ocrx_word' id='word_1_89' title='bbox 390 747 422 769; x_wconf 85' lang='lat' dir='ltr'>et</span> <span class='ocrx_word' id='word_1_90' title='bbox 445 737 558 769; x_wconf 87' lang='lat' dir='ltr'>secula</span> <span class='ocrx_word' id='word_1_91' title='bbox 580 737 667 779; x_wconf 77' lang='lat' dir='ltr'>fecit,</span> <span class='ocrx_word' id='word_1_92' title='bbox 688 739 743 779; x_wconf 86' lang='lat' dir='ltr'>qui</span> <span class='ocrx_word' id='word_1_93' title='bbox 762 745 811 769; x_wconf 88' lang='lat' dir='ltr'>est</span> <span class='ocrx_word' id='word_1_94' title='bbox 838 737 950 780; x_wconf 83' lang='lat' dir='ltr'>fulgor</span> <span class='ocrx_word' id='word_1_95' title='bbox 976 737 1115 779; x_wconf 78' lang='lat' dir='ltr'>gloriae,</span> <span class='ocrx_word' id='word_1_96' title='bbox 1139 743 1171 769; x_wconf 84' lang='lat' dir='ltr'>et</span> 
     </span>
     <span class='ocr_line' id='line_1_14' title="bbox 186 780 1008 824; baseline -0.001 -11"><span class='ocrx_word' id='word_1_97' title='bbox 186 780 312 824; x_wconf 83' lang='lat' dir='ltr'>effigies</span> <span class='ocrx_word' id='word_1_98' title='bbox 332 783 540 813; x_wconf 84' lang='lat' dir='ltr'>substantiae</span> <span class='ocrx_word' id='word_1_99' title='bbox 564 783 647 818; x_wconf 66' lang='lat' dir='ltr'>eius,</span> <span class='ocrx_word' id='word_1_100' title='bbox 673 787 865 812; x_wconf 82' lang='lat' dir='ltr'>sustentans</span> <span class='ocrx_word' id='word_1_101' title='bbox 890 783 1008 813; x_wconf 82' lang='grc'><strong>01111113.</strong></span> 
     </span>
    </p>
   </div>
   <div class='ocr_carea' id='block_1_4' title="bbox 271 848 1196 891">
    <p class='ocr_par' dir='ltr' id='par_1_4' title="bbox 271 848 1196 891">
     <span class='ocr_line' id='line_1_15' title="bbox 271 848 1196 891; baseline 0 -10"><span class='ocrx_word' id='word_1_102' title='bbox 271 851 346 881; x_wconf 71' lang='lat' dir='ltr'>Act.</span> <span class='ocrx_word' id='word_1_103' title='bbox 371 851 401 881; x_wconf 89' lang='lat'>7.</span> <span class='ocrx_word' id='word_1_104' title='bbox 442 850 584 881; x_wconf 87' lang='lat' dir='ltr'>Domine</span> <span class='ocrx_word' id='word_1_105' title='bbox 609 850 695 888; x_wconf 81' lang='grc'><strong>16511,</strong></span> <span class='ocrx_word' id='word_1_106' title='bbox 719 851 851 891; x_wconf 75' lang='lat' dir='ltr'>suscipe</span> <span class='ocrx_word' id='word_1_107' title='bbox 876 850 1025 890; x_wconf 89' lang='lat' dir='ltr'>spiritum</span> <span class='ocrx_word' id='word_1_108' title='bbox 1050 859 1169 880; x_wconf 87' lang='lat' dir='ltr'>meum.</span> <span class='ocrx_word' id='word_1_109' title='bbox 1194 848 1196 881; x_wconf 68' lang='lat' dir='ltr'>J</span> 
     </span>
    </p>
   </div>
   <div class='ocr_carea' id='block_1_5' title="bbox 185 891 1170 978">
    <p class='ocr_par' dir='ltr' id='par_1_5' title="bbox 185 891 1170 978">
     <span class='ocr_line' id='line_1_16' title="bbox 185 891 1170 935; baseline -0.002 -11"><span class='ocrx_word' id='word_1_110' title='bbox 185 892 278 924; x_wconf 89' lang='lat' dir='ltr'>Haec</span> <span class='ocrx_word' id='word_1_111' title='bbox 303 894 415 934; x_wconf 87' lang='lat' dir='ltr'>petitio</span> <span class='ocrx_word' id='word_1_112' title='bbox 440 894 551 924; x_wconf 83' lang='lat' dir='ltr'>tribuit</span> <span class='ocrx_word' id='word_1_113' title='bbox 573 891 729 931; x_wconf 73' lang='lat' dir='ltr'>Christo,</span> <span class='ocrx_word' id='word_1_114' title='bbox 753 893 841 935; x_wconf 84' lang='lat' dir='ltr'>quod</span> <span class='ocrx_word' id='word_1_115' title='bbox 865 893 1072 923; x_wconf 87' lang='lat' dir='ltr'>morientium</span> <span class='ocrx_word' id='word_1_116' title='bbox 1102 893 1170 922; x_wconf 88' lang='lat' dir='ltr'>ani-</span> 
     </span>
     <span class='ocr_line' id='line_1_17' title="bbox 185 936 1168 978; baseline -0.002 -11"><span class='ocrx_word' id='word_1_117' title='bbox 185 946 257 967; x_wconf 87' lang='lat' dir='ltr'>mas</span> <span class='ocrx_word' id='word_1_118' title='bbox 271 937 448 974; x_wconf 80' lang='lat' dir='ltr'>custodiat,</span> <span class='ocrx_word' id='word_1_119' title='bbox 469 942 499 967; x_wconf 89' lang='lat' dir='ltr'>et</span> <span class='ocrx_word' id='word_1_120' title='bbox 514 946 630 967; x_wconf 84' lang='lat' dir='ltr'>rursus</span> <span class='ocrx_word' id='word_1_121' title='bbox 644 938 824 978; x_wconf 84' lang='lat' dir='ltr'>coniungat</span> <span class='ocrx_word' id='word_1_122' title='bbox 836 936 961 966; x_wconf 84' lang='lat' dir='ltr'>animas</span> <span class='ocrx_word' id='word_1_123' title='bbox 973 942 1003 966; x_wconf 91' lang='lat' dir='ltr'>et</span> <span class='ocrx_word' id='word_1_124' title='bbox 1018 945 1168 976; x_wconf 84' lang='lat' dir='ltr'>corpora.</span> 
     </span>
    </p>
   </div>
   <div class='ocr_carea' id='block_1_6' title="bbox 185 1004 1167 1089">
    <p class='ocr_par' dir='ltr' id='par_1_6' title="bbox 185 1004 1167 1089">
     <span class='ocr_line' id='line_1_18' title="bbox 276 1004 810 1045; baseline -0.002 -10"><span class='ocrx_word' id='word_1_125' title='bbox 276 1006 302 1037; x_wconf 92' lang='grc'>1.</span> <span class='ocrx_word' id='word_1_126' title='bbox 322 1004 441 1036; x_wconf 88' lang='grc' dir='ltr'><strong>Τ11655.</strong></span> <span class='ocrx_word' id='word_1_127' title='bbox 466 1005 495 1036; x_wconf 84' lang='grc'>3.</span> <span class='ocrx_word' id='word_1_128' title='bbox 542 1005 617 1045; x_wconf 86' lang='lat' dir='ltr'>lpse</span> <span class='ocrx_word' id='word_1_129' title='bbox 647 1004 741 1035; x_wconf 88' lang='lat' dir='ltr'>Deus</span> <span class='ocrx_word' id='word_1_130' title='bbox 777 1010 810 1036; x_wconf 88' lang='lat' dir='ltr'>et</span> 
     </span>
     <span class='ocr_line' id='line_1_19' title="bbox 185 1046 1167 1089; baseline -0.002 -10"><span class='ocrx_word' id='word_1_131' title='bbox 185 1047 347 1079; x_wconf 76' lang='lat' dir='ltr'>Dominus</span> <span class='ocrx_word' id='word_1_132' title='bbox 362 1055 477 1079; x_wconf 91' lang='lat' dir='ltr'>noster</span> <span class='ocrx_word' id='word_1_133' title='bbox 490 1048 583 1079; x_wconf 85' lang='lat' dir='ltr'>lesus</span> <span class='ocrx_word' id='word_1_134' title='bbox 598 1046 751 1079; x_wconf 77' lang='lat' dir='ltr'>Christus</span> <span class='ocrx_word' id='word_1_135' title='bbox 766 1048 887 1089; x_wconf 86' lang='lat' dir='ltr'>dirigat</span> <span class='ocrx_word' id='word_1_136' title='bbox 906 1048 992 1078; x_wconf 84' lang='lat' dir='ltr'>viam</span> <span class='ocrx_word' id='word_1_137' title='bbox 1008 1053 1167 1078; x_wconf 79' lang='lat' dir='ltr'>nostram</span> 
     </span>
    </p>
   </div>
   <div class='ocr_carea' id='block_1_7' title="bbox 389 1209 963 1242">
    <p class='ocr_par' dir='ltr' id='par_1_7' title="bbox 389 1209 963 1242">
     <span class='ocr_line' id='line_1_20' title="bbox 389 1209 963 1242; baseline -0.002 -1"><span class='ocrx_word' id='word_1_138' title='bbox 389 1210 451 1242; x_wconf 88' lang='lat' dir='ltr'>EX</span> <span class='ocrx_word' id='word_1_139' title='bbox 476 1209 637 1241; x_wconf 85' lang='lat' dir='ltr'>VETERI</span> <span class='ocrx_word' id='word_1_140' title='bbox 655 1209 963 1241; x_wconf 78' lang='lat' dir='ltr'>TESTAMENTO.</span> 
     </span>
    </p>
   </div>
   <div class='ocr_carea' id='block_1_8' title="bbox 183 1311 1170 1484">
    <p class='ocr_par' dir='ltr' id='par_1_8' title="bbox 183 1311 1170 1484">
     <span class='ocr_line' id='line_1_21' title="bbox 271 1311 1170 1350; baseline -0.001 -5"><span class='ocrx_word' id='word_1_141' title='bbox 271 1313 349 1345; x_wconf 70' lang='lat' dir='ltr'>Esai</span> <span class='ocrx_word' id='word_1_142' title='bbox 390 1315 420 1345; x_wconf 89' lang='lat'>7.</span> <span class='ocrx_word' id='word_1_143' title='bbox 467 1313 652 1344; x_wconf 82' lang='lat' dir='ltr'>Vocabitur</span> <span class='ocrx_word' id='word_1_144' title='bbox 680 1323 799 1344; x_wconf 82' lang='lat' dir='ltr'>nomen</span> <span class='ocrx_word' id='word_1_145' title='bbox 830 1314 900 1345; x_wconf 87' lang='lat' dir='ltr'>eius</span> <span class='ocrx_word' id='word_1_146' title='bbox 923 1311 1102 1350; x_wconf 84' lang='lat' dir='ltr'>Emanuel‚</span> <span class='ocrx_word' id='word_1_147' title='bbox 1137 1313 1170 1344; x_wconf 86' lang='lat' dir='ltr'>id</span> 
     </span>
     <span class='ocr_line' id='line_1_22' title="bbox 186 1356 1170 1398; baseline -0.002 -10"><span class='ocrx_word' id='word_1_148' title='bbox 186 1364 247 1395; x_wconf 85' lang='lat' dir='ltr'>est,</span> <span class='ocrx_word' id='word_1_149' title='bbox 270 1358 444 1388; x_wconf 81' lang='lat' dir='ltr'>nobiscum</span> <span class='ocrx_word' id='word_1_150' title='bbox 462 1356 567 1387; x_wconf 87' lang='lat' dir='ltr'>Deus.</span> <span class='ocrx_word' id='word_1_151' title='bbox 604 1357 666 1388; x_wconf 82' lang='lat' dir='ltr'>Sed</span> <span class='ocrx_word' id='word_1_152' title='bbox 691 1356 816 1388; x_wconf 88' lang='lat' dir='ltr'>firmius</span> <span class='ocrx_word' id='word_1_153' title='bbox 842 1362 892 1387; x_wconf 86' lang='lat' dir='ltr'>est</span> <span class='ocrx_word' id='word_1_154' title='bbox 911 1358 1000 1398; x_wconf 89' lang='lat' dir='ltr'>qnod</span> <span class='ocrx_word' id='word_1_155' title='bbox 1020 1357 1170 1398; x_wconf 83' lang='lat' dir='ltr'>sequitur</span> 
     </span>
     <span class='ocr_line' id='line_1_23' title="bbox 185 1399 1169 1442; baseline -0.003 -10"><span class='ocrx_word' id='word_1_156' title='bbox 185 1412 259 1442; x_wconf 74' lang='lat' dir='ltr'>cap.</span> <span class='ocrx_word' id='word_1_157' title='bbox 282 1400 313 1431; x_wconf 90' lang='grc'>9.</span> <span class='ocrx_word' id='word_1_158' title='bbox 338 1401 512 1432; x_wconf 85' lang='lat' dir='ltr'>vocabitur</span> <span class='ocrx_word' id='word_1_159' title='bbox 536 1410 655 1430; x_wconf 87' lang='lat' dir='ltr'>nomen</span> <span class='ocrx_word' id='word_1_160' title='bbox 685 1400 773 1437; x_wconf 80' lang='lat' dir='ltr'>eius,</span> <span class='ocrx_word' id='word_1_161' title='bbox 799 1399 1028 1437; x_wconf 82' lang='lat' dir='ltr'>Admirabilis,</span> <span class='ocrx_word' id='word_1_162' title='bbox 1053 1400 1169 1431; x_wconf 84' lang='lat' dir='ltr'>Consi-</span> 
     </span>
     <span class='ocr_line' id='line_1_24' title="bbox 183 1443 1023 1484; baseline -0.002 -9"><span class='ocrx_word' id='word_1_163' title='bbox 183 1443 307 1482; x_wconf 70' lang='lat' dir='ltr'>uarius,</span> <span class='ocrx_word' id='word_1_164' title='bbox 330 1443 437 1481; x_wconf 70' lang='lat' dir='ltr'>Deus,</span> <span class='ocrx_word' id='word_1_165' title='bbox 460 1443 580 1481; x_wconf 87' lang='lat' dir='ltr'>Fortis,</span> <span class='ocrx_word' id='word_1_166' title='bbox 605 1443 704 1473; x_wconf 86' lang='lat' dir='ltr'>Pater</span> <span class='ocrx_word' id='word_1_167' title='bbox 725 1443 810 1473; x_wconf 86' lang='lat' dir='ltr'>vitae</span> <span class='ocrx_word' id='word_1_168' title='bbox 834 1449 1023 1484; x_wconf 78' lang='lat' dir='ltr'>perpetuae.</span> 
     </span>
    </p>
   </div>
   <div class='ocr_carea' id='block_1_9' title="bbox 184 1510 1170 1630">
    <p class='ocr_par' dir='ltr' id='par_1_9' title="bbox 184 1510 1170 1630">
     <span class='ocr_line' id='line_1_25' title="bbox 270 1510 1170 1552; baseline -0.003 -8"><span class='ocrx_word' id='word_1_169' title='bbox 270 1513 341 1544; x_wconf 86' lang='lat' dir='ltr'>Etsi</span> <span class='ocrx_word' id='word_1_170' title='bbox 366 1513 450 1544; x_wconf 92' lang='lat' dir='ltr'>enim</span> <span class='ocrx_word' id='word_1_171' title='bbox 474 1512 528 1543; x_wconf 80' lang='lat' dir='ltr'>hic</span> <span class='ocrx_word' id='word_1_172' title='bbox 552 1512 661 1543; x_wconf 86' lang='lat' dir='ltr'>ludaei</span> <span class='ocrx_word' id='word_1_173' title='bbox 685 1512 867 1552; x_wconf 78' lang='lat' dir='ltr'>depravant</span> <span class='ocrx_word' id='word_1_174' title='bbox 894 1511 1094 1543; x_wconf 85' lang='lat' dir='ltr'>vocabulum</span> <span class='ocrx_word' id='word_1_175' title='bbox 1117 1510 1170 1549; x_wconf 86' lang='lat' dir='ltr'>El,</span> 
     </span>
     <span class='ocr_line' id='line_1_26' title="bbox 185 1555 1168 1597; baseline -0.002 -10"><span class='ocrx_word' id='word_1_176' title='bbox 185 1562 215 1588; x_wconf 89' lang='lat' dir='ltr'>et</span> <span class='ocrx_word' id='word_1_177' title='bbox 241 1557 353 1587; x_wconf 81' lang='lat' dir='ltr'>dicunt</span> <span class='ocrx_word' id='word_1_178' title='bbox 377 1556 546 1597; x_wconf 65' lang='grc' dir='ltr'>(Ξμφίβολον</span> <span class='ocrx_word' id='word_1_179' title='bbox 570 1565 665 1592; x_wconf 83' lang='lat' dir='ltr'>esse,</span> <span class='ocrx_word' id='word_1_180' title='bbox 687 1561 794 1585; x_wconf 84' lang='lat' dir='ltr'>tamen</span> <span class='ocrx_word' id='word_1_181' title='bbox 821 1565 966 1596; x_wconf 83' lang='lat' dir='ltr'>sequens</span> <span class='ocrx_word' id='word_1_182' title='bbox 979 1555 1168 1595; x_wconf 78' lang='lat' dir='ltr'>proprietas</span> 
     </span>
     <span class='ocr_line' id='line_1_27' title="bbox 184 1596 922 1630; baseline -0.001 0"><span class='ocrx_word' id='word_1_183' title='bbox 184 1600 296 1630; x_wconf 88' lang='lat' dir='ltr'>addita</span> <span class='ocrx_word' id='word_1_184' title='bbox 330 1598 451 1630; x_wconf 80' lang='lat' dir='ltr'>refutat</span> <span class='ocrx_word' id='word_1_185' title='bbox 475 1599 639 1629; x_wconf 80' lang='lat' dir='ltr'>ludaicam</span> <span class='ocrx_word' id='word_1_186' title='bbox 671 1596 922 1629; x_wconf 69' lang='lat' dir='ltr'>cavillationem.</span> 
     </span>
    </p>
   </div>
   <div class='ocr_carea' id='block_1_10' title="bbox 184 1684 1170 1858">
    <p class='ocr_par' dir='ltr' id='par_1_10' title="bbox 184 1684 1170 1858">
     <span class='ocr_line' id='line_1_28' title="bbox 184 1684 789 1725; baseline -0.005 -8"><span class='ocrx_word' id='word_1_187' title='bbox 184 1685 270 1717; x_wconf 83' lang='lat' dir='ltr'>feste</span> <span class='ocrx_word' id='word_1_188' title='bbox 298 1686 450 1717; x_wconf 87' lang='lat' dir='ltr'>tribuitur</span> <span class='ocrx_word' id='word_1_189' title='bbox 484 1686 512 1716; x_wconf 90' lang='lat' dir='ltr'>ei</span> <span class='ocrx_word' id='word_1_190' title='bbox 543 1684 789 1725; x_wconf 85' lang='lat' dir='ltr'>omnipotentia.</span> 
     </span>
     <span class='ocr_line' id='line_1_29' title="bbox 185 1726 1170 1767; baseline -0.003 -7"><span class='ocrx_word' id='word_1_191' title='bbox 185 1735 363 1767; x_wconf 79' lang='lat' dir='ltr'>aeternam,</span> <span class='ocrx_word' id='word_1_192' title='bbox 388 1727 492 1759; x_wconf 82' lang='lat' dir='ltr'>solius</span> <span class='ocrx_word' id='word_1_193' title='bbox 517 1734 567 1759; x_wconf 85' lang='lat' dir='ltr'>est</span> <span class='ocrx_word' id='word_1_194' title='bbox 592 1728 721 1759; x_wconf 85' lang='lat' dir='ltr'>divinae</span> <span class='ocrx_word' id='word_1_195' title='bbox 743 1733 893 1758; x_wconf 79' lang='lat' dir='ltr'>naturae.</span> <span class='ocrx_word' id='word_1_196' title='bbox 929 1726 1090 1767; x_wconf 77' lang='lat' dir='ltr'>Congruit</span> <span class='ocrx_word' id='word_1_197' title='bbox 1113 1737 1170 1757; x_wconf 86' lang='lat' dir='ltr'>au-</span> 
     </span>
     <span class='ocr_line' id='line_1_30' title="bbox 185 1771 1168 1812; baseline -0.003 -9"><span class='ocrx_word' id='word_1_198' title='bbox 185 1778 252 1803; x_wconf 86' lang='lat' dir='ltr'>tem</span> <span class='ocrx_word' id='word_1_199' title='bbox 285 1772 349 1803; x_wconf 88' lang='lat' dir='ltr'>hoc</span> <span class='ocrx_word' id='word_1_200' title='bbox 383 1773 506 1803; x_wconf 89' lang='lat' dir='ltr'>dictum</span> <span class='ocrx_word' id='word_1_201' title='bbox 541 1782 615 1803; x_wconf 86' lang='lat' dir='ltr'>cum</span> <span class='ocrx_word' id='word_1_202' title='bbox 650 1781 690 1801; x_wconf 87' lang='lat' dir='ltr'>eo</span> <span class='ocrx_word' id='word_1_203' title='bbox 726 1771 815 1812; x_wconf 85' lang='lat' dir='ltr'>quod</span> <span class='ocrx_word' id='word_1_204' title='bbox 849 1780 948 1812; x_wconf 81' lang='lat' dir='ltr'>supra</span> <span class='ocrx_word' id='word_1_205' title='bbox 981 1771 1168 1808; x_wconf 78' lang='lat' dir='ltr'>citavimus,</span> 
     </span>
     <span class='ocr_line' id='line_1_31' title="bbox 184 1814 719 1858; baseline -0.002 -13"><span class='ocrx_word' id='word_1_206' title='bbox 184 1815 256 1858; x_wconf 82' lang='lat' dir='ltr'>Ego</span> <span class='ocrx_word' id='word_1_207' title='bbox 283 1817 381 1847; x_wconf 79' lang='lat' dir='ltr'>vitam</span> <span class='ocrx_word' id='word_1_208' title='bbox 404 1823 572 1846; x_wconf 83' lang='lat' dir='ltr'>aeternam</span> <span class='ocrx_word' id='word_1_209' title='bbox 596 1815 638 1845; x_wconf 90' lang='lat' dir='ltr'>do</span> <span class='ocrx_word' id='word_1_210' title='bbox 663 1814 719 1845; x_wconf 77' lang='grc'><strong>615,</strong></span> 
     </span>
    </p>
   </div>
   <div class='ocr_carea' id='block_1_11' title="bbox 185 1882 1171 2044">
    <p class='ocr_par' dir='ltr' id='par_1_11' title="bbox 185 1882 1171 2044">
     <span class='ocr_line' id='line_1_32' title="bbox 271 1882 1171 1923; baseline -0.003 -8"><span class='ocrx_word' id='word_1_211' title='bbox 271 1884 384 1915; x_wconf 85' lang='lat' dir='ltr'>lerem</span> <span class='ocrx_word' id='word_1_212' title='bbox 410 1884 462 1915; x_wconf 77' lang='lat'>33.</span> <span class='ocrx_word' id='word_1_213' title='bbox 504 1883 545 1914; x_wconf 89' lang='lat' dir='ltr'>Et</span> <span class='ocrx_word' id='word_1_214' title='bbox 568 1883 633 1913; x_wconf 88' lang='lat' dir='ltr'>hoc</span> <span class='ocrx_word' id='word_1_215' title='bbox 657 1889 707 1914; x_wconf 90' lang='lat' dir='ltr'>est</span> <span class='ocrx_word' id='word_1_216' title='bbox 732 1892 864 1919; x_wconf 87' lang='lat' dir='ltr'>nomen,</span> <span class='ocrx_word' id='word_1_217' title='bbox 888 1883 977 1923; x_wconf 87' lang='lat' dir='ltr'>quod</span> <span class='ocrx_word' id='word_1_218' title='bbox 1000 1882 1171 1913; x_wconf 84' lang='lat' dir='ltr'>vocabunt</span> 
     </span>
     <span class='ocr_line' id='line_1_33' title="bbox 185 1924 1171 1965; baseline -0.006 -7"><span class='ocrx_word' id='word_1_219' title='bbox 185 1937 276 1965; x_wconf 91' lang='lat' dir='ltr'>eum,</span> <span class='ocrx_word' id='word_1_220' title='bbox 307 1927 428 1958; x_wconf 85' lang='lat' dir='ltr'>lehova</span> <span class='ocrx_word' id='word_1_221' title='bbox 451 1928 647 1957; x_wconf 85' lang='lat' dir='ltr'>iustificator</span> <span class='ocrx_word' id='word_1_222' title='bbox 677 1932 804 1956; x_wconf 86' lang='lat' dir='ltr'>noster.</span> <span class='ocrx_word' id='word_1_223' title='bbox 852 1925 911 1956; x_wconf 85' lang='lat' dir='ltr'>Hic</span> <span class='ocrx_word' id='word_1_224' title='bbox 942 1926 1052 1956; x_wconf 79' lang='lat' dir='ltr'>tribuit</span> <span class='ocrx_word' id='word_1_225' title='bbox 1085 1924 1171 1954; x_wconf 71' lang='lat' dir='ltr'>Mes-</span> 
     </span>
     <span class='ocr_line' id='line_1_34' title="bbox 185 1967 1170 2011; baseline -0.004 -9"><span class='ocrx_word' id='word_1_226' title='bbox 185 1972 255 2002; x_wconf 84' lang='lat' dir='ltr'>siae</span> <span class='ocrx_word' id='word_1_227' title='bbox 274 1981 414 2008; x_wconf 84' lang='lat' dir='ltr'>nomen,</span> <span class='ocrx_word' id='word_1_228' title='bbox 440 1970 528 2011; x_wconf 81' lang='lat' dir='ltr'>quod</span> <span class='ocrx_word' id='word_1_229' title='bbox 552 1970 583 2000; x_wconf 89' lang='lat' dir='ltr'>in</span> <span class='ocrx_word' id='word_1_230' title='bbox 609 1968 664 1999; x_wconf 80' lang='lat' dir='ltr'>illa</span> <span class='ocrx_word' id='word_1_231' title='bbox 688 1968 800 2010; x_wconf 86' lang='lat' dir='ltr'>lingua</span> <span class='ocrx_word' id='word_1_232' title='bbox 825 1969 994 2009; x_wconf 87' lang='lat' dir='ltr'>proprium</span> <span class='ocrx_word' id='word_1_233' title='bbox 1023 1974 1072 1999; x_wconf 88' lang='lat' dir='ltr'>est</span> <span class='ocrx_word' id='word_1_234' title='bbox 1096 1967 1170 2005; x_wconf 87' lang='lat' dir='ltr'>Dei,</span> 
     </span>
     <span class='ocr_line' id='line_1_35' title="bbox 186 2010 1171 2044; baseline -0.003 0"><span class='ocrx_word' id='word_1_235' title='bbox 186 2020 218 2044; x_wconf 89' lang='lat' dir='ltr'>et</span> <span class='ocrx_word' id='word_1_236' title='bbox 252 2014 403 2044; x_wconf 70' lang='lat' dir='ltr'>adii-:mat</span> <span class='ocrx_word' id='word_1_237' title='bbox 432 2013 589 2044; x_wconf 77' lang='lat' dir='ltr'>Messinm</span> <span class='ocrx_word' id='word_1_238' title='bbox 625 2022 701 2043; x_wconf 88' lang='lat' dir='ltr'>esse</span> <span class='ocrx_word' id='word_1_239' title='bbox 739 2012 997 2042; x_wconf 82' lang='lat' dir='ltr'>iustilicatorem.</span> <span class='ocrx_word' id='word_1_240' title='bbox 1044 2010 1171 2041; x_wconf 87' lang='lat' dir='ltr'>Tribuit</span> 
     </span>
    </p>
   </div>
   <div class='ocr_carea' id='block_1_12' title="bbox 184 2053 1197 2140">
    <p class='ocr_par' dir='ltr' id='par_1_12' title="bbox 184 2053 1197 2140">
     <span class='ocr_line' id='line_1_36' title="bbox 185 2053 1197 2102; baseline -0.004 -15"><span class='ocrx_word' id='word_1_241' title='bbox 185 2058 284 2098; x_wconf 83' lang='lat' dir='ltr'>igitur</span> <span class='ocrx_word' id='word_1_242' title='bbox 314 2058 342 2088; x_wconf 87' lang='lat' dir='ltr'>ei</span> <span class='ocrx_word' id='word_1_243' title='bbox 372 2055 532 2097; x_wconf 78' lang='lat' dir='ltr'>gloriam,</span> <span class='ocrx_word' id='word_1_244' title='bbox 569 2065 654 2097; x_wconf 82' lang='lat' dir='ltr'>qnae</span> <span class='ocrx_word' id='word_1_245' title='bbox 683 2053 746 2086; x_wconf 78' lang='grc'><strong>5011</strong></span> <span class='ocrx_word' id='word_1_246' title='bbox 776 2054 851 2085; x_wconf 75' lang='lat' dir='ltr'>Deo</span> <span class='ocrx_word' id='word_1_247' title='bbox 876 2054 1041 2094; x_wconf 84' lang='lat' dir='ltr'>competit.</span> <span class='ocrx_word' id='word_1_248' title='bbox 1086 2053 1171 2084; x_wconf 84' lang='lat' dir='ltr'>Nam</span> <span class='ocrx_word' id='word_1_249' title='bbox 1195 2085 1197 2102; x_wconf 31' lang='grc' dir='ltr'>ἡ</span> 
     </span>
     <span class='ocr_line' id='line_1_37' title="bbox 184 2097 1197 2140; baseline -0.005 -10"><span class='ocrx_word' id='word_1_250' title='bbox 184 2098 499 2137; x_wconf 41' lang='lat' dir='ltr'>iustificare-‚tollere</span> <span class='ocrx_word' id='word_1_251' title='bbox 512 2104 735 2140; x_wconf 80' lang='lat' dir='ltr'>peccatum,et</span> <span class='ocrx_word' id='word_1_252' title='bbox 748 2099 888 2129; x_wconf 83' lang='lat' dir='ltr'>reddere</span> <span class='ocrx_word' id='word_1_253' title='bbox 901 2098 1067 2134; x_wconf 77' lang='lat' dir='ltr'>iustitiam,</span> <span class='ocrx_word' id='word_1_254' title='bbox 1081 2103 1112 2127; x_wconf 89' lang='lat' dir='ltr'>et</span> <span class='ocrx_word' id='word_1_255' title='bbox 1127 2097 1171 2127; x_wconf 89' lang='lat' dir='ltr'>vi·</span> <span class='ocrx_word' id='word_1_256' title='bbox 1195 2108 1197 2124; x_wconf 72' lang='grc' dir='ltr'>ι</span> 
     </span>
    </p>
   </div>
   <div class='ocr_carea' id='block_1_13' title="bbox 186 2138 1171 2183">
    <p class='ocr_par' dir='ltr' id='par_1_13' title="bbox 186 2138 1171 2183">
     <span class='ocr_line' id='line_1_38' title="bbox 186 2138 1171 2183; baseline -0.004 -10"><span class='ocrx_word' id='word_1_257' title='bbox 186 2148 251 2173; x_wconf 86' lang='grc'><strong>13111</strong></span> <span class='ocrx_word' id='word_1_258' title='bbox 265 2149 444 2180; x_wconf 77' lang='lat' dir='ltr'>aeternam,</span> <span class='ocrx_word' id='word_1_259' title='bbox 457 2152 554 2173; x_wconf 90' lang='lat' dir='ltr'>nemo</span> <span class='ocrx_word' id='word_1_260' title='bbox 567 2147 676 2183; x_wconf 89' lang='lat' dir='ltr'>potest</span> <span class='ocrx_word' id='word_1_261' title='bbox 696 2142 756 2172; x_wconf 88' lang='lat' dir='ltr'>nisi</span> <span class='ocrx_word' id='word_1_262' title='bbox 772 2141 874 2172; x_wconf 90' lang='lat' dir='ltr'>Deus.</span> <span class='ocrx_word' id='word_1_263' title='bbox 905 2138 1050 2172; x_wconf 88' lang='lat' dir='ltr'>Eludere</span> <span class='ocrx_word' id='word_1_264' title='bbox 1062 2145 1171 2171; x_wconf 90' lang='lat' dir='ltr'>autem</span> 
     </span>
    </p>
   </div>
   <div class='ocr_carea' id='block_1_14' title="bbox 185 2183 1198 2217">
    <p class='ocr_par' dir='ltr' id='par_1_14' title="bbox 185 2183 1198 2217">
     <span class='ocr_line' id='line_1_39' title="bbox 185 2183 1198 2217; baseline -0.003 0"><span class='ocrx_word' id='word_1_265' title='bbox 185 2186 295 2217; x_wconf 88' lang='lat' dir='ltr'>Iudaei</span> <span class='ocrx_word' id='word_1_266' title='bbox 314 2186 376 2217; x_wconf 84' lang='lat' dir='ltr'>hac</span> <span class='ocrx_word' id='word_1_267' title='bbox 395 2184 608 2216; x_wconf 84' lang='lat' dir='ltr'>cavillatione</span> <span class='ocrx_word' id='word_1_268' title='bbox 629 2190 694 2215; x_wconf 87' lang='lat' dir='ltr'>tam</span> <span class='ocrx_word' id='word_1_269' title='bbox 718 2183 847 2215; x_wconf 79' lang='lat' dir='ltr'>illustre</span> <span class='ocrx_word' id='word_1_270' title='bbox 870 2184 1092 2215; x_wconf 82' lang='lat' dir='ltr'>testimonium</span> <span class='ocrx_word' id='word_1_271' title='bbox 1116 2194 1171 2214; x_wconf 89' lang='lat' dir='ltr'>co·</span> <span class='ocrx_word' id='word_1_272' title='bbox 1195 2208 1198 2214; x_wconf 93' lang='lat'>.</span> 
     </span>
    </p>
   </div>
   <div class='ocr_carea' id='block_1_15' title="bbox 185 2225 1171 2518">
    <p class='ocr_par' dir='ltr' id='par_1_15' title="bbox 185 2225 1171 2518">
     <span class='ocr_line' id='line_1_40' title="bbox 185 2225 1170 2267; baseline -0.004 -7"><span class='ocrx_word' id='word_1_273' title='bbox 185 2235 317 2267; x_wconf 85' lang='lat' dir='ltr'>nantur,</span> <span class='ocrx_word' id='word_1_274' title='bbox 331 2230 443 2259; x_wconf 86' lang='lat' dir='ltr'>dicunt</span> <span class='ocrx_word' id='word_1_275' title='bbox 455 2228 520 2259; x_wconf 91' lang='lat' dir='ltr'>hoc</span> <span class='ocrx_word' id='word_1_276' title='bbox 533 2238 653 2258; x_wconf 89' lang='lat' dir='ltr'>nomen</span> <span class='ocrx_word' id='word_1_277' title='bbox 667 2238 733 2257; x_wconf 90' lang='lat' dir='ltr'>non</span> <span class='ocrx_word' id='word_1_278' title='bbox 746 2237 823 2258; x_wconf 89' lang='lat' dir='ltr'>esse</span> <span class='ocrx_word' id='word_1_279' title='bbox 837 2227 1045 2258; x_wconf 83' lang='lat' dir='ltr'>substantiae</span> <span class='ocrx_word' id='word_1_280' title='bbox 1058 2225 1170 2266; x_wconf 86' lang='lat' dir='ltr'>adpel-</span> 
     </span>
     <span class='ocr_line' id='line_1_41' title="bbox 185 2270 1170 2312; baseline -0.003 -9"><span class='ocrx_word' id='word_1_281' title='bbox 185 2271 342 2303; x_wconf 84' lang='lat' dir='ltr'>lationem</span> <span class='ocrx_word' id='word_1_282' title='bbox 362 2278 418 2302; x_wconf 87' lang='lat' dir='ltr'>aut</span> <span class='ocrx_word' id='word_1_283' title='bbox 442 2271 708 2312; x_wconf 80' lang='lat' dir='ltr'>descriptionem,</span> <span class='ocrx_word' id='word_1_284' title='bbox 734 2271 793 2301; x_wconf 79' lang='lat' dir='ltr'>sed</span> <span class='ocrx_word' id='word_1_285' title='bbox 818 2270 1074 2310; x_wconf 85' lang='lat' dir='ltr'>descriptionem</span> <span class='ocrx_word' id='word_1_286' title='bbox 1094 2279 1170 2300; x_wconf 83' lang='lat' dir='ltr'>esse</span> 
     </span>
     <span class='ocr_line' id='line_1_42' title="bbox 187 2311 1169 2354; baseline -0.004 -8"><span class='ocrx_word' id='word_1_287' title='bbox 187 2314 338 2346; x_wconf 86' lang='lat' dir='ltr'>beneficii</span> <span class='ocrx_word' id='word_1_288' title='bbox 362 2313 493 2346; x_wconf 89' lang='lat' dir='ltr'>aliunde</span> <span class='ocrx_word' id='word_1_289' title='bbox 518 2315 582 2345; x_wconf 87' lang='lat' dir='ltr'>dati</span> <span class='ocrx_word' id='word_1_290' title='bbox 607 2324 667 2354; x_wconf 91' lang='lat' dir='ltr'>per</span> <span class='ocrx_word' id='word_1_291' title='bbox 690 2324 775 2352; x_wconf 92' lang='lat' dir='ltr'>eum,</span> <span class='ocrx_word' id='word_1_292' title='bbox 800 2320 835 2344; x_wconf 86' lang='lat' dir='ltr'>ut</span> <span class='ocrx_word' id='word_1_293' title='bbox 857 2313 945 2354; x_wconf 91' lang='lat' dir='ltr'>apud</span> <span class='ocrx_word' id='word_1_294' title='bbox 959 2311 1169 2343; x_wconf 88' lang='lat' dir='ltr'>Ezechielem</span> 
     </span>
     <span class='ocr_line' id='line_1_43' title="bbox 186 2356 1170 2399; baseline -0.004 -10"><span class='ocrx_word' id='word_1_295' title='bbox 186 2359 219 2389; x_wconf 92' lang='lat' dir='ltr'>in</span> <span class='ocrx_word' id='word_1_296' title='bbox 242 2365 410 2399; x_wconf 87' lang='lat' dir='ltr'>postremo</span> <span class='ocrx_word' id='word_1_297' title='bbox 433 2368 533 2389; x_wconf 81' lang='lat' dir='ltr'>versu</span> <span class='ocrx_word' id='word_1_298' title='bbox 551 2358 684 2388; x_wconf 84' lang='lat' dir='ltr'>dicitur:</span> <span class='ocrx_word' id='word_1_299' title='bbox 708 2356 780 2387; x_wconf 87' lang='lat' dir='ltr'>Hoc</span> <span class='ocrx_word' id='word_1_300' title='bbox 798 2356 859 2387; x_wconf 86' lang='lat' dir='ltr'>erit</span> <span class='ocrx_word' id='word_1_301' title='bbox 879 2365 996 2387; x_wconf 91' lang='lat' dir='ltr'>nomen</span> <span class='ocrx_word' id='word_1_302' title='bbox 1016 2356 1170 2393; x_wconf 84' lang='lat' dir='ltr'>civitatis,</span> 
     </span>
     <span class='ocr_line' id='line_1_44' title="bbox 186 2398 1171 2441; baseline -0.002 -10"><span class='ocrx_word' id='word_1_303' title='bbox 186 2399 350 2432; x_wconf 86' lang='lat' dir='ltr'>Dominus</span> <span class='ocrx_word' id='word_1_304' title='bbox 373 2401 503 2432; x_wconf 84' lang='lat' dir='ltr'>ibidem.</span> <span class='ocrx_word' id='word_1_305' title='bbox 546 2400 592 2431; x_wconf 87' lang='lat' dir='ltr'>lta</span> <span class='ocrx_word' id='word_1_306' title='bbox 615 2400 702 2430; x_wconf 90' lang='lat' dir='ltr'>hanc</span> <span class='ocrx_word' id='word_1_307' title='bbox 726 2398 980 2441; x_wconf 87' lang='lat' dir='ltr'>adpellationem</span> <span class='ocrx_word' id='word_1_308' title='bbox 1004 2399 1093 2429; x_wconf 84' lang='lat' dir='ltr'>aiunt</span> <span class='ocrx_word' id='word_1_309' title='bbox 1117 2399 1171 2429; x_wconf 84' lang='lat' dir='ltr'>tri-</span> 
     </span>
     <span class='ocr_line' id='line_1_45' title="bbox 188 2441 1170 2485; baseline -0.001 -11"><span class='ocrx_word' id='word_1_310' title='bbox 188 2444 242 2474; x_wconf 84' lang='lat' dir='ltr'>bui</span> <span class='ocrx_word' id='word_1_311' title='bbox 265 2443 416 2481; x_wconf 82' lang='lat' dir='ltr'>Christo,</span> <span class='ocrx_word' id='word_1_312' title='bbox 444 2449 600 2485; x_wconf 82' lang='lat' dir='ltr'>tanquam</span> <span class='ocrx_word' id='word_1_313' title='bbox 631 2442 730 2474; x_wconf 89' lang='lat' dir='ltr'>alieni</span> <span class='ocrx_word' id='word_1_314' title='bbox 761 2442 912 2475; x_wconf 88' lang='lat' dir='ltr'>beneficii</span> <span class='ocrx_word' id='word_1_315' title='bbox 941 2441 1170 2484; x_wconf 77' lang='lat' dir='ltr'>significaturi,</span> 
     </span>
     <span class='ocr_line' id='line_1_46' title="bbox 185 2485 719 2518; baseline -0.004 0"><span class='ocrx_word' id='word_1_316' title='bbox 185 2485 280 2518; x_wconf 86' lang='lat' dir='ltr'>Deus</span> <span class='ocrx_word' id='word_1_317' title='bbox 304 2493 356 2518; x_wconf 82' lang='lat' dir='ltr'>est</span> <span class='ocrx_word' id='word_1_318' title='bbox 377 2486 572 2518; x_wconf 79' lang='lat' dir='ltr'>iustificator</span> <span class='ocrx_word' id='word_1_319' title='bbox 593 2492 719 2518; x_wconf 75' lang='lat' dir='ltr'>noster.</span> 
     </span>
    </p>
   </div>
   <div class='ocr_carea' id='block_1_16' title="bbox 186 2551 1172 2639">
    <p class='ocr_par' dir='ltr' id='par_1_16' title="bbox 186 2551 1172 2639">
     <span class='ocr_line' id='line_1_47' title="bbox 274 2551 1172 2596; baseline -0.002 -10"><span class='ocrx_word' id='word_1_320' title='bbox 274 2553 342 2586; x_wconf 85' lang='lat' dir='ltr'>Sed</span> <span class='ocrx_word' id='word_1_321' title='bbox 363 2553 447 2586; x_wconf 89' lang='lat' dir='ltr'>haec</span> <span class='ocrx_word' id='word_1_322' title='bbox 467 2554 657 2596; x_wconf 85' lang='lat' dir='ltr'>Sophistica</span> <span class='ocrx_word' id='word_1_323' title='bbox 679 2553 787 2586; x_wconf 87' lang='lat' dir='ltr'>elusio</span> <span class='ocrx_word' id='word_1_324' title='bbox 809 2552 946 2585; x_wconf 85' lang='lat' dir='ltr'>refutari</span> <span class='ocrx_word' id='word_1_325' title='bbox 968 2559 1079 2595; x_wconf 88' lang='lat' dir='ltr'>potest.</span> <span class='ocrx_word' id='word_1_326' title='bbox 1102 2551 1172 2585; x_wconf 81' lang='lat' dir='ltr'>col-</span> 
     </span>
     <span class='ocr_line' id='line_1_48' title="bbox 186 2596 1171 2639; baseline -0.002 -10"><span class='ocrx_word' id='word_1_327' title='bbox 186 2597 311 2630; x_wconf 84' lang='lat' dir='ltr'>latione</span> <span class='ocrx_word' id='word_1_328' title='bbox 333 2596 472 2630; x_wconf 74' lang='lat' dir='ltr'>aliorum</span> <span class='ocrx_word' id='word_1_329' title='bbox 501 2598 783 2636; x_wconf 77' lang='lat' dir='ltr'>testimoniorum,</span> <span class='ocrx_word' id='word_1_330' title='bbox 819 2607 905 2639; x_wconf 86' lang='lat' dir='ltr'>quae</span> <span class='ocrx_word' id='word_1_331' title='bbox 933 2607 1036 2638; x_wconf 84' lang='lat' dir='ltr'>supra</span> <span class='ocrx_word' id='word_1_332' title='bbox 1059 2596 1171 2628; x_wconf 83' lang='lat' dir='ltr'>citavi-</span> 
     </span>
    </p>
   </div>
   <div class='ocr_carea' id='block_1_17' title="bbox 819 140 1577 174">
    <p class='ocr_par' dir='ltr' id='par_1_17' title="bbox 819 140 1577 174">
     <span class='ocr_line' id='line_1_49' title="bbox 819 140 1577 174; baseline 0 -1"><span class='ocrx_word' id='word_1_333' title='bbox 819 142 932 174; x_wconf 87' lang='lat' dir='ltr'>PHlL.</span> <span class='ocrx_word' id='word_1_334' title='bbox 956 141 1060 173; x_wconf 88' lang='lat' dir='ltr'>MEL.</span> <span class='ocrx_word' id='word_1_335' title='bbox 1085 140 1275 174; x_wconf 84' lang='lat' dir='ltr'><strong>SCRIPTA</strong></span> <span class='ocrx_word' id='word_1_336' title='bbox 1297 140 1577 174; x_wconf 81' lang='lat' dir='ltr'>DOGMATICA.</span> 
     </span>
    </p>
   </div>
   <div class='ocr_carea' id='block_1_18' title="bbox 843 1010 1195 1045">
    <p class='ocr_par' dir='ltr' id='par_1_18' title="bbox 843 1010 1195 1045">
     <span class='ocr_line' id='line_1_50' title="bbox 843 1010 1195 1045; baseline -0.003 -10"><span class='ocrx_word' id='word_1_337' title='bbox 843 1010 938 1045; x_wconf 81' lang='lat' dir='ltr'>pater</span> <span class='ocrx_word' id='word_1_338' title='bbox 971 1010 1102 1041; x_wconf 88' lang='lat' dir='ltr'>noster,</span> <span class='ocrx_word' id='word_1_339' title='bbox 1137 1010 1195 1037; x_wconf 66' lang='lat' dir='ltr'>et,</span> 
     </span>
    </p>
   </div>
   <div class='ocr_carea' id='block_1_19' title="bbox 185 1597 1196 1715">
    <p class='ocr_par' dir='ltr' id='par_1_19' title="bbox 185 1597 1196 1715">
     <span class='ocr_line' id='line_1_51' title="bbox 977 1597 1195 1630; baseline 0.005 -1"><span class='ocrx_word' id='word_1_340' title='bbox 977 1597 1060 1629; x_wconf 86' lang='lat' dir='ltr'>Cum</span> <span class='ocrx_word' id='word_1_341' title='bbox 1084 1598 1170 1628; x_wconf 82' lang='lat' dir='ltr'>enim</span> <span class='ocrx_word' id='word_1_342' title='bbox 1194 1606 1195 1630; x_wconf 53' lang='lat' dir='ltr'>t</span> 
     </span>
     <span class='ocr_line' id='line_1_52' title="bbox 185 1640 1195 1682; baseline -0.003 -9"><span class='ocrx_word' id='word_1_343' title='bbox 185 1642 328 1674; x_wconf 84' lang='lat' dir='ltr'>Messias</span> <span class='ocrx_word' id='word_1_344' title='bbox 353 1643 471 1673; x_wconf 89' lang='lat' dir='ltr'>dicitur</span> <span class='ocrx_word' id='word_1_345' title='bbox 494 1652 571 1673; x_wconf 88' lang='lat' dir='ltr'>esse</span> <span class='ocrx_word' id='word_1_346' title='bbox 595 1640 694 1671; x_wconf 88' lang='lat' dir='ltr'>Pater</span> <span class='ocrx_word' id='word_1_347' title='bbox 722 1641 809 1672; x_wconf 81' lang='lat' dir='ltr'>vitae</span> <span class='ocrx_word' id='word_1_348' title='bbox 840 1646 1038 1682; x_wconf 70' lang='lat' dir='ltr'>perpetuae,</span> <span class='ocrx_word' id='word_1_349' title='bbox 1067 1641 1169 1671; x_wconf 88' lang='lat' dir='ltr'>mani-</span> <span class='ocrx_word' id='word_1_350' title='bbox 1194 1671 1195 1675; x_wconf 58' lang='grc'>,</span> 
     </span>
     <span class='ocr_line' id='line_1_53' title="bbox 835 1684 1196 1715; baseline -0.006 0"><span class='ocrx_word' id='word_1_351' title='bbox 835 1684 917 1715; x_wconf 87' lang='grc' dir='ltr'><strong>Ν3111</strong></span> <span class='ocrx_word' id='word_1_352' title='bbox 954 1685 1032 1715; x_wconf 83' lang='lat' dir='ltr'>dare</span> <span class='ocrx_word' id='word_1_353' title='bbox 1069 1684 1196 1715; x_wconf 64' lang='lat' dir='ltr'>vitam,</span> 
     </span>
    </p>
   </div>
   <div class='ocr_carea' id='block_1_20' title="bbox 2145 144 2209 176">
    <p class='ocr_par' dir='ltr' id='par_1_20' title="bbox 2145 144 2209 176">
     <span class='ocr_line' id='line_1_54' title="bbox 2145 144 2209 176; baseline 0.016 -1"><span class='ocrx_word' id='word_1_354' title='bbox 2145 144 2209 176; x_wconf 82' lang='lat'>224</span> 
     </span>
    </p>
   </div>
   <div class='ocr_carea' id='block_1_21' title="bbox 1225 235 2212 408">
    <p class='ocr_par' dir='ltr' id='par_1_21' title="bbox 1225 235 2212 408">
     <span class='ocr_line' id='line_1_55' title="bbox 1225 235 2212 279; baseline 0.002 -11"><span class='ocrx_word' id='word_1_355' title='bbox 1225 248 1314 275; x_wconf 80' lang='lat' dir='ltr'>mus,</span> <span class='ocrx_word' id='word_1_356' title='bbox 1345 243 1430 279; x_wconf 84' lang='lat' dir='ltr'>quae</span> <span class='ocrx_word' id='word_1_357' title='bbox 1460 247 1535 268; x_wconf 90' lang='lat' dir='ltr'>cum</span> <span class='ocrx_word' id='word_1_358' title='bbox 1563 236 1741 277; x_wconf 77' lang='lat' dir='ltr'>perspicue</span> <span class='ocrx_word' id='word_1_359' title='bbox 1764 235 1953 276; x_wconf 84' lang='lat' dir='ltr'>adfirment,</span> <span class='ocrx_word' id='word_1_360' title='bbox 1983 235 2101 269; x_wconf 86' lang='lat' dir='ltr'>Filium</span> <span class='ocrx_word' id='word_1_361' title='bbox 2134 236 2212 270; x_wconf 77' lang='grc'><strong>6556</strong></span> 
     </span>
     <span class='ocr_line' id='line_1_56' title="bbox 1225 279 2209 322; baseline 0.002 -11"><span class='ocrx_word' id='word_1_362' title='bbox 1225 286 1342 312; x_wconf 86' lang='lat' dir='ltr'>natura</span> <span class='ocrx_word' id='word_1_363' title='bbox 1364 279 1483 318; x_wconf 88' lang='lat' dir='ltr'>Deum,</span> <span class='ocrx_word' id='word_1_364' title='bbox 1507 285 1539 310; x_wconf 86' lang='lat' dir='ltr'>et</span> <span class='ocrx_word' id='word_1_365' title='bbox 1559 280 1600 310; x_wconf 89' lang='lat' dir='ltr'>de</span> <span class='ocrx_word' id='word_1_366' title='bbox 1625 280 1810 310; x_wconf 83' lang='lat' dir='ltr'>substantia</span> <span class='ocrx_word' id='word_1_367' title='bbox 1834 281 1939 311; x_wconf 83' lang='lat' dir='ltr'>Patris</span> <span class='ocrx_word' id='word_1_368' title='bbox 1964 282 2128 322; x_wconf 74' lang='lat' dir='ltr'>genitum.</span> <span class='ocrx_word' id='word_1_369' title='bbox 2159 292 2209 313; x_wconf 88' lang='lat' dir='ltr'>re-</span> 
     </span>
     <span class='ocr_line' id='line_1_57' title="bbox 1225 318 2209 365; baseline 0.001 -11"><span class='ocrx_word' id='word_1_370' title='bbox 1225 330 1276 354; x_wconf 91' lang='lat' dir='ltr'>cte</span> <span class='ocrx_word' id='word_1_371' title='bbox 1294 322 1487 364; x_wconf 86' lang='lat' dir='ltr'>intelligitur</span> <span class='ocrx_word' id='word_1_372' title='bbox 1511 328 1543 353; x_wconf 88' lang='lat' dir='ltr'>et</span> <span class='ocrx_word' id='word_1_373' title='bbox 1566 322 1632 353; x_wconf 90' lang='lat' dir='ltr'>hoc</span> <span class='ocrx_word' id='word_1_374' title='bbox 1661 321 1756 360; x_wconf 90' lang='lat' dir='ltr'>loco,</span> <span class='ocrx_word' id='word_1_375' title='bbox 1779 323 1876 354; x_wconf 87' lang='lat' dir='ltr'>tribui</span> <span class='ocrx_word' id='word_1_376' title='bbox 1903 324 1932 354; x_wconf 92' lang='lat' dir='ltr'>ei</span> <span class='ocrx_word' id='word_1_377' title='bbox 1954 318 2209 365; x_wconf 83' lang='lat' dir='ltr'>adpellationem</span> 
     </span>
     <span class='ocr_line' id='line_1_58' title="bbox 1225 366 2208 408; baseline -0.001 -10"><span class='ocrx_word' id='word_1_378' title='bbox 1225 372 1258 398; x_wconf 86' lang='lat' dir='ltr'>et</span> <span class='ocrx_word' id='word_1_379' title='bbox 1280 367 1460 408; x_wconf 81' lang='lat' dir='ltr'>potentiam</span> <span class='ocrx_word' id='word_1_380' title='bbox 1483 366 1562 404; x_wconf 90' lang='lat' dir='ltr'>Dei,</span> <span class='ocrx_word' id='word_1_381' title='bbox 1585 371 1765 406; x_wconf 77' lang='lat' dir='ltr'>propterea</span> <span class='ocrx_word' id='word_1_382' title='bbox 1789 367 1878 406; x_wconf 82' lang='lat' dir='ltr'>quod</span> <span class='ocrx_word' id='word_1_383' title='bbox 1902 367 1944 397; x_wconf 81' lang='lat' dir='ltr'>sit</span> <span class='ocrx_word' id='word_1_384' title='bbox 1966 373 2083 399; x_wconf 84' lang='lat' dir='ltr'>natura</span> <span class='ocrx_word' id='word_1_385' title='bbox 2106 366 2208 399; x_wconf 76' lang='lat' dir='ltr'>Deus.</span> 
     </span>
    </p>
   </div>
   <div class='ocr_carea' id='block_1_22' title="bbox 1194 443 2210 742">
    <p class='ocr_par' dir='ltr' id='par_1_22' title="bbox 1194 443 2210 742">
     <span class='ocr_line' id='line_1_59' title="bbox 1310 443 2208 482; baseline 0.002 -8"><span class='ocrx_word' id='word_1_386' title='bbox 1310 443 1439 474; x_wconf 87' lang='lat' dir='ltr'>Deinde</span> <span class='ocrx_word' id='word_1_387' title='bbox 1462 444 1611 481; x_wconf 84' lang='lat' dir='ltr'>verbum,</span> <span class='ocrx_word' id='word_1_388' title='bbox 1636 445 1824 482; x_wconf 79' lang='lat' dir='ltr'>vocabunt,</span> <span class='ocrx_word' id='word_1_389' title='bbox 1851 444 1884 474; x_wconf 90' lang='lat' dir='ltr'>in</span> <span class='ocrx_word' id='word_1_390' title='bbox 1915 443 1980 475; x_wconf 89' lang='lat' dir='ltr'>hoc</span> <span class='ocrx_word' id='word_1_391' title='bbox 2012 443 2090 475; x_wconf 88' lang='grc'><strong>1060</strong></span> <span class='ocrx_word' id='word_1_392' title='bbox 2122 445 2208 476; x_wconf 84' lang='lat' dir='ltr'>lere-</span> 
     </span>
     <span class='ocr_line' id='line_1_60' title="bbox 1195 486 2210 528; baseline 0.003 -12"><span class='ocrx_word' id='word_1_393' title='bbox 1195 506 1198 520; x_wconf 80' lang='lat'>,</span> <span class='ocrx_word' id='word_1_394' title='bbox 1223 486 1319 524; x_wconf 85' lang='lat' dir='ltr'>miae,</span> <span class='ocrx_word' id='word_1_395' title='bbox 1343 487 1521 528; x_wconf 65' lang='lat' dir='ltr'>significat,</span> <span class='ocrx_word' id='word_1_396' title='bbox 1544 487 1758 524; x_wconf 80' lang='lat' dir='ltr'>invocabunt,</span> <span class='ocrx_word' id='word_1_397' title='bbox 1778 487 1810 518; x_wconf 87' lang='lat' dir='ltr'>id</span> <span class='ocrx_word' id='word_1_398' title='bbox 1835 493 1897 525; x_wconf 87' lang='lat' dir='ltr'>est,</span> <span class='ocrx_word' id='word_1_399' title='bbox 1920 487 2027 527; x_wconf 87' lang='lat' dir='ltr'>ipsum</span> <span class='ocrx_word' id='word_1_400' title='bbox 2049 487 2210 519; x_wconf 78' lang='lat' dir='ltr'>messiam</span> 
     </span>
     <span class='ocr_line' id='line_1_61' title="bbox 1195 526 2208 570; baseline 0.003 -11"><span class='ocrx_word' id='word_1_401' title='bbox 1195 526 1197 569; x_wconf 78' lang='grc' dir='ltr'>Ι</span> <span class='ocrx_word' id='word_1_402' title='bbox 1222 535 1382 570; x_wconf 87' lang='lat' dir='ltr'>perpetuo</span> <span class='ocrx_word' id='word_1_403' title='bbox 1407 529 1562 561; x_wconf 76' lang='lat' dir='ltr'>Ecclesia</span> <span class='ocrx_word' id='word_1_404' title='bbox 1590 530 1757 560; x_wconf 83' lang='lat' dir='ltr'>invocabit</span> <span class='ocrx_word' id='word_1_405' title='bbox 1785 530 1851 561; x_wconf 91' lang='grc'><strong>1106</strong></span> <span class='ocrx_word' id='word_1_406' title='bbox 1880 530 1999 567; x_wconf 88' lang='lat' dir='ltr'>modo,</span> <span class='ocrx_word' id='word_1_407' title='bbox 2033 531 2208 562; x_wconf 89' lang='lat' dir='ltr'>nominans</span> 
     </span>
     <span class='ocr_line' id='line_1_62' title="bbox 1194 571 2209 614; baseline 0.003 -12"><span class='ocrx_word' id='word_1_408' title='bbox 1194 571 1198 612; x_wconf 83' lang='grc' dir='ltr'>Ι</span> <span class='ocrx_word' id='word_1_409' title='bbox 1222 573 1342 613; x_wconf 88' lang='lat' dir='ltr'>ipsum,</span> <span class='ocrx_word' id='word_1_410' title='bbox 1368 571 1489 603; x_wconf 79' lang='lat' dir='ltr'>lehova</span> <span class='ocrx_word' id='word_1_411' title='bbox 1512 579 1545 603; x_wconf 88' lang='lat' dir='ltr'>et</span> <span class='ocrx_word' id='word_1_412' title='bbox 1569 572 1832 604; x_wconf 83' lang='lat' dir='ltr'>iustificatorem.</span> <span class='ocrx_word' id='word_1_413' title='bbox 1878 572 1953 614; x_wconf 82' lang='lat' dir='ltr'>lpsa</span> <span class='ocrx_word' id='word_1_414' title='bbox 1982 579 2091 604; x_wconf 87' lang='lat' dir='ltr'>autem</span> <span class='ocrx_word' id='word_1_415' title='bbox 2117 574 2209 605; x_wconf 90' lang='lat' dir='ltr'>invo-</span> 
     </span>
     <span class='ocr_line' id='line_1_63' title="bbox 1195 615 2209 653; baseline 0.002 -7"><span class='ocrx_word' id='word_1_416' title='bbox 1195 616 1197 653; x_wconf 68' lang='lat'>⁴]</span> <span class='ocrx_word' id='word_1_417' title='bbox 1224 617 1310 647; x_wconf 86' lang='lat' dir='ltr'>catio</span> <span class='ocrx_word' id='word_1_418' title='bbox 1334 622 1477 646; x_wconf 86' lang='lat' dir='ltr'>testatur</span> <span class='ocrx_word' id='word_1_419' title='bbox 1500 626 1574 647; x_wconf 91' lang='lat' dir='ltr'>eum</span> <span class='ocrx_word' id='word_1_420' title='bbox 1598 626 1675 647; x_wconf 79' lang='lat' dir='ltr'>esse</span> <span class='ocrx_word' id='word_1_421' title='bbox 1698 622 1816 646; x_wconf 86' lang='lat' dir='ltr'>natura</span> <span class='ocrx_word' id='word_1_422' title='bbox 1840 615 1959 647; x_wconf 82' lang='lat' dir='ltr'>Deum.</span> <span class='ocrx_word' id='word_1_423' title='bbox 2005 615 2046 647; x_wconf 82' lang='lat' dir='ltr'>Et</span> <span class='ocrx_word' id='word_1_424' title='bbox 2072 627 2145 648; x_wconf 89' lang='lat' dir='ltr'>cum</span> <span class='ocrx_word' id='word_1_425' title='bbox 2175 617 2209 648; x_wconf 87' lang='lat' dir='ltr'>in</span> 
     </span>
     <span class='ocr_line' id='line_1_64' title="bbox 1195 658 2209 700; baseline 0.002 -11"><span class='ocrx_word' id='word_1_426' title='bbox 1195 675 1197 695; x_wconf 44' lang='grc' dir='ltr'>ξ</span> <span class='ocrx_word' id='word_1_427' title='bbox 1223 660 1296 700; x_wconf 86' lang='lat' dir='ltr'>ipsa</span> <span class='ocrx_word' id='word_1_428' title='bbox 1320 659 1531 690; x_wconf 83' lang='lat' dir='ltr'>invocatione</span> <span class='ocrx_word' id='word_1_429' title='bbox 1561 659 1603 689; x_wconf 87' lang='lat' dir='ltr'>ad</span> <span class='ocrx_word' id='word_1_430' title='bbox 1626 660 1733 699; x_wconf 75' lang='lat' dir='ltr'>ipsum</span> <span class='ocrx_word' id='word_1_431' title='bbox 1758 658 1915 690; x_wconf 69' lang='lat' dir='ltr'>Messian]</span> <span class='ocrx_word' id='word_1_432' title='bbox 1939 659 2082 697; x_wconf 82' lang='lat' dir='ltr'>directa,</span> <span class='ocrx_word' id='word_1_433' title='bbox 2107 661 2209 691; x_wconf 91' lang='lat' dir='ltr'>nomi-</span> 
     </span>
     <span class='ocr_line' id='line_1_65' title="bbox 1195 701 2210 742; baseline 0.001 -9"><span class='ocrx_word' id='word_1_434' title='bbox 1195 708 1197 737; x_wconf 67' lang='lat'>}</span> <span class='ocrx_word' id='word_1_435' title='bbox 1223 708 1320 733; x_wconf 89' lang='grc'><strong>1161111·</strong></span> <span class='ocrx_word' id='word_1_436' title='bbox 1350 702 1422 742; x_wconf 86' lang='lat' dir='ltr'>ipse</span> <span class='ocrx_word' id='word_1_437' title='bbox 1449 701 1572 733; x_wconf 86' lang='lat' dir='ltr'>lehova</span> <span class='ocrx_word' id='word_1_438' title='bbox 1602 708 1633 733; x_wconf 88' lang='lat' dir='ltr'>et</span> <span class='ocrx_word' id='word_1_439' title='bbox 1657 702 1872 740; x_wconf 76' lang='lat' dir='ltr'>iustificator,</span> <span class='ocrx_word' id='word_1_440' title='bbox 1903 712 1970 734; x_wconf 89' lang='lat' dir='ltr'>non</span> <span class='ocrx_word' id='word_1_441' title='bbox 1994 703 2126 734; x_wconf 90' lang='lat' dir='ltr'>dubium</span> <span class='ocrx_word' id='word_1_442' title='bbox 2158 709 2210 734; x_wconf 81' lang='lat' dir='ltr'>est</span> 
     </span>
    </p>
   </div>
   <div class='ocr_carea' id='block_1_23' title="bbox 1194 742 1672 796">
    <p class='ocr_par' dir='ltr' id='par_1_23' title="bbox 1194 742 1672 796">
     <span class='ocr_line' id='line_1_66' title="bbox 1194 742 1672 796; baseline -0.002 -21"><span class='ocrx_word' id='word_1_443' title='bbox 1194 742 1197 796; x_wconf 46' lang='grc' dir='ltr'><em>ᾗ</em></span> <span class='ocrx_word' id='word_1_444' title='bbox 1223 755 1297 776; x_wconf 88' lang='grc'><strong>611111</strong></span> <span class='ocrx_word' id='word_1_445' title='bbox 1317 751 1435 775; x_wconf 87' lang='lat' dir='ltr'>natura</span> <span class='ocrx_word' id='word_1_446' title='bbox 1452 743 1560 776; x_wconf 90' lang='lat' dir='ltr'>Deum</span> <span class='ocrx_word' id='word_1_447' title='bbox 1584 755 1672 776; x_wconf 87' lang='grc'><strong>6556.</strong></span> 
     </span>
    </p>
   </div>
   <div class='ocr_carea' id='block_1_24' title="bbox 1193 812 2209 1499">
    <p class='ocr_par' dir='ltr' id='par_1_24' title="bbox 1311 812 2208 855">
     <span class='ocr_line' id='line_1_67' title="bbox 1311 812 2208 855; baseline 0.001 -11"><span class='ocrx_word' id='word_1_448' title='bbox 1311 812 1464 844; x_wconf 82' lang='lat' dir='ltr'>Micheae</span> <span class='ocrx_word' id='word_1_449' title='bbox 1487 813 1516 843; x_wconf 88' lang='lat'>5.</span> <span class='ocrx_word' id='word_1_450' title='bbox 1563 812 1732 855; x_wconf 82' lang='lat' dir='ltr'>Egressus</span> <span class='ocrx_word' id='word_1_451' title='bbox 1762 814 1832 844; x_wconf 88' lang='lat' dir='ltr'>eius</span> <span class='ocrx_word' id='word_1_452' title='bbox 1857 815 1898 844; x_wconf 90' lang='lat' dir='ltr'>ab</span> <span class='ocrx_word' id='word_1_453' title='bbox 1922 814 2013 844; x_wconf 89' lang='lat' dir='ltr'>initio</span> <span class='ocrx_word' id='word_1_454' title='bbox 2037 820 2114 845; x_wconf 90' lang='lat' dir='ltr'>ante</span> <span class='ocrx_word' id='word_1_455' title='bbox 2137 815 2208 846; x_wconf 86' lang='lat' dir='ltr'>dies</span> 
     </span>
    </p>

    <p class='ocr_par' dir='ltr' id='par_1_25' title="bbox 1194 855 2209 1412">
     <span class='ocr_line' id='line_1_68' title="bbox 1194 855 2205 899; baseline 0.001 -12"><span class='ocrx_word' id='word_1_456' title='bbox 1194 887 1196 892; x_wconf 83' lang='grc'>,</span> <span class='ocrx_word' id='word_1_457' title='bbox 1223 857 1341 888; x_wconf 82' lang='lat' dir='ltr'>mundi.</span> <span class='ocrx_word' id='word_1_458' title='bbox 1412 856 1482 886; x_wconf 85' lang='lat' dir='ltr'>Etsi</span> <span class='ocrx_word' id='word_1_459' title='bbox 1504 858 1648 887; x_wconf 74' lang='lat' dir='ltr'>brevitas</span> <span class='ocrx_word' id='word_1_460' title='bbox 1684 855 1798 887; x_wconf 86' lang='lat' dir='ltr'>talium</span> <span class='ocrx_word' id='word_1_461' title='bbox 1818 857 2080 888; x_wconf 80' lang='lat' dir='ltr'>testimoniorum</span> <span class='ocrx_word' id='word_1_462' title='bbox 2103 863 2205 899; x_wconf 82' lang='lat' dir='ltr'>auget</span> 
     </span>
     <span class='ocr_line' id='line_1_69' title="bbox 1194 899 2209 941; baseline 0.002 -12"><span class='ocrx_word' id='word_1_463' title='bbox 1194 899 1196 934; x_wconf 65' lang='grc' dir='ltr'>ζ</span> <span class='ocrx_word' id='word_1_464' title='bbox 1223 899 1475 936; x_wconf 78' lang='lat' dir='ltr'>obscuritatem,</span> <span class='ocrx_word' id='word_1_465' title='bbox 1500 905 1608 930; x_wconf 84' lang='lat' dir='ltr'>tamen</span> <span class='ocrx_word' id='word_1_466' title='bbox 1634 900 1710 940; x_wconf 86' lang='lat' dir='ltr'>quia</span> <span class='ocrx_word' id='word_1_467' title='bbox 1734 900 1871 930; x_wconf 86' lang='lat' dir='ltr'>eaedem</span> <span class='ocrx_word' id='word_1_468' title='bbox 1899 901 2083 930; x_wconf 82' lang='lat' dir='ltr'>sententiae</span> <span class='ocrx_word' id='word_1_469' title='bbox 2106 910 2209 941; x_wconf 81' lang='lat' dir='ltr'>saepe</span> 
     </span>
     <span class='ocr_line' id='line_1_70' title="bbox 1194 938 2208 984; baseline 0.001 -11"><span class='ocrx_word' id='word_1_470' title='bbox 1194 938 1196 964; x_wconf 62' lang='grc' dir='ltr'>ἶ</span> <span class='ocrx_word' id='word_1_471' title='bbox 1221 948 1427 983; x_wconf 81' lang='lat' dir='ltr'>repetuntur,</span> <span class='ocrx_word' id='word_1_472' title='bbox 1453 941 1587 973; x_wconf 79' lang='lat' dir='ltr'>collatio</span> <span class='ocrx_word' id='word_1_473' title='bbox 1611 941 1743 984; x_wconf 78' lang='lat' dir='ltr'>singula</span> <span class='ocrx_word' id='word_1_474' title='bbox 1767 943 1853 973; x_wconf 84' lang='lat' dir='ltr'>dicta</span> <span class='ocrx_word' id='word_1_475' title='bbox 1876 942 2019 973; x_wconf 83' lang='lat' dir='ltr'>illustrat</span> <span class='ocrx_word' id='word_1_476' title='bbox 2043 943 2208 974; x_wconf 76' lang='grc' dir='ltr'><strong>616011ίὶ1·-</strong></span> 
     </span>
     <span class='ocr_line' id='line_1_71' title="bbox 1194 983 2208 1026; baseline 0.001 -10"><span class='ocrx_word' id='word_1_477' title='bbox 1194 983 1195 991; x_wconf 46' lang='lat'>*</span> <span class='ocrx_word' id='word_1_478' title='bbox 1222 991 1299 1016; x_wconf 85' lang='lat' dir='ltr'>mat.</span> <span class='ocrx_word' id='word_1_479' title='bbox 1331 984 1418 1016; x_wconf 89' lang='lat' dir='ltr'>Dicit</span> <span class='ocrx_word' id='word_1_480' title='bbox 1443 983 1531 1016; x_wconf 87' lang='grc'><strong>1111116</strong></span> <span class='ocrx_word' id='word_1_481' title='bbox 1555 985 1715 1016; x_wconf 80' lang='lat' dir='ltr'>Messiam</span> <span class='ocrx_word' id='word_1_482' title='bbox 1739 996 1911 1026; x_wconf 80' lang='lat' dir='ltr'>egressum</span> <span class='ocrx_word' id='word_1_483' title='bbox 1936 996 2012 1016; x_wconf 80' lang='lat' dir='ltr'>esse</span> <span class='ocrx_word' id='word_1_484' title='bbox 2036 992 2113 1017; x_wconf 88' lang='lat' dir='ltr'>ante</span> <span class='ocrx_word' id='word_1_485' title='bbox 2137 987 2208 1017; x_wconf 88' lang='lat' dir='ltr'>dies</span> 
     </span>
     <span class='ocr_line' id='line_1_72' title="bbox 1194 1027 2208 1069; baseline 0.002 -11"><span class='ocrx_word' id='word_1_486' title='bbox 1194 1039 1195 1056; x_wconf 75' lang='lat'>1</span> <span class='ocrx_word' id='word_1_487' title='bbox 1222 1028 1346 1065; x_wconf 86' lang='lat' dir='ltr'>mundi,</span> <span class='ocrx_word' id='word_1_488' title='bbox 1370 1038 1434 1069; x_wconf 91' lang='lat' dir='ltr'>quo</span> <span class='ocrx_word' id='word_1_489' title='bbox 1460 1028 1548 1058; x_wconf 87' lang='lat' dir='ltr'>dicto</span> <span class='ocrx_word' id='word_1_490' title='bbox 1571 1034 1627 1059; x_wconf 82' lang='lat' dir='ltr'>aut</span> <span class='ocrx_word' id='word_1_491' title='bbox 1647 1028 1711 1058; x_wconf 89' lang='grc'><strong>1106</strong></span> <span class='ocrx_word' id='word_1_492' title='bbox 1734 1028 1941 1069; x_wconf 75' lang='lat' dir='ltr'>significatur</span> <span class='ocrx_word' id='word_1_493' title='bbox 1961 1027 2077 1059; x_wconf 88' lang='lat' dir='ltr'>Filium</span> <span class='ocrx_word' id='word_1_494' title='bbox 2096 1035 2208 1060; x_wconf 75' lang='lat' dir='ltr'>ratum</span> 
     </span>
     <span class='ocr_line' id='line_1_73' title="bbox 1219 1071 2208 1114; baseline 0.002 -13"><span class='ocrx_word' id='word_1_495' title='bbox 1219 1081 1299 1111; x_wconf 30' lang='lat' dir='ltr'>&#39;esse</span> <span class='ocrx_word' id='word_1_496' title='bbox 1323 1077 1399 1101; x_wconf 89' lang='lat' dir='ltr'>ante</span> <span class='ocrx_word' id='word_1_497' title='bbox 1422 1071 1644 1101; x_wconf 86' lang='lat' dir='ltr'>conditionem</span> <span class='ocrx_word' id='word_1_498' title='bbox 1665 1073 1786 1108; x_wconf 88' lang='lat' dir='ltr'>mundi,</span> <span class='ocrx_word' id='word_1_499' title='bbox 1811 1077 1865 1102; x_wconf 89' lang='lat' dir='ltr'>aut</span> <span class='ocrx_word' id='word_1_500' title='bbox 1886 1082 2071 1114; x_wconf 84' lang='lat' dir='ltr'>egressum,</span> <span class='ocrx_word' id='word_1_501' title='bbox 2094 1072 2125 1103; x_wconf 91' lang='lat' dir='ltr'>id</span> <span class='ocrx_word' id='word_1_502' title='bbox 2145 1078 2208 1110; x_wconf 87' lang='lat' dir='ltr'>est,</span> 
     </span>
     <span class='ocr_line' id='line_1_74' title="bbox 1222 1114 2208 1155; baseline 0.002 -11"><span class='ocrx_word' id='word_1_503' title='bbox 1222 1114 1433 1154; x_wconf 75' lang='lat' dir='ltr'>promissum,</span> <span class='ocrx_word' id='word_1_504' title='bbox 1459 1119 1631 1144; x_wconf 82' lang='lat' dir='ltr'>ostensum</span> <span class='ocrx_word' id='word_1_505' title='bbox 1650 1114 1682 1144; x_wconf 89' lang='lat' dir='ltr'>in</span> <span class='ocrx_word' id='word_1_506' title='bbox 1703 1115 1817 1151; x_wconf 82' lang='lat' dir='ltr'>verbo,</span> <span class='ocrx_word' id='word_1_507' title='bbox 1843 1120 1876 1145; x_wconf 83' lang='lat' dir='ltr'>et</span> <span class='ocrx_word' id='word_1_508' title='bbox 1893 1121 2107 1155; x_wconf 84' lang='lat' dir='ltr'>conspectum</span> <span class='ocrx_word' id='word_1_509' title='bbox 2131 1124 2208 1146; x_wconf 87' lang='lat' dir='ltr'>esse</span> 
     </span>
     <span class='ocr_line' id='line_1_75' title="bbox 1223 1156 2208 1198; baseline 0.003 -12"><span class='ocrx_word' id='word_1_510' title='bbox 1223 1156 1378 1187; x_wconf 86' lang='lat' dir='ltr'>Patribus</span> <span class='ocrx_word' id='word_1_511' title='bbox 1402 1157 1445 1187; x_wconf 84' lang='grc'><strong>’111</strong></span> <span class='ocrx_word' id='word_1_512' title='bbox 1475 1157 1548 1197; x_wconf 86' lang='lat' dir='ltr'>ipso</span> <span class='ocrx_word' id='word_1_513' title='bbox 1572 1157 1683 1187; x_wconf 91' lang='lat' dir='ltr'>mundi</span> <span class='ocrx_word' id='word_1_514' title='bbox 1706 1157 1884 1197; x_wconf 89' lang='lat' dir='ltr'>principio,</span> <span class='ocrx_word' id='word_1_515' title='bbox 1916 1164 1947 1188; x_wconf 87' lang='lat' dir='ltr'>et</span> <span class='ocrx_word' id='word_1_516' title='bbox 1972 1159 2144 1198; x_wconf 81' lang='lat' dir='ltr'>deinceps,</span> <span class='ocrx_word' id='word_1_517' title='bbox 2174 1164 2208 1189; x_wconf 86' lang='lat' dir='ltr'>et</span> 
     </span>
     <span class='ocr_line' id='line_1_76' title="bbox 1222 1198 2208 1241; baseline 0.002 -11"><span class='ocrx_word' id='word_1_518' title='bbox 1222 1200 1298 1230; x_wconf 84' lang='lat' dir='ltr'>inde</span> <span class='ocrx_word' id='word_1_519' title='bbox 1322 1209 1428 1240; x_wconf 82' lang='lat' dir='ltr'>usque</span> <span class='ocrx_word' id='word_1_520' title='bbox 1463 1200 1504 1230; x_wconf 88' lang='lat' dir='ltr'>ab</span> <span class='ocrx_word' id='word_1_521' title='bbox 1534 1200 1625 1230; x_wconf 89' lang='lat' dir='ltr'>initio</span> <span class='ocrx_word' id='word_1_522' title='bbox 1656 1198 1760 1230; x_wconf 87' lang='lat' dir='ltr'>fuisse</span> <span class='ocrx_word' id='word_1_523' title='bbox 1789 1201 2041 1241; x_wconf 84' lang='lat' dir='ltr'>deprecatorem</span> <span class='ocrx_word' id='word_1_524' title='bbox 2064 1211 2126 1241; x_wconf 89' lang='lat' dir='ltr'>pro</span> <span class='ocrx_word' id='word_1_525' title='bbox 2145 1200 2208 1232; x_wconf 91' lang='lat' dir='ltr'>Ec-</span> 
     </span>
     <span class='ocr_line' id='line_1_77' title="bbox 1223 1241 2208 1280; baseline 0.001 -7"><span class='ocrx_word' id='word_1_526' title='bbox 1223 1242 1339 1280; x_wconf 84' lang='lat' dir='ltr'>clesia,</span> <span class='ocrx_word' id='word_1_527' title='bbox 1365 1250 1395 1273; x_wconf 83' lang='lat' dir='ltr'>et</span> <span class='ocrx_word' id='word_1_528' title='bbox 1417 1241 1628 1273; x_wconf 82' lang='lat' dir='ltr'>defensorem</span> <span class='ocrx_word' id='word_1_529' title='bbox 1651 1241 1837 1273; x_wconf 82' lang='lat' dir='ltr'>Ecclesiae.</span> <span class='ocrx_word' id='word_1_530' title='bbox 1883 1243 2044 1274; x_wconf 80' lang='lat' dir='ltr'>Luctator</span> <span class='ocrx_word' id='word_1_531' title='bbox 2067 1254 2141 1274; x_wconf 92' lang='lat' dir='ltr'>cum</span> <span class='ocrx_word' id='word_1_532' title='bbox 2161 1243 2208 1274; x_wconf 88' lang='grc'>13-</span> 
     </span>
     <span class='ocr_line' id='line_1_78' title="bbox 1223 1284 2208 1326; baseline 0.001 -10"><span class='ocrx_word' id='word_1_533' title='bbox 1223 1287 1298 1326; x_wconf 73' lang='grc'><strong>601),</strong></span> <span class='ocrx_word' id='word_1_534' title='bbox 1322 1292 1354 1316; x_wconf 84' lang='grc'>61</span> <span class='ocrx_word' id='word_1_535' title='bbox 1379 1284 1477 1316; x_wconf 86' lang='lat' dir='ltr'>lacob</span> <span class='ocrx_word' id='word_1_536' title='bbox 1503 1286 1544 1316; x_wconf 90' lang='lat' dir='ltr'>de</span> <span class='ocrx_word' id='word_1_537' title='bbox 1568 1287 1640 1326; x_wconf 79' lang='lat' dir='ltr'>ipso</span> <span class='ocrx_word' id='word_1_538' title='bbox 1665 1286 1753 1323; x_wconf 81' lang='lat' dir='ltr'>dicit,</span> <span class='ocrx_word' id='word_1_539' title='bbox 1777 1286 1959 1317; x_wconf 84' lang='lat' dir='ltr'>Benedicat</span> <span class='ocrx_word' id='word_1_540' title='bbox 1982 1287 2079 1317; x_wconf 89' lang='lat' dir='ltr'>vobis</span> <span class='ocrx_word' id='word_1_541' title='bbox 2101 1286 2208 1325; x_wconf 88' lang='lat' dir='ltr'>Deus,</span> 
     </span>
     <span class='ocr_line' id='line_1_79' title="bbox 1223 1327 2208 1370; baseline 0.001 -10"><span class='ocrx_word' id='word_1_542' title='bbox 1223 1336 1254 1360; x_wconf 92' lang='lat' dir='ltr'>et</span> <span class='ocrx_word' id='word_1_543' title='bbox 1279 1327 1431 1370; x_wconf 82' lang='lat' dir='ltr'>Angelus</span> <span class='ocrx_word' id='word_1_544' title='bbox 1456 1329 1510 1369; x_wconf 92' lang='lat' dir='ltr'>qui</span> <span class='ocrx_word' id='word_1_545' title='bbox 1539 1329 1657 1368; x_wconf 84' lang='lat' dir='ltr'>eripuit</span> <span class='ocrx_word' id='word_1_546' title='bbox 1682 1339 1734 1360; x_wconf 93' lang='lat' dir='ltr'>me</span> <span class='ocrx_word' id='word_1_547' title='bbox 1762 1339 1801 1359; x_wconf 75' lang='lat' dir='ltr'>ex</span> <span class='ocrx_word' id='word_1_548' title='bbox 1826 1330 1954 1360; x_wconf 84' lang='lat' dir='ltr'>cunctis</span> <span class='ocrx_word' id='word_1_549' title='bbox 1983 1328 2089 1360; x_wconf 84' lang='lat' dir='ltr'>malis.</span> <span class='ocrx_word' id='word_1_550' title='bbox 2135 1329 2208 1361; x_wconf 84' lang='lat' dir='ltr'>Hoc</span> 
     </span>
     <span class='ocr_line' id='line_1_80' title="bbox 1223 1371 2207 1412; baseline 0.001 -9"><span class='ocrx_word' id='word_1_551' title='bbox 1223 1373 1436 1412; x_wconf 79' lang='lat' dir='ltr'>praeconium</span> <span class='ocrx_word' id='word_1_552' title='bbox 1460 1378 1511 1402; x_wconf 88' lang='lat' dir='ltr'>est</span> <span class='ocrx_word' id='word_1_553' title='bbox 1536 1371 1698 1409; x_wconf 79' lang='lat' dir='ltr'>Messiae,</span> <span class='ocrx_word' id='word_1_554' title='bbox 1722 1372 1776 1412; x_wconf 89' lang='lat' dir='ltr'>qui</span> <span class='ocrx_word' id='word_1_555' title='bbox 1797 1371 1911 1402; x_wconf 78' lang='lat' dir='ltr'>liberat</span> <span class='ocrx_word' id='word_1_556' title='bbox 1939 1384 1958 1403; x_wconf 86' lang='lat' dir='ltr'>a</span> <span class='ocrx_word' id='word_1_557' title='bbox 1982 1374 2070 1403; x_wconf 80' lang='lat' dir='ltr'>veris</span> <span class='ocrx_word' id='word_1_558' title='bbox 2095 1379 2127 1403; x_wconf 83' lang='lat' dir='ltr'>et</span> <span class='ocrx_word' id='word_1_559' title='bbox 2151 1383 2207 1404; x_wconf 81' lang='lat' dir='ltr'>ae-</span> 
     </span>
    </p>

    <p class='ocr_par' dir='ltr' id='par_1_26' title="bbox 1193 1413 2209 1499">
     <span class='ocr_line' id='line_1_81' title="bbox 1193 1413 2209 1455; baseline 0 -9"><span class='ocrx_word' id='word_1_560' title='bbox 1193 1446 1194 1452; x_wconf 61' lang='grc'>,</span> <span class='ocrx_word' id='word_1_561' title='bbox 1224 1417 1326 1446; x_wconf 87' lang='lat' dir='ltr'>ternis</span> <span class='ocrx_word' id='word_1_562' title='bbox 1347 1413 1453 1452; x_wconf 84' lang='lat' dir='ltr'>malis,</span> <span class='ocrx_word' id='word_1_563' title='bbox 1479 1425 1497 1444; x_wconf 86' lang='lat' dir='ltr'>a</span> <span class='ocrx_word' id='word_1_564' title='bbox 1521 1415 1683 1455; x_wconf 83' lang='lat' dir='ltr'>peccatis,</span> <span class='ocrx_word' id='word_1_565' title='bbox 1708 1416 1750 1445; x_wconf 84' lang='lat' dir='ltr'>ab</span> <span class='ocrx_word' id='word_1_566' title='bbox 1775 1415 1823 1445; x_wconf 90' lang='lat' dir='ltr'>ira</span> <span class='ocrx_word' id='word_1_567' title='bbox 1837 1414 1911 1452; x_wconf 75' lang='lat' dir='ltr'>Dei,</span> <span class='ocrx_word' id='word_1_568' title='bbox 1933 1426 1952 1445; x_wconf 86' lang='lat' dir='ltr'>a</span> <span class='ocrx_word' id='word_1_569' title='bbox 1976 1421 2093 1446; x_wconf 87' lang='lat' dir='ltr'>morte.</span> <span class='ocrx_word' id='word_1_570' title='bbox 2117 1415 2209 1446; x_wconf 89' lang='lat' dir='ltr'>Haec</span> 
     </span>
     <span class='ocr_line' id='line_1_82' title="bbox 1224 1457 2207 1499; baseline -0.001 -10"><span class='ocrx_word' id='word_1_571' title='bbox 1224 1457 1383 1489; x_wconf 85' lang='lat' dir='ltr'>beneficia</span> <span class='ocrx_word' id='word_1_572' title='bbox 1418 1458 1543 1488; x_wconf 85' lang='lat' dir='ltr'>maiora</span> <span class='ocrx_word' id='word_1_573' title='bbox 1577 1463 1671 1495; x_wconf 83' lang='lat' dir='ltr'>sunt,</span> <span class='ocrx_word' id='word_1_574' title='bbox 1708 1468 1806 1498; x_wconf 85' lang='lat' dir='ltr'>quam</span> <span class='ocrx_word' id='word_1_575' title='bbox 1841 1458 1991 1488; x_wconf 88' lang='lat' dir='ltr'>custodia</span> <span class='ocrx_word' id='word_1_576' title='bbox 2021 1468 2207 1499; x_wconf 89' lang='lat' dir='ltr'>corporum,</span> 
     </span>
    </p>
   </div>
   <div class='ocr_carea' id='block_1_25' title="bbox 1192 1500 2208 1541">
    <p class='ocr_par' dir='ltr' id='par_1_27' title="bbox 1192 1500 2208 1541">
     <span class='ocr_line' id='line_1_83' title="bbox 1192 1500 2208 1541; baseline 0.004 -13"><span class='ocrx_word' id='word_1_577' title='bbox 1192 1500 1195 1515; x_wconf 86' lang='lat'><strong>¹</strong></span> <span class='ocrx_word' id='word_1_578' title='bbox 1876 1500 2037 1541; x_wconf 91' lang='lat' dir='ltr'>Loquitur</span> <span class='ocrx_word' id='word_1_579' title='bbox 2067 1508 2100 1532; x_wconf 90' lang='lat' dir='ltr'>et</span> <span class='ocrx_word' id='word_1_580' title='bbox 2135 1511 2208 1532; x_wconf 86' lang='lat' dir='ltr'>cum</span> 
     </span>
    </p>
   </div>
   <div class='ocr_carea' id='block_1_26' title="bbox 1193 1500 1823 1542">
    <p class='ocr_par' dir='ltr' id='par_1_28' title="bbox 1193 1500 1823 1542">
     <span class='ocr_line' id='line_1_84' title="bbox 1193 1500 1823 1542; baseline -0.005 -10"><span class='ocrx_word' id='word_1_581' title='bbox 1193 1519 1195 1538; x_wconf 56' lang='grc' dir='ltr'>Ι</span> <span class='ocrx_word' id='word_1_582' title='bbox 1223 1512 1307 1542; x_wconf 87' lang='lat' dir='ltr'>quae</span> <span class='ocrx_word' id='word_1_583' title='bbox 1338 1500 1372 1531; x_wconf 83' lang='lat' dir='ltr'>fit</span> <span class='ocrx_word' id='word_1_584' title='bbox 1407 1511 1466 1540; x_wconf 84' lang='lat' dir='ltr'>per</span> <span class='ocrx_word' id='word_1_585' title='bbox 1499 1500 1650 1542; x_wconf 79' lang='lat' dir='ltr'>Angelos</span> <span class='ocrx_word' id='word_1_586' title='bbox 1681 1507 1823 1531; x_wconf 71' lang='grc'><strong>6163105.</strong></span> 
     </span>
    </p>
   </div>
   <div class='ocr_carea' id='block_1_27' title="bbox 1193 1541 1715 1585">
    <p class='ocr_par' dir='ltr' id='par_1_29' title="bbox 1193 1541 1715 1585">
     <span class='ocr_line' id='line_1_85' title="bbox 1193 1541 1715 1585; baseline -0.006 -10"><span class='ocrx_word' id='word_1_587' title='bbox 1193 1569 1195 1585; x_wconf 75' lang='lat'>,</span> <span class='ocrx_word' id='word_1_588' title='bbox 1224 1544 1340 1582; x_wconf 83' lang='lat' dir='ltr'>Moise,</span> <span class='ocrx_word' id='word_1_589' title='bbox 1363 1543 1471 1574; x_wconf 79' lang='grc'><strong>105113.</strong></span> <span class='ocrx_word' id='word_1_590' title='bbox 1507 1550 1540 1574; x_wconf 82' lang='grc'>61</span> <span class='ocrx_word' id='word_1_591' title='bbox 1564 1541 1715 1574; x_wconf 81' lang='lat' dir='ltr'>Daniele.</span> 
     </span>
    </p>
   </div>
   <div class='ocr_carea' id='block_1_28' title="bbox 1193 1619 2209 1852">
    <p class='ocr_par' dir='ltr' id='par_1_30' title="bbox 1194 1619 2209 1704">
     <span class='ocr_line' id='line_1_86' title="bbox 1308 1619 2208 1661; baseline 0 -9"><span class='ocrx_word' id='word_1_592' title='bbox 1308 1621 1384 1652; x_wconf 78' lang='lat' dir='ltr'>Ideo</span> <span class='ocrx_word' id='word_1_593' title='bbox 1405 1626 1436 1651; x_wconf 78' lang='lat' dir='ltr'>et</span> <span class='ocrx_word' id='word_1_594' title='bbox 1462 1620 1488 1650; x_wconf 88' lang='lat' dir='ltr'>l.</span> <span class='ocrx_word' id='word_1_595' title='bbox 1514 1619 1662 1651; x_wconf 85' lang='lat' dir='ltr'>Corinth.</span> <span class='ocrx_word' id='word_1_596' title='bbox 1690 1620 1738 1651; x_wconf 89' lang='lat'>10.</span> <span class='ocrx_word' id='word_1_597' title='bbox 1763 1630 1925 1661; x_wconf 73' lang='lat' dir='ltr'>expresse</span> <span class='ocrx_word' id='word_1_598' title='bbox 1949 1619 2101 1651; x_wconf 80' lang='lat' dir='ltr'>adfirmat</span> <span class='ocrx_word' id='word_1_599' title='bbox 2123 1621 2208 1653; x_wconf 85' lang='lat' dir='ltr'>Pau-</span> 
     </span>
     <span class='ocr_line' id='line_1_87' title="bbox 1194 1662 2209 1704; baseline 0.004 -12"><span class='ocrx_word' id='word_1_600' title='bbox 1194 1683 1195 1692; x_wconf 43' lang='lat'>1</span> <span class='ocrx_word' id='word_1_601' title='bbox 1222 1664 1289 1702; x_wconf 92' lang='lat' dir='ltr'>lus,</span> <span class='ocrx_word' id='word_1_602' title='bbox 1314 1664 1482 1694; x_wconf 79' lang='lat' dir='ltr'>Christum</span> <span class='ocrx_word' id='word_1_603' title='bbox 1506 1662 1656 1694; x_wconf 80' lang='lat' dir='ltr'>adfuisse</span> <span class='ocrx_word' id='word_1_604' title='bbox 1674 1662 1799 1704; x_wconf 90' lang='lat' dir='ltr'>populo</span> <span class='ocrx_word' id='word_1_605' title='bbox 1818 1665 1851 1694; x_wconf 87' lang='lat' dir='ltr'>in</span> <span class='ocrx_word' id='word_1_606' title='bbox 1875 1664 2020 1695; x_wconf 87' lang='lat' dir='ltr'>deserto.</span> <span class='ocrx_word' id='word_1_607' title='bbox 2045 1663 2209 1696; x_wconf 85' lang='lat' dir='ltr'>Bibebant</span> 
     </span>
    </p>

    <p class='ocr_par' dir='ltr' id='par_1_31' title="bbox 1193 1705 2207 1852">
     <span class='ocr_line' id='line_1_88' title="bbox 1224 1705 2207 1748; baseline 0 -10"><span class='ocrx_word' id='word_1_608' title='bbox 1224 1719 1264 1738; x_wconf 79' lang='lat' dir='ltr'>ex</span> <span class='ocrx_word' id='word_1_609' title='bbox 1300 1705 1461 1748; x_wconf 81' lang='lat' dir='ltr'>spirituali</span> <span class='ocrx_word' id='word_1_610' title='bbox 1498 1707 1678 1737; x_wconf 86' lang='lat' dir='ltr'>comitante</span> <span class='ocrx_word' id='word_1_611' title='bbox 1713 1717 1771 1738; x_wconf 87' lang='lat' dir='ltr'>eos</span> <span class='ocrx_word' id='word_1_612' title='bbox 1805 1712 1911 1747; x_wconf 85' lang='lat' dir='ltr'>petra.</span> <span class='ocrx_word' id='word_1_613' title='bbox 1976 1707 2075 1738; x_wconf 80' lang='lat' dir='ltr'>Petra</span> <span class='ocrx_word' id='word_1_614' title='bbox 2098 1713 2207 1738; x_wconf 87' lang='lat' dir='ltr'>autem</span> 
     </span>
     <span class='ocr_line' id='line_1_89' title="bbox 1193 1749 1476 1852; baseline -0.007 -70"><span class='ocrx_word' id='word_1_615' title='bbox 1193 1768 1198 1852; x_wconf 68' lang='grc' dir='ltr'>ι</span> <span class='ocrx_word' id='word_1_616' title='bbox 1222 1756 1292 1782; x_wconf 85' lang='lat' dir='ltr'>erat</span> <span class='ocrx_word' id='word_1_617' title='bbox 1312 1749 1476 1781; x_wconf 82' lang='lat' dir='ltr'>Christus.</span> 
     </span>
    </p>
   </div>
   <div class='ocr_carea' id='block_1_29' title="bbox 1194 1826 2208 2472">
    <p class='ocr_par' dir='ltr' id='par_1_32' title="bbox 1224 1826 2208 1955">
     <span class='ocr_line' id='line_1_90' title="bbox 1310 1826 2208 1868; baseline 0.001 -11"><span class='ocrx_word' id='word_1_618' title='bbox 1310 1826 1401 1858; x_wconf 81' lang='lat' dir='ltr'>Psal.</span> <span class='ocrx_word' id='word_1_619' title='bbox 1425 1827 1478 1858; x_wconf 77' lang='lat'>45.</span> <span class='ocrx_word' id='word_1_620' title='bbox 1525 1827 1565 1857; x_wconf 86' lang='lat' dir='ltr'>Et</span> <span class='ocrx_word' id='word_1_621' title='bbox 1586 1828 1802 1868; x_wconf 85' lang='lat' dir='ltr'>concupiscet</span> <span class='ocrx_word' id='word_1_622' title='bbox 1825 1827 1896 1858; x_wconf 85' lang='lat' dir='ltr'>Rex</span> <span class='ocrx_word' id='word_1_623' title='bbox 1922 1828 2076 1858; x_wconf 83' lang='lat' dir='ltr'>decorem</span> <span class='ocrx_word' id='word_1_624' title='bbox 2105 1833 2208 1865; x_wconf 81' lang='lat' dir='ltr'>tuum,</span> 
     </span>
     <span class='ocr_line' id='line_1_91' title="bbox 1224 1869 2207 1912; baseline 0 -11"><span class='ocrx_word' id='word_1_625' title='bbox 1224 1872 1301 1912; x_wconf 90' lang='lat' dir='ltr'>quia</span> <span class='ocrx_word' id='word_1_626' title='bbox 1324 1871 1397 1911; x_wconf 88' lang='lat' dir='ltr'>ipse</span> <span class='ocrx_word' id='word_1_627' title='bbox 1422 1877 1473 1901; x_wconf 85' lang='lat' dir='ltr'>est</span> <span class='ocrx_word' id='word_1_628' title='bbox 1496 1870 1589 1901; x_wconf 93' lang='lat' dir='ltr'>Deus</span> <span class='ocrx_word' id='word_1_629' title='bbox 1613 1876 1700 1901; x_wconf 82' lang='lat' dir='ltr'>tuus.</span> <span class='ocrx_word' id='word_1_630' title='bbox 1769 1870 1829 1902; x_wconf 86' lang='lat' dir='ltr'>Hic</span> <span class='ocrx_word' id='word_1_631' title='bbox 1856 1870 2007 1901; x_wconf 88' lang='lat' dir='ltr'>adfirmat</span> <span class='ocrx_word' id='word_1_632' title='bbox 2037 1869 2207 1909; x_wconf 85' lang='lat' dir='ltr'>Messiam,</span> 
     </span>
     <span class='ocr_line' id='line_1_92' title="bbox 1224 1913 2207 1955; baseline 0.001 -12"><span class='ocrx_word' id='word_1_633' title='bbox 1224 1925 1320 1955; x_wconf 85' lang='lat' dir='ltr'>quem</span> <span class='ocrx_word' id='word_1_634' title='bbox 1344 1920 1518 1944; x_wconf 90' lang='lat' dir='ltr'>venturum</span> <span class='ocrx_word' id='word_1_635' title='bbox 1542 1924 1619 1943; x_wconf 86' lang='lat' dir='ltr'>esse</span> <span class='ocrx_word' id='word_1_636' title='bbox 1643 1914 1825 1954; x_wconf 70' lang='lat' dir='ltr'>praedicat,</span> <span class='ocrx_word' id='word_1_637' title='bbox 1850 1913 1956 1944; x_wconf 88' lang='lat' dir='ltr'>Deum</span> <span class='ocrx_word' id='word_1_638' title='bbox 1981 1923 2070 1950; x_wconf 87' lang='lat' dir='ltr'>esse,</span> <span class='ocrx_word' id='word_1_639' title='bbox 2093 1920 2124 1943; x_wconf 88' lang='lat' dir='ltr'>et</span> <span class='ocrx_word' id='word_1_640' title='bbox 2148 1923 2207 1944; x_wconf 88' lang='lat' dir='ltr'>no-</span> 
     </span>
    </p>

    <p class='ocr_par' dir='ltr' id='par_1_33' title="bbox 1194 1954 2208 2472">
     <span class='ocr_line' id='line_1_93' title="bbox 1194 1954 2206 2014; baseline 0 -27"><span class='ocrx_word' id='word_1_641' title='bbox 1194 1954 1197 2014; x_wconf 65' lang='grc'><strong>,</strong></span> <span class='ocrx_word' id='word_1_642' title='bbox 1224 1958 1309 1988; x_wconf 85' lang='grc'><strong>1111116</strong></span> <span class='ocrx_word' id='word_1_643' title='bbox 1332 1958 1433 1987; x_wconf 85' lang='lat' dir='ltr'>utitur</span> <span class='ocrx_word' id='word_1_644' title='bbox 1457 1957 1591 1994; x_wconf 81' lang='lat' dir='ltr'>Adonai,</span> <span class='ocrx_word' id='word_1_645' title='bbox 1615 1957 1702 1997; x_wconf 91' lang='lat' dir='ltr'>quod</span> <span class='ocrx_word' id='word_1_646' title='bbox 1727 1957 1859 1997; x_wconf 82' lang='lat' dir='ltr'>proprie</span> <span class='ocrx_word' id='word_1_647' title='bbox 1883 1956 1958 1986; x_wconf 92' lang='lat' dir='ltr'>Deo</span> <span class='ocrx_word' id='word_1_648' title='bbox 1990 1956 2086 1987; x_wconf 88' lang='lat' dir='ltr'>tribui</span> <span class='ocrx_word' id='word_1_649' title='bbox 2109 1954 2206 1987; x_wconf 84' lang='lat' dir='ltr'>solet.</span> 
     </span>
     <span class='ocr_line' id='line_1_94' title="bbox 1195 1998 2207 2050; baseline -0.001 -19"><span class='ocrx_word' id='word_1_650' title='bbox 1195 2015 1198 2050; x_wconf 48' lang='grc' dir='ltr'><strong>ἱ</strong></span> <span class='ocrx_word' id='word_1_651' title='bbox 1223 2000 1284 2031; x_wconf 81' lang='lat' dir='ltr'>Est</span> <span class='ocrx_word' id='word_1_652' title='bbox 1317 2006 1426 2031; x_wconf 74' lang='lat' dir='ltr'>autern</span> <span class='ocrx_word' id='word_1_653' title='bbox 1457 1999 1565 2030; x_wconf 85' lang='lat' dir='ltr'>dulcis</span> <span class='ocrx_word' id='word_1_654' title='bbox 1595 1999 1782 2030; x_wconf 87' lang='lat' dir='ltr'>consolatio</span> <span class='ocrx_word' id='word_1_655' title='bbox 1809 2000 1840 2029; x_wconf 90' lang='lat' dir='ltr'>in</span> <span class='ocrx_word' id='word_1_656' title='bbox 1864 1999 1931 2029; x_wconf 90' lang='grc'><strong>1106</strong></span> <span class='ocrx_word' id='word_1_657' title='bbox 1954 1999 2055 2030; x_wconf 77' lang='lat' dir='ltr'>dicto.</span> <span class='ocrx_word' id='word_1_658' title='bbox 2124 1998 2207 2030; x_wconf 86' lang='lat' dir='ltr'>Cum</span> 
     </span>
     <span class='ocr_line' id='line_1_95' title="bbox 1195 2041 2207 2083; baseline 0 -10"><span class='ocrx_word' id='word_1_659' title='bbox 1195 2056 1197 2080; x_wconf 74' lang='lat' dir='ltr'>i</span> <span class='ocrx_word' id='word_1_660' title='bbox 1224 2041 1378 2074; x_wconf 87' lang='lat' dir='ltr'>Psalmus</span> <span class='ocrx_word' id='word_1_661' title='bbox 1402 2042 1514 2073; x_wconf 86' lang='lat' dir='ltr'>laudat</span> <span class='ocrx_word' id='word_1_662' title='bbox 1537 2041 1712 2073; x_wconf 86' lang='lat' dir='ltr'>Ecclesiae</span> <span class='ocrx_word' id='word_1_663' title='bbox 1732 2041 2001 2082; x_wconf 77' lang='lat' dir='ltr'>pulcritudinem,</span> <span class='ocrx_word' id='word_1_664' title='bbox 2032 2052 2118 2083; x_wconf 88' lang='lat' dir='ltr'>quae</span> <span class='ocrx_word' id='word_1_665' title='bbox 2140 2051 2207 2073; x_wconf 91' lang='lat' dir='ltr'>non</span> 
     </span>
     <span class='ocr_line' id='line_1_96' title="bbox 1224 2084 2207 2126; baseline 0 -10"><span class='ocrx_word' id='word_1_666' title='bbox 1224 2085 1331 2118; x_wconf 88' lang='lat' dir='ltr'>solum</span> <span class='ocrx_word' id='word_1_667' title='bbox 1350 2087 1471 2117; x_wconf 87' lang='lat' dir='ltr'>iudicio</span> <span class='ocrx_word' id='word_1_668' title='bbox 1494 2086 1606 2116; x_wconf 86' lang='lat' dir='ltr'>mundi</span> <span class='ocrx_word' id='word_1_669' title='bbox 1629 2091 1766 2126; x_wconf 86' lang='lat' dir='ltr'>propter</span> <span class='ocrx_word' id='word_1_670' title='bbox 1790 2095 1922 2116; x_wconf 89' lang='lat' dir='ltr'>crucem</span> <span class='ocrx_word' id='word_1_671' title='bbox 1947 2084 2100 2126; x_wconf 88' lang='lat' dir='ltr'>squalida</span> <span class='ocrx_word' id='word_1_672' title='bbox 2118 2084 2207 2117; x_wconf 75' lang='lat' dir='ltr'>vide-</span> 
     </span>
     <span class='ocr_line' id='line_1_97' title="bbox 1194 2126 2207 2175; baseline -0.002 -14"><span class='ocrx_word' id='word_1_673' title='bbox 1194 2128 1197 2175; x_wconf 57' lang='grc' dir='ltr'>ᾖ</span> <span class='ocrx_word' id='word_1_674' title='bbox 1223 2136 1286 2170; x_wconf 83' lang='lat' dir='ltr'>tur,</span> <span class='ocrx_word' id='word_1_675' title='bbox 1311 2130 1371 2160; x_wconf 85' lang='lat' dir='ltr'>sed</span> <span class='ocrx_word' id='word_1_676' title='bbox 1396 2129 1492 2160; x_wconf 85' lang='lat' dir='ltr'>etiam</span> <span class='ocrx_word' id='word_1_677' title='bbox 1517 2138 1635 2159; x_wconf 88' lang='lat' dir='ltr'>revera</span> <span class='ocrx_word' id='word_1_678' title='bbox 1654 2127 1763 2159; x_wconf 84' lang='lat' dir='ltr'>adhuc</span> <span class='ocrx_word' id='word_1_679' title='bbox 1787 2127 1946 2170; x_wconf 80' lang='lat' dir='ltr'>languida</span> <span class='ocrx_word' id='word_1_680' title='bbox 1969 2134 2037 2166; x_wconf 86' lang='lat' dir='ltr'>est,</span> <span class='ocrx_word' id='word_1_681' title='bbox 2072 2134 2104 2159; x_wconf 93' lang='lat' dir='ltr'>et</span> <span class='ocrx_word' id='word_1_682' title='bbox 2125 2126 2207 2159; x_wconf 92' lang='lat' dir='ltr'>mul·</span> 
     </span>
     <span class='ocr_line' id='line_1_98' title="bbox 1195 2170 2208 2215; baseline 0 -13"><span class='ocrx_word' id='word_1_683' title='bbox 1195 2179 1197 2202; x_wconf 88' lang='grc' dir='ltr'>Ι</span> <span class='ocrx_word' id='word_1_684' title='bbox 1224 2179 1276 2204; x_wconf 84' lang='lat' dir='ltr'>tas</span> <span class='ocrx_word' id='word_1_685' title='bbox 1300 2173 1439 2210; x_wconf 84' lang='lat' dir='ltr'>sordes,</span> <span class='ocrx_word' id='word_1_686' title='bbox 1462 2171 1697 2215; x_wconf 82' lang='lat' dir='ltr'>ignorantiam.</span> <span class='ocrx_word' id='word_1_687' title='bbox 1735 2177 1767 2202; x_wconf 91' lang='lat' dir='ltr'>et</span> <span class='ocrx_word' id='word_1_688' title='bbox 1790 2172 1931 2203; x_wconf 84' lang='lat' dir='ltr'>vitiosos</span> <span class='ocrx_word' id='word_1_689' title='bbox 1955 2170 2107 2203; x_wconf 82' lang='lat' dir='ltr'>adfectus</span> <span class='ocrx_word' id='word_1_690' title='bbox 2126 2170 2208 2202; x_wconf 90' lang='lat' dir='ltr'>mul-</span> 
     </span>
     <span class='ocr_line' id='line_1_99' title="bbox 1224 2214 2207 2256; baseline 0 -10"><span class='ocrx_word' id='word_1_691' title='bbox 1224 2222 1277 2247; x_wconf 87' lang='lat' dir='ltr'>tos</span> <span class='ocrx_word' id='word_1_692' title='bbox 1301 2214 1501 2246; x_wconf 83' lang='lat' dir='ltr'>circumfert.</span> <span class='ocrx_word' id='word_1_693' title='bbox 1548 2214 1677 2245; x_wconf 85' lang='lat' dir='ltr'>lnterea</span> <span class='ocrx_word' id='word_1_694' title='bbox 1701 2220 1809 2245; x_wconf 88' lang='lat' dir='ltr'>tamen</span> <span class='ocrx_word' id='word_1_695' title='bbox 1834 2216 1979 2246; x_wconf 87' lang='lat' dir='ltr'>sciamus</span> <span class='ocrx_word' id='word_1_696' title='bbox 2002 2225 2083 2252; x_wconf 86' lang='lat' dir='ltr'>nos,</span> <span class='ocrx_word' id='word_1_697' title='bbox 2106 2225 2207 2256; x_wconf 86' lang='lat' dir='ltr'>quan-</span> 
     </span>
     <span class='ocr_line' id='line_1_100' title="bbox 1224 2257 2207 2301; baseline -0.002 -11"><span class='ocrx_word' id='word_1_698' title='bbox 1224 2270 1321 2301; x_wconf 90' lang='lat' dir='ltr'>quam</span> <span class='ocrx_word' id='word_1_699' title='bbox 1343 2257 1538 2296; x_wconf 88' lang='lat' dir='ltr'>imbecilles,</span> <span class='ocrx_word' id='word_1_700' title='bbox 1556 2263 1693 2298; x_wconf 87' lang='lat' dir='ltr'>propter</span> <span class='ocrx_word' id='word_1_701' title='bbox 1715 2257 1908 2289; x_wconf 86' lang='lat' dir='ltr'>immensam</span> <span class='ocrx_word' id='word_1_702' title='bbox 1935 2258 2207 2292; x_wconf 77' lang='lat' dir='ltr'>misericordiam.</span> 
     </span>
     <span class='ocr_line' id='line_1_101' title="bbox 1223 2300 2206 2342; baseline -0.002 -9"><span class='ocrx_word' id='word_1_703' title='bbox 1223 2309 1332 2333; x_wconf 83' lang='lat' dir='ltr'>tamen</span> <span class='ocrx_word' id='word_1_704' title='bbox 1357 2302 1432 2333; x_wconf 89' lang='lat' dir='ltr'>huic</span> <span class='ocrx_word' id='word_1_705' title='bbox 1452 2307 1568 2332; x_wconf 86' lang='lat' dir='ltr'>nostro</span> <span class='ocrx_word' id='word_1_706' title='bbox 1593 2300 1676 2341; x_wconf 71' lang='lat' dir='ltr'>Regi</span> <span class='ocrx_word' id='word_1_707' title='bbox 1696 2300 1842 2341; x_wconf 82' lang='lat' dir='ltr'>placere,</span> <span class='ocrx_word' id='word_1_708' title='bbox 1868 2307 1899 2332; x_wconf 88' lang='lat' dir='ltr'>et</span> <span class='ocrx_word' id='word_1_709' title='bbox 1922 2301 2107 2342; x_wconf 87' lang='lat' dir='ltr'>praedicari</span> <span class='ocrx_word' id='word_1_710' title='bbox 2134 2300 2206 2342; x_wconf 90' lang='lat' dir='ltr'>pul·</span> 
     </span>
     <span class='ocr_line' id='line_1_102' title="bbox 1225 2342 2207 2385; baseline -0.002 -9"><span class='ocrx_word' id='word_1_711' title='bbox 1225 2346 1437 2382; x_wconf 63' lang='lat' dir='ltr'>crhudinem,</span> <span class='ocrx_word' id='word_1_712' title='bbox 1468 2345 1501 2375; x_wconf 82' lang='lat' dir='ltr'>id</span> <span class='ocrx_word' id='word_1_713' title='bbox 1524 2350 1592 2381; x_wconf 87' lang='lat' dir='ltr'>est,</span> <span class='ocrx_word' id='word_1_714' title='bbox 1627 2343 1756 2385; x_wconf 85' lang='lat' dir='ltr'>aliquas</span> <span class='ocrx_word' id='word_1_715' title='bbox 1776 2354 1853 2375; x_wconf 86' lang='lat' dir='ltr'>esse</span> <span class='ocrx_word' id='word_1_716' title='bbox 1876 2345 2016 2376; x_wconf 86' lang='lat' dir='ltr'>virtutes</span> <span class='ocrx_word' id='word_1_717' title='bbox 2039 2343 2114 2375; x_wconf 90' lang='lat' dir='ltr'>Deo</span> <span class='ocrx_word' id='word_1_718' title='bbox 2137 2342 2207 2385; x_wconf 86' lang='lat' dir='ltr'>pla-</span> 
     </span>
     <span class='ocr_line' id='line_1_103' title="bbox 1225 2387 2207 2429; baseline -0.002 -9"><span class='ocrx_word' id='word_1_719' title='bbox 1225 2395 1352 2426; x_wconf 85' lang='lat' dir='ltr'>centes,</span> <span class='ocrx_word' id='word_1_720' title='bbox 1388 2397 1500 2419; x_wconf 83' lang='lat' dir='ltr'>veram</span> <span class='ocrx_word' id='word_1_721' title='bbox 1519 2387 1778 2426; x_wconf 85' lang='lat' dir='ltr'>invocationem,</span> <span class='ocrx_word' id='word_1_722' title='bbox 1806 2388 2083 2429; x_wconf 80' lang='lat' dir='ltr'>propagationem</span> <span class='ocrx_word' id='word_1_723' title='bbox 2105 2396 2207 2418; x_wconf 83' lang='lat' dir='ltr'>verae</span> 
     </span>
     <span class='ocr_line' id='line_1_104' title="bbox 1224 2428 2111 2472; baseline -0.006 -9"><span class='ocrx_word' id='word_1_724' title='bbox 1224 2432 1406 2469; x_wconf 85' lang='lat' dir='ltr'>doetrinae,</span> <span class='ocrx_word' id='word_1_725' title='bbox 1431 2436 1463 2462; x_wconf 86' lang='lat' dir='ltr'>et</span> <span class='ocrx_word' id='word_1_726' title='bbox 1486 2428 1646 2472; x_wconf 81' lang='lat' dir='ltr'>reliquam</span> <span class='ocrx_word' id='word_1_727' title='bbox 1670 2429 1857 2462; x_wconf 86' lang='lat' dir='ltr'>inchoatam</span> <span class='ocrx_word' id='word_1_728' title='bbox 1881 2431 2111 2462; x_wconf 81' lang='lat' dir='ltr'>obedientiam.</span> 
     </span>
    </p>
   </div>
   <div class='ocr_carea' id='block_1_30' title="bbox 1194 1853 1198 1949">
    <p class='ocr_par' dir='ltr' id='par_1_34' title="bbox 1194 1853 1198 1949">
     <span class='ocr_line' id='line_1_105' title="bbox 1194 1853 1198 1949; baseline 0 1041"><span class='ocrx_word' id='word_1_729' title='bbox 1194 1853 1198 1949; x_wconf 95' lang='lat' dir='ltr'> </span> 
     </span>
    </p>
   </div>
   <div class='ocr_carea' id='block_1_31' title="bbox 1194 2217 1198 2322">
    <p class='ocr_par' dir='ltr' id='par_1_35' title="bbox 1194 2217 1198 2322">
     <span class='ocr_line' id='line_1_106' title="bbox 1194 2217 1198 2322; baseline 0 668"><span class='ocrx_word' id='word_1_730' title='bbox 1194 2217 1198 2322; x_wconf 95' lang='lat' dir='ltr'> </span> 
     </span>
    </p>
   </div>
   <div class='ocr_carea' id='block_1_32' title="bbox 1224 2506 2208 2632">
    <p class='ocr_par' dir='ltr' id='par_1_36' title="bbox 1224 2506 2208 2632">
     <span class='ocr_line' id='line_1_107' title="bbox 1309 2506 2208 2549; baseline -0.002 -9"><span class='ocrx_word' id='word_1_731' title='bbox 1309 2508 1398 2540; x_wconf 83' lang='lat' dir='ltr'>Psal.</span> <span class='ocrx_word' id='word_1_732' title='bbox 1424 2507 1465 2538; x_wconf 78' lang='lat'>72</span> <span class='ocrx_word' id='word_1_733' title='bbox 1501 2508 1579 2539; x_wconf 87' lang='lat' dir='ltr'>dicit</span> <span class='ocrx_word' id='word_1_734' title='bbox 1602 2506 1760 2538; x_wconf 84' lang='lat' dir='ltr'>Messiam</span> <span class='ocrx_word' id='word_1_735' title='bbox 1784 2508 2021 2549; x_wconf 82' lang='lat' dir='ltr'>sempiternum</span> <span class='ocrx_word' id='word_1_736' title='bbox 2043 2517 2140 2545; x_wconf 84' lang='lat' dir='ltr'>esse,</span> <span class='ocrx_word' id='word_1_737' title='bbox 2175 2513 2208 2538; x_wconf 76' lang='lat' dir='ltr'>et</span> 
     </span>
     <span class='ocr_line' id='line_1_108' title="bbox 1224 2549 2208 2593; baseline -0.003 -9"><span class='ocrx_word' id='word_1_738' title='bbox 1224 2563 1356 2593; x_wconf 84' lang='lat' dir='ltr'>semper</span> <span class='ocrx_word' id='word_1_739' title='bbox 1377 2551 1593 2583; x_wconf 86' lang='lat' dir='ltr'>adorandum.</span> <span class='ocrx_word' id='word_1_740' title='bbox 1617 2550 1692 2582; x_wconf 90' lang='lat' dir='ltr'>Fuit</span> <span class='ocrx_word' id='word_1_741' title='bbox 1715 2560 1835 2582; x_wconf 90' lang='lat' dir='ltr'>nomen</span> <span class='ocrx_word' id='word_1_742' title='bbox 1860 2551 1932 2582; x_wconf 87' lang='lat' dir='ltr'>eius</span> <span class='ocrx_word' id='word_1_743' title='bbox 1955 2560 2097 2591; x_wconf 84' lang='lat' dir='ltr'>semper,</span> <span class='ocrx_word' id='word_1_744' title='bbox 2119 2549 2208 2581; x_wconf 84' lang='lat' dir='ltr'>Ante</span> 
     </span>
     <span class='ocr_line' id='line_1_109' title="bbox 1224 2593 2207 2632; baseline -0.003 -5"><span class='ocrx_word' id='word_1_745' title='bbox 1224 2595 1333 2628; x_wconf 87' lang='lat' dir='ltr'>solem</span> <span class='ocrx_word' id='word_1_746' title='bbox 1370 2601 1480 2626; x_wconf 87' lang='lat' dir='ltr'>manet</span> <span class='ocrx_word' id='word_1_747' title='bbox 1514 2601 1633 2625; x_wconf 85' lang='lat' dir='ltr'>nomen</span> <span class='ocrx_word' id='word_1_748' title='bbox 1668 2594 1751 2632; x_wconf 88' lang='lat' dir='ltr'>eius,</span> <span class='ocrx_word' id='word_1_749' title='bbox 1786 2600 1819 2626; x_wconf 89' lang='lat' dir='ltr'>et</span> <span class='ocrx_word' id='word_1_750' title='bbox 1853 2593 2089 2625; x_wconf 82' lang='lat' dir='ltr'>benedicentur</span> <span class='ocrx_word' id='word_1_751' title='bbox 2110 2594 2142 2625; x_wconf 84' lang='lat' dir='ltr'>in</span> <span class='ocrx_word' id='word_1_752' title='bbox 2165 2603 2207 2624; x_wconf 84' lang='lat' dir='ltr'>eo</span> 
     </span>
    </p>
   </div>
  </div>
 </body>
</html>
