2383 2990
242 148 299 178 187

240 240 357 271 remitti
375 246 524 281 peccata,
547 238 735 270 exercenda
758 243 820 275 est,
840 243 872 268 ct
894 237 978 269 haec
997 242 1049 268 est
1060 237 1214 278 proprius
1237 244 1241 270 t

240 282 350 314 cultus
373 284 511 323 piorum.
858 279 863 284 '
1237 272 1242 361 ΙΙ

325 367 515 398 Habeamus
543 371 651 397 autem
674 365 708 396 in
733 371 918 406 conspectu
941 366 1103 406 quaedam
1122 365 1216 396 firma
1239 363 1242 410 t

239 418 269 441 ct
294 409 433 441 illustria
455 409 642 440 testimonia
666 409 706 439 de
729 408 793 439 hac
815 408 880 439 fide
903 414 936 439 et
958 409 998 439 de
1021 408 1216 439 remissione
1240 411 1243 437 t

237 460 460 495 peccatorum,
481 459 516 482 ut
539 452 644 492 magis
669 452 857 482 confirmari
875 457 1012 488 mentes,
1035 457 1067 482 et
1080 451 1215 481 excitari

238 496 279 526 ad
303 495 398 525 fidem
423 501 454 525 et
473 495 713 525 invocationem
732 495 874 535 possint.
898 494 1058 524 Actorum
1073 494 1215 524 decimo:
1241 520 1243 539 Ι

238 538 321 569 Huic
345 547 459 569 omnes
482 536 669 578 Prophetae
692 538 911 568 testimonium
942 536 1131 576 perhibent,
1168 545 1217 566 re·
1241 558 1244 570 ,

236 581 425 611 missionem
470 586 681 621 peccatorum
715 580 868 620 accipere
901 590 960 620 per
993 589 1112 610 nomen
1147 579 1216 609 eius
1242 608 1243 615 ,

238 633 352 654 01111105
377 622 432 664 qui
456 623 593 654 credunt
616 624 648 653 in
673 633 756 654 eum.
1242 618 1243 622 ¹

324 708 502 739 Sciendum
526 713 577 738 est
601 714 632 738 et
654 706 745 745 illud,
783 718 856 738 cum
879 706 942 737 hac
962 707 1025 737 tidc
1049 716 1111 737 nos
1146 716 1217 736 sus·
1241 656 1244 713 l

238 758 411 788 tentamus,
436 751 506 781 dari
520 750 674 790 Spiritum
699 757 851 781 sanctum
874 760 933 790 per
956 751 1104 785 verbum,
1128 750 1217 779 iuxta

236 793 315 824 illud
330 792 423 825 Pauli
448 794 489 824 ad
504 792 659 824 Galatas:
683 793 727 823 Ut
752 793 1003 833 promissionem
1017 792 1141 833 Spiritu
1164 802 1217 821 ac·
1242 814 1243 817 ,

238 837 397 877 cipiamus
417 846 476 877 per
495 835 602 867 fidem.
647 836 730 866 Nam
749 836 890 875 Spiritus
914 841 1050 866 sanctus
1074 841 1124 865 est
1148 832 1216 864 effi-

239 890 297 909 cax
321 880 353 909 in
377 877 603 909 consolatione
628 889 685 918 per
708 879 846 909 verbum
873 876 1054 918 Evangelii.
1106 876 1217 911 Quare
1242 889 1243 897 ¹

238 933 312 952 cuir.
335 920 580 962 nosEvangelii
601 928 631 951 et
655 920 872 951 absolutionis
897 921 1097 961 cogitatione
1121 919 1216 960 erigi·
1242 928 1243 931 ¹

237 975 320 997 mus.
357 967 453 995 (latur
477 964 618 1004 Spiritus
653 970 801 994 sanctus.
846 962 969 993 Postea
1002 963 1095 1002 sequi
1120 963 1215 992 etiam

238 1008 335 1038 debet
359 1017 446 1037 nova
470 1006 668 1043 obedientia,
692 1007 778 1036 sicut
801 1006 959 1045 scriptum
984 1012 1051 1035 est:
1078 1004 1214 1034 Debito<
1240 1006 1242 1029 J

238 1060 292 1080 res
316 1059 441 1086 sumus,
466 1059 506 1079 ne
530 1049 709 1079 secundum
735 1058 865 1078 carnem
891 1048 1051 1078 vivamus.
1076 1046 1110 1077 Si
1131 1048 1215 1077 enim

237 1093 419 1123 secundum
449 1102 578 1122 carnem
604 1092 768 1128 vixeritis,
790 1091 981 1121 moriemini.
1026 1090 1066 1119 Et
1091 1090 1216 1119 1111Εο-

239 1135 391 1165 rinthio-s:
418 1132 575 1171 Adulter-i,
600 1134 796 1171 homicidae,
821 1144 886 1163 non
910 1133 1128 1173 possidebunt
1168 1142 1216 1162 re-

238 1189 338 1219 gnum
371 1176 444 1207 Dei.
502 1176 584 1207 Cum
630 1176 694 1206 fide
727 1177 925 1217 agnovimus
960 1175 1217 1206 misericordiam

237 1220 299 1251 Dei
334 1226 365 1250 et
401 1218 594 1250 beneficium
618 1217 759 1256 Christi,
795 1225 862 1249 tum
897 1219 999 1249 corda
1028 1216 1217 1258 impellente

238 1264 361 1303 Spiritu
384 1269 501 1293 sancto
526 1262 702 1292 subiiciunt
726 1271 763 1292 se
786 1261 873 1298 Deo,
897 1267 927 1292 et
954 1262 1141 1301 concipiunt
1162 1261 1218 1290 bo—

238 1316 314 1336 num
338 1312 564 1346 propositum,
587 1310 623 1335 ut
646 1303 747 1345 vulgo
769 1305 897 1342 dicitur,
920 1305 953 1334 id
977 1310 1038 1341 cst,
1062 1304 1218 1344 incipiunt

240 1348 374 1379 obedire
387 1347 461 1378 Deo
482 1348 571 1378 iuxta
595 1347 665 1378 eius
689 1348 837 1384 verbum,
863 1353 895 1378 et
918 1357 1104 1388 repugnare
1123 1344 1217 1376 malis
1243 1319 1247 1382 l

239 1391 484 1432 cupiditatibus,
508 1399 550 1420 ne
573 1396 687 1420 contra
714 1391 949 1421 conscientiam
972 1389 1104 1420 faciant.
1147 1388 1219 1418 Hoc
1243 1384 1247 1419 l

240 1435 360 1465 bonum
385 1433 594 1474 propositum
617 1439 669 1463 est
689 1431 856 1463 inchoatio
880 1443 986 1463 novae
1000 1431 1217 1467 obedientiae,
1243 1422 1247 1482 ἰ

241 1475 467 1517 complectens
494 1477 600 1506 bonos
623 1482 733 1506 motus
758 1476 900 1506 omnium
923 1476 1097 1512 virtutum,
1125 1475 1219 1504 timo-
1243 1494 1246 1532 1

239 1529 320 1557 rem,
346 1518 566 1555 dilectionem,
590 1519 789 1559 patientiam,
814 1519 1075 1555 invocationem,
1109 1515 1219 1547 officia

239 1561 438 1600 dilectionis,
463 1562 660 1599 castitatem,
684 1562 865 1592 veritatem.
910 1561 981 1592 Nec
1001 1561 1073 1591 sinc
1096 1560 1160 1590 fide
1184 1559 1218 1589 fit

238 1606 360 1636 bonum
384 1605 601 1645 propositum.
625 1604 709 1634 Nam
734 1604 886 1635 contritio
909 1605 981 1634 sine
1004 1603 1069 1634 fidc
1093 1609 1219 1633 estter-

239 1659 307 1686 ror,
332 1648 387 1688 qui
411 1648 496 1688 parit
519 1648 775 1689 indignationem
799 1647 962 1678 adversus
975 1646 1093 1680 Deum.
1119 1652 1149 1676 et
1164 1645 1218 1675 (10-

239 1691 479 1731 sperationem,
513 1700 580 1721 non
603 1690 688 1730 parit
712 1689 920 1721 dilectionem
944 1689 1007 1720 Dei
1033 1696 1062 1719 et
1085 1690 1219 1718 invoca-

240 1734 371 1764 tionem.
417 1733 484 1764 Sed
518 1738 694 1774 postquam
718 1733 847 1764 acccdit
868 1732 964 1769 fides,
1000 1733 1119 1763 deinde
1142 1741 1219 1761 con—

239 1777 328 1807 tritio
352 1775 388 1806 fit
411 1777 507 1807 timor
530 1774 656 1812 filialis,
691 1782 725 1806 et
746 1776 867 1806 bonum
892 1785 976 1815 opus
1000 1785 1039 1805 ac
1063 1774 1219 1805 sacrifici-

240 1830 306 1856 um,
329 1819 413 1849 sicut
437 1819 539 1859 inquit
564 1817 734 1849 Psalmus:
758 1817 963 1849 Sacrificium
986 1817 1060 1848 Deo
1085 1817 1220 1857 spiritus

241 1860 495 1898 contribulatus
532 1872 591 1892 cor
625 1861 802 1892 contritum
835 1868 868 1892 et
901 1859 1102 1892 humiliatum
1127 1859 1246 1890 Ι)0115Ἰ

240 1915 306 1936 11011
331 1905 504 1945 despicies.
540 1904 624 1935 Hinc
643 1903 781 1945 intelligi
804 1910 930 1945 potest,
954 1914 1085 1944 semper
1107 1913 1220 1933 verant
1246 1912 1247 1939 ς

240 1947 473 1988 poenitentiam
492 1957 610 1986 parere
633 1948 720 1978 bona
745 1957 858 1987 opera,
881 1953 917 1978 ut
938 1946 1023 1977 alter
1045 1945 1132 1977 latro
1147 1956 1220 1976 cru-

242 1990 358 2021 cifixus
383 2000 457 2020 cum
481 1989 627 2027 Christo,
661 1989 759 2020 hahet
783 1990 1032 2027 contritionem,
1067 1988 1220 2030 agnoscit

243 2034 328 2063 enim
351 2043 445 2064 suum
464 2039 647 2073 peccatum,
666 2031 765 2063 habet
788 2039 820 2063 et
844 2032 952 2069 fidem,
977 2043 1051 2062 cum
1070 2032 1222 2072 agnoscit

242 2074 410 2106 Christum
435 2086 511 2106 esse
534 2074 756 2113 Salvatorem,
779 2075 850 2106 Nec
875 2075 959 2106 enim
983 2081 1054 2106 erat.
1077 2076 1220 2105 obscura

242 2117 367 2149 Christi
391 2119 552 2160 cogniti0‚
588 2129 673 2159 quae
708 2117 763 2149 tali
787 2125 934 2158 tempore
956 2118 1125 2159 praedicat
1148 2127 1220 2147 eum

243 2170 319 2191 esse
342 2160 562 2199 Salvator-em,
585 2172 624 2194 ac
650 2171 789 2192 necesse
812 2168 863 2192 est
885 2162 917 2191 in
941 2162 1049 2192 animo
1073 2161 1144 2191 eius
1167 2170 1221 2190 ac-

243 2213 379 2234 censum
398 2202 502 2235 fuisse
525 2202 693 2235 excellens
716 2203 836 2235 lumen.
869 2203 970 2234 Audit
993 2204 1087 2234 etiam
1111 2203 1220 2233 Abso-

241 2245 399 2277 lutionem
423 2253 454 2277 et
476 2246 705 2288 Evangelium,
738 2253 774 2278 ut
796 2246 880 2277 fides
904 2248 974 2277 eius
998 2247 1219 2277 confirmetur.

243 2289 333 2320 Haec
367 2290 438 2330 ipsa
463 2291 639 2320 conversio
669 2296 720 2320 est
744 2290 909 2320 inchoatio
933 2299 1042 2321 novae
1066 2289 1220 2319 obedien·
1245 2297 1248 2304 ¹

244 2333 326 2369 tiae,
360 2330 544 2363 dilectionis
569 2339 600 2363 et
629 2333 706 2364 boni
729 2333 902 2373 propositi,
927 2343 1011 2374 quae
1034 2337 1110 2362 sunt
1132 2332 1220 2362 bona

245 2384 356 2414 opera.
380 2375 553 2406 Accedunt
577 2381 608 2406 et
632 2382 769 2406 externa
788 2386 889 2416 opera
908 2376 1047 2408 maxime
1059 2373 1220 2416 gloriosa,

245 2417 408 2448 invocatio
422 2424 453 2448 et
477 2417 644 2449 confessio
658 2419 698 2449 de
713 2417 859 2455 Chris-tn,
883 2428 968 2459 quae
992 2424 1107 2449 contra
1132 2416 1220 2447 blas-

246 2458 394 2510 phemias
428 2460 589 2499 defendit,
624 2459 765 2503 gloriam
799 2462 881 2492 eius.
938 2461 1016 2492 ltem
1052 2458 1220 2491 consessio

244 2509 383 2541 peccat]-

858 142 968 174 PHIL.
992 142 1094 174 MEL.
1117 143 1303 175 SCRtPTA
1324 144 1600 176 DOGMATICA.

1242 726 1245 731 ·
1269 725 1406 746 sionem.

1242 782 1244 791 ,
1270 758 1407 799 Semper
1431 765 1538 789 autem
1562 759 1804 789 meminerimus
1834 759 2018 790 addendam
2041 768 2118 790 esse
2140 757 2251 797 fidem,

1239 1032 1242 1043 t
1269 1023 1364 1044 mens
1402 1015 1443 1045 ab
1474 1014 1526 1044 his
1555 1015 1813 1056 cogitationibus
1838 1015 1879 1045 ad
1902 1013 2130 1056 Evangelium.

2185 145 2247 178 188

1488 239 1563 279 DE
1624 238 2033 282 ABSOLUTIONE.

1364 373 1498 404 Privata
1549 371 1714 404 absolutio
1755 379 1806 404 est
1844 373 1975 405 illustre
2015 375 2245 410 testimonium,

1268 417 1449 448 ostendens
1470 418 1502 447 in
1526 414 1709 457 Evangelio
1732 416 1914 448 institutum
1933 427 2010 448 esse
2031 418 2248 449 ministerium

1240 475 1243 486 ι
1268 460 1482 490 annuntiandi
1506 459 1733 489 remissionem
1745 465 1958 499 peccatorum
1980 458 2090 491 multis
2114 466 2170 491 aut
2182 460 2248 491 sin-

1269 501 1369 543 gulis,
1394 503 1482 533 iuxta
1504 500 1600 532 illud:
1635 501 1783 536 Quorum
1806 502 1997 532 remiseritis
2021 509 2160 542 peccata
2182 508 2246 535 etc.

1268 543 1425 586 Applicat
1457 545 1557 586 igitur
1590 545 1718 585 privata
1741 543 1908 576 absolutio
1932 544 2074 587 siugulis
2096 545 2248 587 Evange-

1269 587 1360 625 lium,
1383 594 1414 618 et
1432 593 1576 629 testatur
1588 587 1840 628 promissionem
1854 588 1896 618 ad
1909 587 2061 628 singulos
2073 588 2249 629 pertinere,

1242 640 1243 650 ¹
1270 631 1355 661 sicut
1387 637 1517 661 caetera
1541 629 1755 661 Sacramenta
1785 636 1860 661 sunt
1883 628 2141 671 applicationes,
2165 640 2250 672 quae

1270 679 1434 704 testantur
1467 673 1509 703 ad
1544 671 1695 713 singulos
1726 675 1888 714 pertinere
1911 672 2084 715 Evangelii
2112 674 2250 714 promis·

1453 715 1564 750 Quare
1597 716 1725 756 privata
1759 714 1967 747 absolutione
2002 717 2157 747 utendum
2188 721 2249 754 est,

1269 811 1353 842 quae
1379 810 1456 831 vere
1481 801 1594 831 credat
1618 802 1693 832 voci
1707 800 1894 842 Evangelii,
1918 812 2004 842 quae
2027 802 2123 832 nobis
2146 800 2250 842 appli-

1242 862 1243 866 =
1269 850 1372 880 catur,
1396 849 1427 873 et
1450 844 1619 874 annuntiat
1642 845 1869 874 remissionem
1884 851 2097 884 peccatorum
2112 850 2249 884 propter

1269 885 1447 924 Christum,
1471 892 1502 917 et
1526 896 1599 917 cum
1624 888 1819 926 obstrepunt
1841 888 2061 928 cogitationes
2081 886 2169 925 illae,
2192 885 2251 918 hu·

1242 949 1243 953 ,
1268 939 1397 959 manam
1420 929 1646 960 remissionem
1670 930 1792 960 irritam
1815 931 2043 961 autincertam
2061 939 2151 967 esse,
2176 939 2251 960 cum

1270 970 1376 1001 solius
1410 970 1474 1002 Dei
1509 972 1550 1002 sit
1584 973 1751 1003 remittere
1785 978 1942 1013 peccata,
1975 973 2165 1003 revocanda
2199 977 2252 1003 est

2175 1014 2251 1045 Non

1277 1057 1360 1087 enim
1384 1057 1515 1088 remittit
1537 1058 1651 1094 homo,
1685 1058 1745 1087 sed
1768 1057 1872 1095 Deus,
1909 1059 1963 1098 qui
1985 1068 2079 1088 suam
2101 1056 2252 1089 volunta-

1269 1106 1334 1130 tem
1357 1100 1387 1129 in
1407 1099 1589 1141 Evangelio
1616 1102 1797 1140 proposuit,
1822 1107 1853 1131 et
1876 1101 2014 1131 instituit
2026 1101 2249 1138 ministerium,

1268 1148 1301 1172 ut
1327 1143 1502 1182 promissio
1526 1143 1629 1182 ipsius
1652 1143 1749 1173 nobis
1772 1144 1983 1174 annuntietur
2002 1149 2065 1174 etc.
2100 1142 2142 1174 Et
2160 1153 2248 1174 man—

1269 1185 1358 1215 davit
1381 1186 1589 1225 promissioni
1614 1186 1714 1215 credi.
1750 1185 1806 1216 Sic
1829 1196 1888 1226 per
1911 1186 2124 1217 ministerium
2142 1186 2175 1216 in
2194 1186 2249 1217 ba·

1270 1228 1388 1269 ptismo
1413 1229 1622 1259 remittuntur
1646 1234 1792 1268 peccata.

1512 1392 1585 1432 DE
1621 1391 2012 1433 CONFESSIONE.

1357 1532 1533 1565 Confessio
1559 1544 1644 1574 quac
1666 1533 1702 1563 fit
1721 1533 1808 1571 Deo,
1832 1539 1883 1564 est
1904 1534 1977 1574 ipsa
1991 1533 2153 1572 contritio,
2178 1543 2252 1565 cum

1272 1577 1336 1609 fide
1359 1583 1490 1618 petente
1514 1577 1742 1607 remissionem
1760 1583 1983 1617 peccatorum.
2018 1576 2070 1607 De
2090 1576 2156 1607 hac
2175 1587 2252 1607 con-

1271 1619 1418 1651 fessione
1446 1619 1591 1660 loquitur
1621 1619 1790 1650 Psalmus:
1823 1619 1899 1650 Dixi
1928 1619 2112 1650 confitebor
2135 1620 2252 1650 adver-

1271 1674 1344 1695 sum
1368 1673 1419 1694 me
1443 1663 1635 1693 iniustitiam
1664 1673 1768 1693 meam
1798 1661 1962 1700 Domino,
1991 1668 2023 1693 et
2052 1669 2085 1693 tu
2115 1662 2251 1693 remittis

1271 1708 1464 1747 impietatem
1495 1706 1624 1746 peccati
1647 1706 1724 1743 mci,
1749 1706 1782 1736 id
1806 1712 1871 1742 est,
1898 1716 1971 1736 cum
1994 1705 2251 1746 perterrefactus

1271 1759 1420 1790 agnosco
1451 1759 1501 1779 me
1531 1758 1607 1779 esse
1638 1759 1746 1786 reum,
1776 1758 1838 1778 nec
1862 1747 1993 1779 confido
2024 1758 2098 1779 mea
2119 1748 2252 1785 iustitia,

1272 1793 1332 1823 sed
1367 1790 1523 1832 confugio
1559 1792 1600 1821 ad
1635 1792 1831 1832 promissam
1865 1791 2140 1828 misericordiam,
2174 1799 2253 1821 vere

1245 1848 1247 1854 ⁸
1273 1836 1407 1876 impetro
1433 1834 1669 1865 remissionem.
1703 1834 1744 1864 Et
1762 1834 1816 1864 1110
1836 1832 2018 1864 versiculus
2031 1832 2154 1864 Psalmi
2175 1842 2251 1874 pro-

1272 1879 1361 1918 ponit
1384 1876 1513 1908 illustre
1536 1876 1722 1918 exemplum
1746 1876 1977 1908 conversionis
2000 1881 2033 1906 et
2055 1885 2156 1907 verae
2174 1885 2251 1906 0011-

1246 1942 1247 1946 =
1273 1921 1440 1952 fessionis.

1360 1997 1427 2028 Sed
1450 1995 1515 2028 alia
1538 1995 1706 2027 consessio
1731 2001 1782 2026 est
1812 1995 2014 2025 enumeratio
2046 1993 2252 2032 delictorum,

1274 2051 1357 2082 quae
1380 2040 1416 2070 fit
1439 2039 1625 2071 Sacerdoti.
1676 2037 1768 2069 Haec
1793 2037 1995 2068 enumeratio
2023 2047 2090 2068 non
2119 2043 2170 2068 est
2196 2046 2252 2067 ne-

1274 2084 1439 2120 cessaria,
1471 2082 1546 2123 quia
1571 2091 1632 2111 nec
1662 2081 1862 2121 praecipitur
1891 2090 1911 2110 a
1934 2079 2086 2117 Christo,
2115 2089 2179 2111 nec
2202 2085 2253 2110 est

1274 2124 1455 2167 possibilis,
1483 2126 1571 2155 iuxta
1600 2122 1694 2154 illud:
1726 2123 1858 2154 Delicta
1886 2123 1959 2164 quis
1993 2121 2168 2164 intelligit?
2211 2121 2254 2152 Et

1273 2176 1382 2200 tamen
1406 2178 1480 2200 cum
1502 2165 1668 2198 absolutio
1691 2167 1832 2207 petenda
1856 2167 1913 2203 sit,
1944 2166 2082 2196 ministri
2110 2165 2252 2196 adeundi

1273 2218 1362 2250 sunt,
1384 2218 1416 2242 et
1437 2210 1675 2241 ostendendum
1688 2219 1750 2240 nos
1764 2218 1952 2251 agnoscere
1964 2209 2045 2239 iram
2059 2208 2122 2239 Dei
2135 2208 2253 2239 adver·

1273 2266 1331 2286 sus
1355 2260 1471 2285 nostra
1495 2259 1651 2293 peccata,
1675 2259 1705 2282 et
1725 2260 1849 2293 petere,
1873 2257 1909 2282 ut
1931 2261 2049 2282 vocem
2079 2249 2253 2292 Evangelii

1273 2298 1370 2329 nobis
1391 2296 1595 2337 impertiant,
1619 2302 1652 2326 et
1676 2296 1788 2325 testari
1807 2305 1870 2325 nos
1890 2294 2044 2334 deinceps
2064 2294 2171 2324 bonos
2189 2291 2254 2323 fru-

1273 2347 1346 2372 ctus
1370 2339 1587 2380 poenitentiae
1611 2337 1758 2368 facturos
1783 2347 1870 2368 esse.
1918 2336 1974 2368 Sic
1988 2337 2028 2367 de
2041 2335 2253 2367 consessione

1273 2383 1430 2423 scriptum
1453 2387 1503 2412 est
1524 2380 1683 2411 Matthaei
1709 2380 1739 2410 3.
1786 2379 1991 2411 Confitentes
2014 2385 2153 2420 peccata
2182 2388 2253 2409 sua.

1273 2427 1314 2457 Et
1342 2425 1454 2456 Lucae
1485 2424 1533 2454 17.
1562 2423 1775 2461 describitur,
1809 2423 1886 2464 quid
1915 2423 2030 2452 testari
2060 2422 2252 2457 debeamus,

1274 2479 1347 2500 cum
1370 2468 1431 2499 ait:
1455 2466 1491 2498 Si
1515 2476 1698 2497 conversus
1721 2465 1818 2497 tuerit
1841 2472 1875 2496 at
1897 2471 1930 2496 te
1951 2465 2080 2495 dicens:
2102 2463 2252 2494 Poenitet

1274 2522 1336 2549 me,
1361 2511 1485 2541 dimitte
1507 2507 1609 2540 illum.
1655 2509 1738 2540 Nam
1763 2508 2049 2539 contemnentibus
2072 2507 2153 2537 iram
2176 2505 2252 2543 Dei,

1274 2554 1329 2596 qui
1362 2559 1577 2594 perseverant
1611 2553 1643 2583 in
1677 2551 1811 2593 flagitiis
1846 2556 1971 2581 contra>
2003 2549 2251 2585 conscientiam,

1248 2619 1253 2638 ¹
1274 2606 1340 2628 non
1363 2602 1415 2627 est
1436 2595 1653 2636 impertienda
1673 2593 1851 2626 absolutio.
