2383 2990
429 98 444 110 n

152 107 219 141 379

149 203 282 235 inanem
315 204 470 235 sonitum.

150 246 309 289 Spiritum
333 253 486 278 sanetum
516 247 547 278 in
572 247 693 284 corda,
724 247 779 288 qui
802 252 914 277 movet
944 257 981 278 ea
1007 247 1049 278 ad
1073 257 1143 278 cre·

149 290 314 329 dendum,
338 297 369 322 et
392 291 624 322 assensionem
649 289 833 328 confirmat,
857 290 1009 322 ac'cendit
1032 291 1143 329 vitam,

148 334 408 371 invocationem,
432 333 608 371 laetitiam,
645 332 854 365 dilectionem
878 333 959 372 Dei,
995 340 1028 365 et
1057 333 1141 365 alios
1167 327 1171 352 Ι

147 384 260 409 motus
291 376 394 415 tales,
430 376 537 419 qualis
566 377 639 418 ipse
669 383 736 416 est,
770 384 806 409 ut
828 377 924 409 Rom.
952 377 979 409 l.
1005 378 1142 408 dicitur:

147 420 365 462 Evangelium
385 426 437 452 est
461 422 609 462 potentia
633 420 697 452 Dei
722 421 765 452 ad
790 420 933 453 salutem
958 422 1046 452 omni
1071 431 1143 452 cre-

147 464 246 495 denti.
294 464 336 494 Et
364 464 396 494 2.
421 463 500 495 Cor.
524 464 555 496 3.
587 471 727 496 vocatur
750 463 969 507 Evangeh'um
998 465 1143 496 ministe-

146 507 231 539 rium
254 507 408 549 Spiritus.

233 575 376 608 Constat
413 577 515 619 igitur
550 587 591 608 ex
614 576 735 608 Esaiae
759 582 790 607 et
814 576 998 608 Zachariae
1029 577 1140 615 (110115,

145 630 231 662 quae
257 621 427 659 recensui,
453 621 640 652 doctrinam
664 621 705 652 de
729 620 855 662 Spiritu
879 627 997 651 sancto
1027 621 1059 651 111
1085 631 1141 652 ve-

144 664 207 694 teri
230 663 385 695 Ecclesia
404 670 536 706 patrum
557 671 587 695 et
615 663 858 704 Prophetarum
882 671 995 695 notam
1024 663 1140 695 fuisse.

144 707 222 739 11100
247 708 345 738 etiam
368 714 502 739 veteres
525 709 589 740 ‘coc
619 708 741 738 dictum
770 708 801 738 in
828 707 952 738 Genesi
980 708 1007 737 1.
1033 708 1142 748 capite

144 750 381 782 intellexerunt
405 752 446 782 de
470 751 595 792 Spiritu
616 758 747 789 sancto,
773 753 827 792 qui
852 757 903 782 cst
928 761 1074 791 persona
1094 751 1140 781 di-

143 795 309 825 vinitatis:
334 795 374 825 Et
388 795 530 836 Spiritus
546 795 678 827 Domini
704 794 874 825 ferebatur
897 804 999 835 super
1022 804 1140 836 aquas.

144 837 202 869 Sic
227 838 314 869 enim
337 839 442 880 iuquit
466 837 630 869 Basilius:
661 839 739 869 Sive
764 838 852 880 quod
873 838 984 869 verius
1009 844 1076 874 est,
1107 844 1139 868 et

143 887 334 913 eiiarratum
358 888 409 913 est
432 882 474 913 ab
499 883 536 912 iis
561 883 617 924 qui
637 888 713 913 ante
736 892 799 913 nos
823 879 968 920 fuerunt,
993 879 1140 923 loquitur

143 925 185 956 de
205 924 331 966 Spiritu
354 932 473 957 sancto
497 925 580 956 Dei.-

231 993 317 1026 Cum
350 1000 461 1026 autem
493 995 583 1025 dicta
614 994 646 1025 in
670 1003 765 1024 110νο-
790 992 1006 1024 Testamento
1030 994 1139 1034 magis

142 1038 324 1080 perspicua
347 1039 424 1076 sint,
449 1038 675 1079 adiungantur
698 1038 740 1068 ad
765 1037 851 1068 dicta
876 1035 1027 1078 exempla
1048 1045 1139 1068 vete-

142 1082 190 1112 ris
217 1081 437 1120 Testamenti,
471 1082 560 1122 quod
592 1091 667 1112 cum
701 1080 757 1111 fiet
793 1079 929 1111 00113110
963 1081 1139 1121 utriusque

141 1123 252 1156 lucem
277 1123 416 1163 adferet,
440 1135 503 1155 nec
527 1131 654 1155 tantum
678 1122 918 1165 speculationis
933 1134 1037 1154 causa
1055 1123 1139 1154 haec

143 1169 407 1207 consideremus,
432 1168 492 1199 sed
515 1174 551 1199 ut
573 1177 637 1199 nos
661 1168 703 1199 ad
726 1168 872 1208 petenda
892 1166 1055 1198 beneficia.
1074 1166 1139 1198 Dei

144 1213 384 1244 exuscitemuS.

229 1290 468 1332 Agnoscamus
496 1290 689 1320 immensam
720 1290 900 1326 bonitatem
929 1289 1012 1327 Dei,
1048 1290 1138 1330 quod

142 1334 283 1375 primum
308 1334 457 1365 condidit
480 1343 556 1371 nOS,
580 1333 627 1364 ita
649 1338 687 1364 ut
712 1333 965 1364 communicarit
983 1343 1061 1364 sese
1079 1343 1138 1364 no-

142 1378 215 1415 bis,
250 1382 283 1408 et
317 1376 460 1408 volucrit
495 1386 558 1407 nos
593 1377 626 1407 in
656 1377 743 1407 omni
768 1377 965 1407 aeternitate
989 1375 1053 1408 frui
1077 1387 1139 1408 sua

141 1419 236 1460 luce,
270 1422 449 1461 sapientia,
479 1420 604 1451 iustitia
637 1425 671 1451 et
704 1418 839 1451 laetitia.
886 1419 1018 1451 Deinde
1049 1421 1140 1461 quod

141 1463 261 1495 Filium
280 1465 379 1503 misit,
403 1470 439 1495 ut
462 1462 627 1505 proferret
651 1462 884 1506 Evangeliutm
909 1470 941 1494 et
964 1469 1055 1495 esset
1077 1463 1140 1494 Re-

143 1508 274 1539 demtor
310 1515 341 1539 et
366 1509 539 1538 restitutor
564 1507 698 1548 generis
728 1507 879 1545 humani,
910 1512 943 1538 et
976 1508 1075 1538 mittit
1107 1507 1140 1537 in

142 1552 249 1582 corda
273 1552 480 1588 credentium
515 1550 673 1592 Spiritum
705 1556 869 1581 sanctum.
915 1549 1009 1581 Haec
1039 1551 1140 1581 bene-

142 1594 221 1626 ficia
243 1601 415 1636 petamus,
441 1600 473 1625 et
498 1594 582 1635 grati
608 1592 835 1632 celebremus,
859 1603 925 1624 non
950 1595 1054 1625 simus
1079 1593 1141 1624 Pe-

142 1636 287 1680 lagiani,
316 1649 385 1669 non
413 1639 601 1680 cogitemus
631 1636 797 1668 homiuem
828 1643 955 1668 tantum
986 1637 1139 1668 humanis

142 1683 271 1714 viribus
295 1683 366 1724 regi
390 1692 506 1722 posse,
528 1682 674 1712 sciamus
695 1692 761 1712 non
785 1682 857 1712 sine
882 1682 1023 1712 maxima
1037 1690 1151 1716 causa,

141 1731 282 1757 nostrae
324 1724 541 1757 imbecillitati
586 1725 729 1766 promitti
776 1724 933 1766 Spiritum
975 1730 1139 1756 sanctum.

143 1768 237 1800 Sicut
253 1767 378 1801 Paulus
402 1769 521 1811 inquit:
546 1768 689 1809 Spiritus
714 1778 811 1809 opem
834 1767 896 1799 lert
921 1766 1141 1800 imbecillitati

142 1819 292 1845 nostrae.

230 1882 429 1923 Quanquam
458 1887 567 1912 autem
599 1880 640 1911 de
671 1881 818 1911 essentia
842 1880 906 1912 Dei
935 1880 1008 1912 sine
1037 1880 1139 1912 certis

143 1925 341 1957 testimoniis
366 1924 578 1967 necAngeli‚
606 1935 668 1957 nec
692 1923 750 1955 ulli
764 1923 934 1956 Doctores
959 1932 1052 1956 certo
1077 1933 1139 1954 nos

142 1969 275 2011 possint
300 1969 434 2007 docere,
460 1975 568 1999 tamen
594 1975 771 2010 postquam
789 1967 884 1999 Deus
909 1978 947 1999 se
968 1966 1139 2009 patefecit,

143 2018 178 2044 et
201 2014 339 2044 verbum
363 2023 459 2043 suum
473 2012 649 2043 Ecclesiae
674 2012 821 2049 tradidit,
846 2010 926 2043 utile
951 2019 1003 2043 est
1025 2021 1141 2049 nosse,

144 2056 222 2098 quid
249 2058 378 2097 probati
403 2056 552 2087 homines
584 2058 616 2087 in
642 2057 745 2096 prima
771 2062 802 2086 et
828 2056 962 2096 puriore
985 2053 1138 2086 Ecclesia

144 2101 331 2137 senserint,
362 2101 415 2141 qui
441 2100 628 2130 doctrinam
659 2100 700 2130 ab
725 2097 899 2140 Apostolis
923 2105 1139 2139 acceperunt,

143 2142 248 2175 voluit
280 2144 364 2174 enim
390 2143 483 2174 Deus
515 2143 646 2184 aliquos
671 2153 748 2174 esse
773 2149 877 2174 testes
906 2143 948 2173 de
972 2152 1033 2173 sua
1058 2142 1141 2173 veri-

144 2192 224 2225 tate,
244 2193 277 2218 ut
302 2188 484 2228 posteritas
510 2188 776 2224 confirmaretur,
803 2188 894 2218 iuxta
924 2186 1065 2218 dictum:
1099 2184 1141 2217 Et

145 2235 182 2262 tu
205 2240 393 2262 conversus
418 2230 580 2262 confirma
603 2230 726 2262 fratres
750 2237 838 2262 tuos.

253 2394 529 2426 TESTIMONIA
551 2393 802 2426 ECCLESIAE
827 2392 1028 2426 VETERIS.

235 2504 368 2538 illustre
399 2507 622 2538 testimonium
658 2513 710 2538 est
743 2506 775 2537 iu
808 2506 970 2548 Symbolo
998 2506 1137 2538 Niceno.

148 2549 258 2581 Credo
290 2550 321 2580 in
348 2550 503 2590 Spiritum
529 2557 681 2582 sanctum
712 2551 879 2581 dominum
904 2550 1137 2589 vivificantem,

147 2594 205 2625 ubi
238 2604 313 2625 cum
342 2593 484 2635 Spiritus
519 2602 656 2627 sanctus
690 2595 878 2626 nominatur
908 2593 1073 2626 Dominus
1108 2595 1168 2626 etl

791 106 905 140 PHlL.
929 106 1034 139 MEL.
1058 107 1247 140 SCRIPTA
1270 107 1553 140 DOGMATICA.

2125 109 2192 142 380

527 203 595 234 Sed
637 203 748 234 audito
782 201 986 245 Evangelio,
1022 203 1144 235 effundi
1169 208 1174 253 Ι
1197 203 1404 241 vivificator,
1438 203 1651 244 perspicuum
1685 208 1738 234 est
1770 201 1911 246 intelligi
1944 213 2124 245 personam
2159 210 2192 237 et

1198 248 1330 289 quidem
1361 248 1637 287 omnipotentem,
1672 246 1897 278 xivificantem
1929 258 2004 279 cum
2028 246 2128 279 Patre
2157 254 2193 280 et

1196 289 1300 329 Filio,
1332 290 1387 332 qui
1411 296 1463 321 est
1500 300 1644 330 persona
1668 290 1856 331 procedens
1883 301 1903 321 a
1926 290 2025 322 Patre
2050 298 2082 322 et
2106 290 2191 323 Filio

1196 335 1400 371 immediate,
1435 334 1625 364 accendens
1659 340 1768 364 motus
1792 334 1825 364 111
1850 334 1951 365 corde
1974 333 2058 365 tales
2082 334 2191 376 qualis

1197 384 1248 408 est
1279 378 1367 419 ipse,
1401 376 1548 408 Recitavi
1574 383 1606 407 et
1629 387 1732 418 supra
1756 376 2005 409 confessionem
2035 377 2192 420 Gregorii

1195 421 1516 459 Neocaesariensis,
1551 430 1636 462 quae
1667 419 1722 451 hic
1751 430 1885 463 quoque
1908 421 2088 462 repetenda
2123 428 2191 453 est:

1196 474 1283 496 unus
1317 464 1412 495 Deus
1447 471 1543 505 pater
1574 464 1667 495 verbi
1703 464 1860 502 viventis,
1895 465 2079 505 sapientiae
2114 466 2192 496 sub-

1196 509 1357 545 sistentis,
1374 514 1412 539 -et
1437 508 1591 550 imaginis
1615 517 1696 538 suae
1720 508 1849 549 integer
1871 508 2023 550 integrae
2048 509 2191 550 genitor,

1195 551 1296 582 Pater
1321 550 1394 582 Filii
1419 551 1589 593 unigeniti,
1613 561 1698 582 unus
1724 550 1887 582 Dominus
1940 561 2027 582 unus
2052 561 2093 582 ex
2112 561 2193 590 11110,

1195 595 1304 636 imago
1330 594 1457 632 Pan-is,
1490 594 1638 626 Verbum
1662 593 1802 633 efficax,
1837 574 1941 626 Filius
1966 595 2192 635 sempiternus

1195 649 1237 669 ex
1260 639 1484 679 sempitemO,
1510 649 1596 669 unus
1621 637 1764 679 Spiritus
1788 645 1928 670 sanctus
1952 648 1993 669 ex
2017 638 2092 669 Deo
2113 639 2192 669 sub-

1195 683 1351 712 stantiam
1376 680 1523 720 habens,
1547 682 1602 723 qui
1625 692 1686 723 per
1709 679 1826 712 Filium
1860 682 2030 723 apparuit,
2067 682 2190 712 sancti-

1195 724 1312 763 ficans,
1336 736 1395 766 per
1418 736 1517 767 quein
1540 724 1634 756 Deus
1659 735 1761 766 super
1785 726 1895 757 onmia
1923 732 1956 756 et
1979 725 2013 756 in
2037 725 2191 756 omnibus

1195 769 1424 811 cognoscitur.

1281 853 1462 886 Multorum
1492 855 1712 886 vetustiorum
1736 854 1928 886 testimonia
1962 852 2097 896 collegit
2125 853 2192 886 Ba-

1193 898 1306 937 silius,
1342 899 1375 929 in
1410 898 1463 929 his
1495 904 1529 929 et
1559 897 1737 929 Palaestini
1762 898 1897 929 Eusebii
1928 899 2033 929 verba
2058 898 2192 930 recitat:

1193 941 1354 973 Sanctum
1383 941 1492 972 Deum
1520 940 1608 972 lucis
1638 942 1861 979 conditorem,
1896 952 1957 982 per
1986 940 2193 973 salvatorem

1193 992 1344 1016 nostrum
1368 984 1477 1016 lesum
1502 983 1685 1023 Christum,
1711 995 1784 1016 011111
1805 985 1932 1026 Spiritu
1955 991 2074 1016 saneto
2098 985 2193 1015 invo-

1195 1029 1350 1060 candum.
1396 1027 1490 1059 Haec
1523 1029 1629 1059 verba
1665 1029 1861 1067 ostendunt,
1897 1034 2029 1060 veteres
2065 1028 2193 1059 diserte

1193 1078 1261 1103 tres
1287 1081 1454 1113 personas
1477 1072 1508 1101 in
1527 1071 1743 1102 invocatione
1767 1070 1962 1112 complexos
1988 1082 2077 1109 esse,
2102 1077 2135 1102 et
2152 1081 2194 1102 ea

1194 1114 1302 1146 forma
1326 1114 1485 1156 loquendi
1509 1115 1550 1145 de
1574 1114 1657 1145 Filio
1683 1125 1766 1146 usos
1790 1125 1884 1152 esse,
1914 1121 1949 1146 ut
1973 1116 2070 1146 animi
2094 1112 2194 1146 simul

1195 1159 1236 1190 de
1259 1158 1456 1189 Mediatoris
1488 1158 1752 1196 intercessione,
1783 1165 1815 1189 et
1848 1159 1889 1189 de
1912 1159 2193 1199 promissionibus

1195 1201 1502 1233 commonefierent.
1547 1200 1696 1232 Basilius
1719 1202 1842 1243 inquit:
1875 1200 2018 1242 Oportet
2046 1212 2110 1232 nos
2135 1202 2193 1233 ba-

1194 1246 1319 1286 ptizare
1338 1246 1424 1277 sicut
1449 1243 1659 1285 accepimus:
1684 1243 1831 1276 Credere
1851 1252 1963 1276 autem
1981 1245 2067 1276 sicut
2087 1245 2194 1285 bapti·

1194 1300 1325 1327 zamur,
1362 1287 1555 1331 glorificare
1586 1295 1696 1319 autem
1727 1289 1813 1319 sicut
1850 1288 2017 1319 credimus
2047 1287 2193 1326 Patrem,

1193 1331 1312 1363 Filium
1337 1338 1369 1363 et
1392 1332 1553 1373 Spiritum
1577 1338 1742 1363 sanctum.
1789 1332 1921 1373 Fugere
1951 1338 2061 1363 autem
2080 1330 2194 1373 palam

1193 1374 1411 1417 blasphemos
1447 1385 1526 1413 005,
1563 1375 1618 1416 qui
1649 1376 1802 1415 Spiritum
1827 1381 1980 1406 sanctum
2004 1382 2194 1406 creaturam

1194 1429 1272 1450 esse
1307 1420 1431 1450 dicunt.
1488 1419 1588 1459 Apud
1622 1417 1843 1459 Epiphaniam
1885 1428 1989 1459 saepe
2029 1418 2193 1459 repetitae

1195 1469 1271 1493 sunt
1295 1463 1377 1493 satis
1402 1462 1604 1503 perspicuae
1622 1462 1908 1500 asseverationes,
1934 1468 2052 1492 contra
2076 1459 2192 1493 Sabel-

1193 1504 1320 1544 lianos,
1343 1504 1540 1537 ἐιύπόσιατον
1567 1504 1584 1536 ὅ
1613 1504 1724 1546 πατήρ,
1748 1504 1946 1535 {wado-taron
1974 1503 1991 1535 ὃ
2019 1503 2099 1543 υἱὸς,
2128 1507 2192 1535 ἐνυ-

1194 1549 1342 1579 πίσιατον
1370 1548 1404 1579 τό
1437 1547 1520 1589 ἅγιον
1550 1549 1678 1587 πνεῦμα.
1724 1548 1805 1579 110111
1837 1555 1956 1580 contra
1984 1547 2193 1587 πνευματομᾰ-

1193 1605 1281 1632 χους,
1318 1592 1462 1634 Spiritus
1486 1602 1566 1624 vere
1590 1598 1641 1623 est
1666 1602 1707 1623 ex
1732 1591 1824 1630 Deo,
1854 1598 1885 1622 et
1915 1601 1982 1622 non
2014 1590 2145 1623 alienus
2167 1601 2191 1624 a

1195 1636 1295 1668 Patre
1318 1643 1350 1667 et
1374 1635 1470 1674 Filio,
1494 1637 1556 1667 sed
1579 1635 1740 1675 ὁμοούσιος
1762 1634 1853 1666 Patri
1876 1641 1909 1666 et
1932 1633 2028 1666 Filio.

1282 1721 1466 1764 Postquam
1490 1727 1600 1753 autem
1625 1723 1750 1753 dictum
1774 1728 1825 1753 est
1850 1727 1919 1753 tres
1933 1731 2011 1753 esse
2024 1731 2192 1763 personas

1195 1766 1388 1803 divinitatis,
1414 1766 1605 1796 discrimina
1629 1766 1757 1797 erudite
1778 1766 2044 1796 considerentur.
2091 1765 2192 1796 Pater

1195 1820 1262 1841 non
1287 1811 1448 1848 nascitur,
1494 1808 1598 1840 Filius
1634 1809 1763 1841 etiamsi
1788 1816 1989 1840 coaeternus
2013 1814 2064 1839 est
2088 1809 2193 1847 Patri,

1195 1859 1305 1884 tamen
1341 1854 1473 1895 genitus
1509 1859 1573 1891 est,
1609 1859 1641 1884 et
1678 1858 1729 1883 est
1762 1853 1873 1895 imago
1907 1853 2033 1884 aeterni
2069 1851 2193 1884 Patris.

1196 1897 1339 1938 Spiritus
1375 1903 1516 1929 sanctus
1551 1896 1705 1938 procedit
1739 1907 1760 1927 a
1784 1895 1885 1927 Patre
1919 1902 1949 1927 et
1977 1894 2072 1927 Filio.
2119 1895 2194 1926 Hae

1195 1939 1438 1982 appellationes
1471 1946 1583 1971 extant
1617 1941 1650 1971 in
1689 1940 1904 1970 sermonibus
1941 1938 2076 1970 Christi.
2124 1938 2194 1970 Sed

1194 1983 1248 2014 1110
1272 1990 1411 2026 quaerat
1434 1983 1567 2026 aliquiS,
1591 1984 1669 2025 quid
1692 1983 1821 2014 intersit
1846 1984 1930 2014 inter
1953 1983 2048 2014 nasci
2071 1988 2103 2014 et
2116 1992 2193 2024 pro-

1196 2029 1328 2059 cedere.
1374 2027 1447 2058 Etsi
1483 2027 1651 2059 exhauriri
1681 2027 1765 2057 haec
1796 2037 1920 2057 arcana
1943 2037 2009 2057 11011
2035 2031 2192 2067 possunt,

1195 2078 1304 2102 tamen
1328 2070 1514 2113 significari
1537 2071 1713 2101 discrimen
1725 2069 1828 2101 Pilius
1848 2069 1913 2101 Dei
1937 2069 2054 2108 voluit,
2078 2076 2110 2101 et
2135 2079 2193 2101 ne-

1195 2126 1362 2157 quaquam
1392 2116 1465 2146 eius
1501 2124 1612 2145 sermo
1647 2115 1826 2145 mutandus
1861 2120 1923 2145 est.
1970 2113 2061 2144 Usus
2081 2119 2193 2145 autem

1195 2165 1246 2190 est
1280 2158 1455 2190 vocabulis
1491 2158 1667 2196 humanis,
1708 2159 1804 2199 quasi
1840 2158 2011 2189 deducens
2047 2167 2111 2188 nos
2147 2156 2192 2188 ad

1193 2203 1423 2243 aspectionem
1459 2209 1599 2233 naturae
1633 2201 1798 2239 hominis,
1834 2207 1869 2232 ut
1899 2201 1976 2232 inde
2011 2199 2191 2232 similitudo

1194 2252 1225 2276 et
1251 2247 1366 2277 umbra
1390 2251 1549 2276 sumatur.
1596 2244 1681 2275 Sunt
1710 2252 1820 2276 autem
1851 2245 1883 2275 in
1913 2245 2024 2276 anima
2047 2244 2191 2275 hominis

1194 2290 1280 2320 duae
1314 2290 1514 2331 praecipuae
1544 2289 1726 2329 potentiae,
1757 2287 1954 2330 Intelligens
1990 2295 2024 2319 et
2046 2286 2189 2319 Volens.

1193 2332 1388 2375 intelligens
1413 2331 1531 2363 format
1557 2333 1746 2373 imaginem,
1782 2333 1912 2373 quoties
1937 2332 1978 2362 de
2001 2331 2108 2362 amico
2135 2341 2191 2362 co·

1193 2378 1289 2418 gitat,
1325 2377 1435 2407 statim
1470 2376 1542 2406 eius
1566 2376 1741 2417 imaginem
1765 2376 1797 2407 111
1821 2382 1930 2406 mente
1955 2376 2051 2417 quasi
2074 2374 2190 2417 pingit.

1192 2419 1350 2451 volentis
1374 2426 1484 2451 autem
1509 2421 1679 2459 potentiae
1703 2425 1779 2450 511111
1803 2430 1915 2457 amor,
1940 2419 2051 2450 odium
2077 2425 2108 2449 et
2134 2416 2190 2449 alii

1194 2463 1348 2501 affectus,
1373 2470 1405 2494 et
1441 2473 1514 2494 cum
1538 2462 1602 2494 hac
1628 2461 1818 2504 copulatum
1842 2469 1892 2493 est
1916 2463 1948 2493 in
1973 2461 2105 2493 homine
2117 2471 2190 2499 eor,

1195 2507 1283 2548 qnod
1309 2507 1415 2549 gignit
1440 2506 1595 2548 Spiritus,
1620 2505 1773 2538 videlieet
1797 2504 1983 2537 flammulas
2002 2515 2087 2547 quae
2111 2509 2190 2536 sunt

1193 2552 1396 2582 invitati-tce>-
1432 2550 1609 2584 111-1101111111,
1645 2557 1791 2581 motuum
1827 2556 1857 2581 ct
1893 2549 2080 2581 affectuum.
2137 2547 2190 2580 Sit

1193 2595 1293 2637 igitur
1315 2593 1381 2626 hoc
1405 2594 1586 2626 discrimen
1610 2595 1696 2625 inter
1719 2595 1813 2625 nasci
1837 2599 1870 2625 et
1893 2593 2087 2635 procedere.
