<?xml version="1.0" encoding="UTF-8"?>
<!DOCTYPE html PUBLIC "-//W3C//DTD XHTML 1.0 Transitional//EN"
    "http://www.w3.org/TR/xhtml1/DTD/xhtml1-transitional.dtd">
<html xmlns="http://www.w3.org/1999/xhtml" xml:lang="en" lang="en">
 <head>
  <title>
</title>
<meta http-equiv="Content-Type" content="text/html;charset=utf-8" />
  <meta name='ocr-system' content='tesseract 3.04.00' />
  <meta name='ocr-capabilities' content='ocr_page ocr_carea ocr_par ocr_line ocrx_word'/>
</head>
<body>
  <div class='ocr_page' id='page_1' title='image "./operaquaesupersu23melauoft_0307.png"; bbox 0 0 2383 2990; ppageno 0'>
   <div class='ocr_carea' id='block_1_1' title="bbox 161 143 2206 183">
    <p class='ocr_par' dir='ltr' id='par_1_1' title="bbox 161 143 2206 183">
     <span class='ocr_line' id='line_1_1' title="bbox 161 143 2206 183; baseline -0.003 0"><span class='ocrx_word' id='word_1_1' title='bbox 161 150 226 183; x_wconf 80' lang='lat'>481</span> <span class='ocrx_word' id='word_1_2' title='bbox 806 147 848 179; x_wconf 91' lang='lat' dir='ltr'>V.</span> <span class='ocrx_word' id='word_1_3' title='bbox 883 145 1152 178; x_wconf 82' lang='lat' dir='ltr'><strong>EXPLICATIO</strong></span> <span class='ocrx_word' id='word_1_4' title='bbox 1176 144 1380 177; x_wconf 74' lang='lat' dir='ltr'><strong>SYMBOL}</strong></span> <span class='ocrx_word' id='word_1_5' title='bbox 1403 143 1564 176; x_wconf 73' lang='lat' dir='ltr'><strong>MCENI.</strong></span> <span class='ocrx_word' id='word_1_6' title='bbox 2143 145 2206 177; x_wconf 75' lang='lat'>482</span> 
     </span>
    </p>
   </div>
   <div class='ocr_carea' id='block_1_2' title="bbox 163 239 1186 332">
    <p class='ocr_par' dir='ltr' id='par_1_2' title="bbox 163 239 1186 332">
     <span class='ocr_line' id='line_1_2' title="bbox 163 239 1186 285; baseline -0.006 -7"><span class='ocrx_word' id='word_1_7' title='bbox 163 245 292 278; x_wconf 88' lang='lat' dir='ltr'>Paulus</span> <span class='ocrx_word' id='word_1_8' title='bbox 317 244 360 275; x_wconf 81' lang='lat' dir='ltr'>ad</span> <span class='ocrx_word' id='word_1_9' title='bbox 383 243 551 285; x_wconf 83' lang='lat' dir='ltr'>Ephesios</span> <span class='ocrx_word' id='word_1_10' title='bbox 575 239 627 275; x_wconf 80' lang='lat' dir='ltr'>his</span> <span class='ocrx_word' id='word_1_11' title='bbox 650 245 763 275; x_wconf 86' lang='lat' dir='ltr'>verbis</span> <span class='ocrx_word' id='word_1_12' title='bbox 788 243 947 274; x_wconf 72' lang='lat' dir='ltr'><strong>describit</strong></span> <span class='ocrx_word' id='word_1_13' title='bbox 960 242 1087 279; x_wconf 86' lang='lat' dir='ltr'>Fidem,</span> <span class='ocrx_word' id='word_1_14' title='bbox 1111 242 1159 272; x_wconf 86' lang='lat' dir='ltr'>in-</span> <span class='ocrx_word' id='word_1_15' title='bbox 1183 241 1186 282; x_wconf 72' lang='grc' dir='ltr'>ἶ</span> 
     </span>
     <span class='ocr_line' id='line_1_3' title="bbox 164 286 1185 332; baseline -0.006 -11"><span class='ocrx_word' id='word_1_16' title='bbox 164 290 300 332; x_wconf 79' lang='lat' dir='ltr'>quiens:</span> <span class='ocrx_word' id='word_1_17' title='bbox 321 288 386 319; x_wconf 90' lang='lat' dir='ltr'>Per</span> <span class='ocrx_word' id='word_1_18' title='bbox 408 287 498 319; x_wconf 90' lang='lat' dir='ltr'>hunc</span> <span class='ocrx_word' id='word_1_19' title='bbox 521 288 684 319; x_wconf 82' lang='lat' dir='ltr'>audemus</span> <span class='ocrx_word' id='word_1_20' title='bbox 709 288 873 319; x_wconf 78' lang='lat' dir='ltr'>accedere</span> <span class='ocrx_word' id='word_1_21' title='bbox 898 286 1103 317; x_wconf 77' lang='lat' dir='ltr'>confidenter</span> <span class='ocrx_word' id='word_1_22' title='bbox 1126 286 1158 315; x_wconf 88' lang='lat' dir='ltr'>in</span> <span class='ocrx_word' id='word_1_23' title='bbox 1184 326 1185 329; x_wconf 13' lang='grc' dir='ltr'><strong>Ἰ</strong></span> 
     </span>
    </p>
   </div>
   <div class='ocr_carea' id='block_1_3' title="bbox 163 328 1158 413">
    <p class='ocr_par' dir='ltr' id='par_1_3' title="bbox 163 328 1158 413">
     <span class='ocr_line' id='line_1_4' title="bbox 163 328 1158 373; baseline -0.005 -9"><span class='ocrx_word' id='word_1_24' title='bbox 163 333 245 364; x_wconf 78' lang='lat' dir='ltr'>Fide</span> <span class='ocrx_word' id='word_1_25' title='bbox 279 332 397 373; x_wconf 79' lang='lat' dir='ltr'>ipsius.</span> <span class='ocrx_word' id='word_1_26' title='bbox 432 338 464 362; x_wconf 91' lang='lat' dir='ltr'>et</span> <span class='ocrx_word' id='word_1_27' title='bbox 494 337 531 363; x_wconf 87' lang='lat' dir='ltr'>ut</span> <span class='ocrx_word' id='word_1_28' title='bbox 565 332 628 362; x_wconf 87' lang='lat' dir='ltr'>iam</span> <span class='ocrx_word' id='word_1_29' title='bbox 653 331 737 369; x_wconf 77' lang='lat' dir='ltr'>dixi,</span> <span class='ocrx_word' id='word_1_30' title='bbox 762 332 834 373; x_wconf 84' lang='lat' dir='ltr'>ipse</span> <span class='ocrx_word' id='word_1_31' title='bbox 858 330 942 370; x_wconf 68' lang='grc' dir='ltr'><strong><em>λόγος</em></strong></span> <span class='ocrx_word' id='word_1_32' title='bbox 966 329 1069 360; x_wconf 86' lang='lat' dir='ltr'>Filius</span> <span class='ocrx_word' id='word_1_33' title='bbox 1094 328 1158 359; x_wconf 92' lang='lat' dir='ltr'>Dei</span> 
     </span>
     <span class='ocr_line' id='line_1_5' title="bbox 165 373 1158 413; baseline -0.005 -6"><span class='ocrx_word' id='word_1_34' title='bbox 165 377 215 407; x_wconf 85' lang='lat' dir='ltr'>sic</span> <span class='ocrx_word' id='word_1_35' title='bbox 228 375 399 407; x_wconf 84' lang='lat' dir='ltr'>habitatin</span> <span class='ocrx_word' id='word_1_36' title='bbox 414 376 527 413; x_wconf 73' lang='lat' dir='ltr'>corde,</span> <span class='ocrx_word' id='word_1_37' title='bbox 541 375 656 406; x_wconf 82' lang='lat' dir='ltr'>dicens</span> <span class='ocrx_word' id='word_1_38' title='bbox 670 376 758 406; x_wconf 83' lang='lat' dir='ltr'>hanc</span> <span class='ocrx_word' id='word_1_39' title='bbox 772 373 1050 409; x_wconf 65' lang='lat' dir='ltr'>consolationem,</span> <span class='ocrx_word' id='word_1_40' title='bbox 1065 379 1096 403; x_wconf 90' lang='lat' dir='ltr'>et</span> <span class='ocrx_word' id='word_1_41' title='bbox 1112 373 1158 402; x_wconf 68' lang='lat' dir='ltr'>vi-</span> 
     </span>
    </p>
   </div>
   <div class='ocr_carea' id='block_1_4' title="bbox 163 415 1187 456">
    <p class='ocr_par' dir='ltr' id='par_1_4' title="bbox 163 415 1187 456">
     <span class='ocr_line' id='line_1_6' title="bbox 163 415 1187 456; baseline -0.006 -5"><span class='ocrx_word' id='word_1_42' title='bbox 163 419 304 452; x_wconf 84' lang='lat' dir='ltr'>vificans</span> <span class='ocrx_word' id='word_1_43' title='bbox 318 417 514 450; x_wconf 78' lang='lat' dir='ltr'>aeliberans</span> <span class='ocrx_word' id='word_1_44' title='bbox 529 429 569 449; x_wconf 67' lang='lat' dir='ltr'>ex</span> <span class='ocrx_word' id='word_1_45' title='bbox 580 417 753 450; x_wconf 83' lang='lat' dir='ltr'>doloribus</span> <span class='ocrx_word' id='word_1_46' title='bbox 766 417 960 454; x_wconf 85' lang='lat' dir='ltr'>inferorum,</span> <span class='ocrx_word' id='word_1_47' title='bbox 971 422 1002 447; x_wconf 90' lang='lat' dir='ltr'>ut</span> <span class='ocrx_word' id='word_1_48' title='bbox 1013 415 1116 456; x_wconf 73' lang='lat' dir='ltr'>Ephe.</span> <span class='ocrx_word' id='word_1_49' title='bbox 1127 415 1158 446; x_wconf 88' lang='grc'>3.</span> <span class='ocrx_word' id='word_1_50' title='bbox 1184 451 1187 455; x_wconf 27' lang='lat'><em>7</em></span> 
     </span>
    </p>
   </div>
   <div class='ocr_carea' id='block_1_5' title="bbox 164 460 1160 582">
    <p class='ocr_par' dir='ltr' id='par_1_5' title="bbox 164 460 1160 582">
     <span class='ocr_line' id='line_1_7' title="bbox 165 460 1158 503; baseline -0.005 -9"><span class='ocrx_word' id='word_1_51' title='bbox 165 464 296 501; x_wconf 85' lang='lat' dir='ltr'>dicitur,</span> <span class='ocrx_word' id='word_1_52' title='bbox 331 462 483 493; x_wconf 84' lang='lat' dir='ltr'>habitare</span> <span class='ocrx_word' id='word_1_53' title='bbox 507 461 676 493; x_wconf 82' lang='lat' dir='ltr'>Christum</span> <span class='ocrx_word' id='word_1_54' title='bbox 712 473 772 503; x_wconf 77' lang='lat' dir='ltr'>per</span> <span class='ocrx_word' id='word_1_55' title='bbox 807 461 905 491; x_wconf 88' lang='lat' dir='ltr'>fidem</span> <span class='ocrx_word' id='word_1_56' title='bbox 942 461 975 491; x_wconf 91' lang='lat' dir='ltr'>in</span> <span class='ocrx_word' id='word_1_57' title='bbox 1000 460 1158 491; x_wconf 72' lang='lat' dir='ltr'>cordibus</span> 
     </span>
     <span class='ocr_line' id='line_1_8' title="bbox 164 503 1160 547; baseline -0.005 -9"><span class='ocrx_word' id='word_1_58' title='bbox 164 507 299 544; x_wconf 86' lang='lat' dir='ltr'>vestris,</span> <span class='ocrx_word' id='word_1_59' title='bbox 325 513 355 537; x_wconf 88' lang='lat' dir='ltr'>et</span> <span class='ocrx_word' id='word_1_60' title='bbox 380 506 458 537; x_wconf 84' lang='lat' dir='ltr'>dato</span> <span class='ocrx_word' id='word_1_61' title='bbox 484 506 607 547; x_wconf 83' lang='lat' dir='ltr'>Spiritu</span> <span class='ocrx_word' id='word_1_62' title='bbox 627 514 766 543; x_wconf 84' lang='lat' dir='ltr'>sancto,</span> <span class='ocrx_word' id='word_1_63' title='bbox 785 504 1015 536; x_wconf 80' lang='lat' dir='ltr'>accenduntur</span> <span class='ocrx_word' id='word_1_64' title='bbox 1039 503 1160 534; x_wconf 77' lang='lat' dir='ltr'>fiducia</span> 
     </span>
     <span class='ocr_line' id='line_1_9' title="bbox 167 549 542 582; baseline -0.008 0"><span class='ocrx_word' id='word_1_65' title='bbox 167 557 201 582; x_wconf 85' lang='lat' dir='ltr'>et</span> <span class='ocrx_word' id='word_1_66' title='bbox 224 549 350 581; x_wconf 84' lang='lat' dir='ltr'>laetitia</span> <span class='ocrx_word' id='word_1_67' title='bbox 374 550 405 580; x_wconf 90' lang='lat' dir='ltr'>in</span> <span class='ocrx_word' id='word_1_68' title='bbox 431 551 542 580; x_wconf 81' lang='lat' dir='ltr'>corde.</span> 
     </span>
    </p>
   </div>
   <div class='ocr_carea' id='block_1_6' title="bbox 593 547 1187 589">
    <p class='ocr_par' dir='ltr' id='par_1_6' title="bbox 593 547 1187 589">
     <span class='ocr_line' id='line_1_10' title="bbox 593 547 1187 589; baseline -0.008 -10"><span class='ocrx_word' id='word_1_69' title='bbox 593 550 620 579; x_wconf 95' lang='lat' dir='ltr'>l.</span> <span class='ocrx_word' id='word_1_70' title='bbox 642 549 754 580; x_wconf 79' lang='lat' dir='ltr'>lolian.</span> <span class='ocrx_word' id='word_1_71' title='bbox 780 549 810 578; x_wconf 73' lang='lat'>4.</span> <span class='ocrx_word' id='word_1_72' title='bbox 836 547 871 578; x_wconf 93' lang='lat' dir='ltr'>ln</span> <span class='ocrx_word' id='word_1_73' title='bbox 892 547 956 579; x_wconf 88' lang='lat' dir='ltr'>hoc</span> <span class='ocrx_word' id='word_1_74' title='bbox 982 547 1159 589; x_wconf 74' lang='lat' dir='ltr'>cognosci·</span> <span class='ocrx_word' id='word_1_75' title='bbox 1185 557 1187 583; x_wconf 68' lang='grc' dir='ltr'><strong>ς</strong></span> 
     </span>
    </p>
   </div>
   <div class='ocr_carea' id='block_1_7' title="bbox 1212 237 2206 367">
    <p class='ocr_par' dir='ltr' id='par_1_7' title="bbox 1212 237 2206 367">
     <span class='ocr_line' id='line_1_11' title="bbox 1212 237 2205 282; baseline 0 -10"><span class='ocrx_word' id='word_1_76' title='bbox 1212 251 1332 272; x_wconf 83' lang='lat' dir='ltr'>recens</span> <span class='ocrx_word' id='word_1_77' title='bbox 1368 242 1410 272; x_wconf 90' lang='lat' dir='ltr'>de</span> <span class='ocrx_word' id='word_1_78' title='bbox 1440 238 1636 282; x_wconf 66' lang='lat' dir='ltr'>Hyperbole</span> <span class='ocrx_word' id='word_1_79' title='bbox 1668 249 1737 270; x_wconf 89' lang='lat' dir='ltr'>non</span> <span class='ocrx_word' id='word_1_80' title='bbox 1760 237 1935 270; x_wconf 87' lang='lat' dir='ltr'>intellecta</span> <span class='ocrx_word' id='word_1_81' title='bbox 1969 250 2111 281; x_wconf 79' lang='lat' dir='ltr'>magnas</span> <span class='ocrx_word' id='word_1_82' title='bbox 2141 248 2205 272; x_wconf 87' lang='lat' dir='ltr'>tra-</span> 
     </span>
     <span class='ocr_line' id='line_1_12' title="bbox 1213 282 2206 327; baseline 0.001 -12"><span class='ocrx_word' id='word_1_83' title='bbox 1213 285 1352 327; x_wconf 81' lang='lat' dir='ltr'>goedias</span> <span class='ocrx_word' id='word_1_84' title='bbox 1376 285 1566 326; x_wconf 63' lang='lat' dir='ltr'>egit,l⁴‘ides</span> <span class='ocrx_word' id='word_1_85' title='bbox 1590 294 1657 314; x_wconf 92' lang='lat' dir='ltr'>non</span> <span class='ocrx_word' id='word_1_86' title='bbox 1682 289 1733 314; x_wconf 77' lang='lat' dir='ltr'>est</span> <span class='ocrx_word' id='word_1_87' title='bbox 1756 282 1852 321; x_wconf 83' lang='lat' dir='ltr'>fides,</span> <span class='ocrx_word' id='word_1_88' title='bbox 1876 283 1940 314; x_wconf 85' lang='lat' dir='ltr'>nisi</span> <span class='ocrx_word' id='word_1_89' title='bbox 1960 284 2003 314; x_wconf 77' lang='lat' dir='ltr'>sit</span> <span class='ocrx_word' id='word_1_90' title='bbox 2017 283 2101 318; x_wconf 80' lang='lat' dir='ltr'>sola.</span> <span class='ocrx_word' id='word_1_91' title='bbox 2116 286 2206 326; x_wconf 83' lang='lat' dir='ltr'>quod</span> 
     </span>
     <span class='ocr_line' id='line_1_13' title="bbox 1213 326 2206 367; baseline 0 -8"><span class='ocrx_word' id='word_1_92' title='bbox 1213 334 1303 359; x_wconf 85' lang='lat' dir='ltr'>recte</span> <span class='ocrx_word' id='word_1_93' title='bbox 1327 329 1446 358; x_wconf 86' lang='lat' dir='ltr'>dicitur</span> <span class='ocrx_word' id='word_1_94' title='bbox 1470 328 1519 358; x_wconf 85' lang='lat' dir='ltr'>sic</span> <span class='ocrx_word' id='word_1_95' title='bbox 1542 326 1761 365; x_wconf 76' lang='lat' dir='ltr'>iwellectum,</span> <span class='ocrx_word' id='word_1_96' title='bbox 1776 326 1887 358; x_wconf 88' lang='lat' dir='ltr'>Fidem</span> <span class='ocrx_word' id='word_1_97' title='bbox 1912 337 1978 358; x_wconf 91' lang='lat' dir='ltr'>non</span> <span class='ocrx_word' id='word_1_98' title='bbox 1993 338 2071 358; x_wconf 73' lang='lat' dir='ltr'>esse</span> <span class='ocrx_word' id='word_1_99' title='bbox 2095 329 2206 367; x_wconf 81' lang='lat' dir='ltr'>tidem,</span> 
     </span>
    </p>
   </div>
   <div class='ocr_carea' id='block_1_8' title="bbox 1184 370 2206 413">
    <p class='ocr_par' dir='ltr' id='par_1_8' title="bbox 1184 370 2206 413">
     <span class='ocr_line' id='line_1_14' title="bbox 1184 370 2206 413; baseline 0.001 -11"><span class='ocrx_word' id='word_1_100' title='bbox 1184 372 1276 402; x_wconf 79' lang='lat' dir='ltr'>&#39;nisi</span> <span class='ocrx_word' id='word_1_101' title='bbox 1312 372 1353 402; x_wconf 83' lang='lat' dir='ltr'>sit</span> <span class='ocrx_word' id='word_1_102' title='bbox 1389 371 1510 402; x_wconf 89' lang='lat' dir='ltr'>fiducia</span> <span class='ocrx_word' id='word_1_103' title='bbox 1544 370 1650 401; x_wconf 81' lang='lat' dir='ltr'>solius</span> <span class='ocrx_word' id='word_1_104' title='bbox 1674 371 1925 402; x_wconf 67' lang='lat' dir='ltr'>misericordiae</span> <span class='ocrx_word' id='word_1_105' title='bbox 1951 371 2034 409; x_wconf 91' lang='lat' dir='ltr'>Dei,</span> <span class='ocrx_word' id='word_1_106' title='bbox 2069 378 2206 413; x_wconf 87' lang='lat' dir='ltr'>propter</span> 
     </span>
    </p>
   </div>
   <div class='ocr_carea' id='block_1_9' title="bbox 1212 414 2208 587">
    <p class='ocr_par' dir='ltr' id='par_1_9' title="bbox 1212 414 2208 587">
     <span class='ocr_line' id='line_1_15' title="bbox 1212 414 2207 455; baseline 0.001 -10"><span class='ocrx_word' id='word_1_107' title='bbox 1212 414 1444 452; x_wconf 68' lang='lat' dir='ltr'>Mediator-em,</span> <span class='ocrx_word' id='word_1_108' title='bbox 1470 414 1529 445; x_wconf 80' lang='lat' dir='ltr'>sed</span> <span class='ocrx_word' id='word_1_109' title='bbox 1553 414 1610 445; x_wconf 92' lang='lat' dir='ltr'>ille</span> <span class='ocrx_word' id='word_1_110' title='bbox 1634 415 1817 453; x_wconf 84' lang='lat' dir='ltr'>contendit,</span> <span class='ocrx_word' id='word_1_111' title='bbox 1842 421 1999 455; x_wconf 78' lang='lat' dir='ltr'>oportere</span> <span class='ocrx_word' id='word_1_112' title='bbox 2024 414 2130 446; x_wconf 81' lang='lat' dir='ltr'>solam</span> <span class='ocrx_word' id='word_1_113' title='bbox 2156 426 2207 446; x_wconf 82' lang='lat' dir='ltr'>es-</span> 
     </span>
     <span class='ocr_line' id='line_1_16' title="bbox 1212 458 2208 500; baseline 0.001 -11"><span class='ocrx_word' id='word_1_114' title='bbox 1212 469 1250 489; x_wconf 86' lang='lat' dir='ltr'>se</span> <span class='ocrx_word' id='word_1_115' title='bbox 1286 459 1357 488; x_wconf 88' lang='lat' dir='ltr'>sine</span> <span class='ocrx_word' id='word_1_116' title='bbox 1381 459 1525 489; x_wconf 74' lang='lat' dir='ltr'>caeteris</span> <span class='ocrx_word' id='word_1_117' title='bbox 1549 459 1743 496; x_wconf 77' lang='lat' dir='ltr'>virtutihus,</span> <span class='ocrx_word' id='word_1_118' title='bbox 1780 459 1874 500; x_wconf 84' lang='lat' dir='ltr'>quasi</span> <span class='ocrx_word' id='word_1_119' title='bbox 1897 459 1929 489; x_wconf 87' lang='lat' dir='ltr'>in</span> <span class='ocrx_word' id='word_1_120' title='bbox 1954 458 2087 500; x_wconf 76' lang='lat' dir='ltr'>loseph,</span> <span class='ocrx_word' id='word_1_121' title='bbox 2124 458 2208 498; x_wconf 87' lang='lat' dir='ltr'>Elia,</span> 
     </span>
     <span class='ocr_line' id='line_1_17' title="bbox 1213 500 2206 539; baseline 0.001 -6"><span class='ocrx_word' id='word_1_122' title='bbox 1213 508 1245 533; x_wconf 87' lang='lat' dir='ltr'>et</span> <span class='ocrx_word' id='word_1_123' title='bbox 1269 500 1450 539; x_wconf 74' lang='lat' dir='ltr'>similibus,</span> <span class='ocrx_word' id='word_1_124' title='bbox 1486 512 1553 532; x_wconf 82' lang='lat' dir='ltr'>non</span> <span class='ocrx_word' id='word_1_125' title='bbox 1577 500 1675 532; x_wconf 84' lang='lat' dir='ltr'>simul</span> <span class='ocrx_word' id='word_1_126' title='bbox 1699 500 1819 532; x_wconf 87' lang='lat' dir='ltr'>fuerint</span> <span class='ocrx_word' id='word_1_127' title='bbox 1843 500 2114 533; x_wconf 63' lang='lat' dir='ltr'>excellentissimi</span> <span class='ocrx_word' id='word_1_128' title='bbox 2138 514 2206 534; x_wconf 83' lang='lat' dir='ltr'>mo-</span> 
     </span>
     <span class='ocr_line' id='line_1_18' title="bbox 1213 544 2206 587; baseline 0.002 -11"><span class='ocrx_word' id='word_1_129' title='bbox 1213 552 1265 577; x_wconf 81' lang='lat' dir='ltr'>tus</span> <span class='ocrx_word' id='word_1_130' title='bbox 1287 546 1398 576; x_wconf 66' lang='lat' dir='ltr'>divini.</span> <span class='ocrx_word' id='word_1_131' title='bbox 1445 545 1511 576; x_wconf 85' lang='lat' dir='ltr'>Sed</span> <span class='ocrx_word' id='word_1_132' title='bbox 1535 544 1700 586; x_wconf 61' lang='lat' dir='ltr'>*fugiamus</span> <span class='ocrx_word' id='word_1_133' title='bbox 1724 547 1755 576; x_wconf 92' lang='lat' dir='ltr'>in</span> <span class='ocrx_word' id='word_1_134' title='bbox 1780 555 1816 576; x_wconf 91' lang='lat' dir='ltr'>re</span> <span class='ocrx_word' id='word_1_135' title='bbox 1839 552 1931 576; x_wconf 83' lang='lat' dir='ltr'>tanta</span> <span class='ocrx_word' id='word_1_136' title='bbox 1956 546 2206 587; x_wconf 80' lang='lat' dir='ltr'>Sophismatum</span> 
     </span>
    </p>
   </div>
   <div class='ocr_carea' id='block_1_10' title="bbox 163 588 2206 768">
    <p class='ocr_par' dir='ltr' id='par_1_10' title="bbox 163 588 2206 768">
     <span class='ocr_line' id='line_1_19' title="bbox 163 588 2205 635; baseline -0.001 -11"><span class='ocrx_word' id='word_1_137' title='bbox 163 604 249 630; x_wconf 81' lang='lat' dir='ltr'>mus,</span> <span class='ocrx_word' id='word_1_138' title='bbox 274 594 362 635; x_wconf 90' lang='lat' dir='ltr'>quod</span> <span class='ocrx_word' id='word_1_139' title='bbox 387 594 419 623; x_wconf 92' lang='lat' dir='ltr'>in</span> <span class='ocrx_word' id='word_1_140' title='bbox 445 604 484 624; x_wconf 88' lang='lat' dir='ltr'>eo</span> <span class='ocrx_word' id='word_1_141' title='bbox 509 603 698 630; x_wconf 80' lang='lat' dir='ltr'>manemus,</span> <span class='ocrx_word' id='word_1_142' title='bbox 723 598 754 622; x_wconf 91' lang='lat' dir='ltr'>et</span> <span class='ocrx_word' id='word_1_143' title='bbox 778 592 851 632; x_wconf 83' lang='lat' dir='ltr'>ipse</span> <span class='ocrx_word' id='word_1_144' title='bbox 874 592 905 621; x_wconf 95' lang='lat' dir='ltr'>in</span> <span class='ocrx_word' id='word_1_145' title='bbox 932 592 1046 628; x_wconf 82' lang='lat' dir='ltr'>nobis,</span> <span class='ocrx_word' id='word_1_146' title='bbox 1084 591 1160 631; x_wconf 86' lang='lat' dir='ltr'>quia</span> <span class='ocrx_word' id='word_1_147' title='bbox 1185 594 1187 634; x_wconf 50' lang='lat' dir='ltr'>i</span> <span class='ocrx_word' id='word_1_148' title='bbox 1213 590 1424 631; x_wconf 77' lang='lat' dir='ltr'>praestigias,</span> <span class='ocrx_word' id='word_1_149' title='bbox 1459 599 1523 619; x_wconf 88' lang='lat' dir='ltr'>nec</span> <span class='ocrx_word' id='word_1_150' title='bbox 1546 588 1752 629; x_wconf 69' lang='lat' dir='ltr'>implicemus</span> <span class='ocrx_word' id='word_1_151' title='bbox 1778 600 1839 619; x_wconf 86' lang='lat' dir='ltr'>nos</span> <span class='ocrx_word' id='word_1_152' title='bbox 1864 596 1894 620; x_wconf 90' lang='lat' dir='ltr'>et</span> <span class='ocrx_word' id='word_1_153' title='bbox 1919 588 2003 620; x_wconf 86' lang='lat' dir='ltr'>alios</span> <span class='ocrx_word' id='word_1_154' title='bbox 2027 591 2205 621; x_wconf 76' lang='lat' dir='ltr'>inextrica-</span> 
     </span>
     <span class='ocr_line' id='line_1_20' title="bbox 164 632 2206 678; baseline -0.001 -10"><span class='ocrx_word' id='word_1_155' title='bbox 164 638 206 668; x_wconf 84' lang='lat' dir='ltr'>dc</span> <span class='ocrx_word' id='word_1_156' title='bbox 230 637 356 678; x_wconf 83' lang='lat' dir='ltr'>Spiritu</span> <span class='ocrx_word' id='word_1_157' title='bbox 379 647 440 666; x_wconf 84' lang='lat' dir='ltr'>suo</span> <span class='ocrx_word' id='word_1_158' title='bbox 465 637 521 667; x_wconf 88' lang='lat' dir='ltr'>dat</span> <span class='ocrx_word' id='word_1_159' title='bbox 547 637 655 667; x_wconf 83' lang='lat' dir='ltr'>nobis.</span> <span class='ocrx_word' id='word_1_160' title='bbox 702 634 755 666; x_wconf 83' lang='lat' dir='ltr'>De</span> <span class='ocrx_word' id='word_1_161' title='bbox 779 635 843 665; x_wconf 78' lang='lat' dir='ltr'>liae</span> <span class='ocrx_word' id='word_1_162' title='bbox 867 645 947 665; x_wconf 68' lang='lat' dir='ltr'>vera</span> <span class='ocrx_word' id='word_1_163' title='bbox 971 635 1087 665; x_wconf 86' lang='lat' dir='ltr'>notitia</span> <span class='ocrx_word' id='word_1_164' title='bbox 1111 632 1159 664; x_wconf 79' lang='lat' dir='ltr'>lo·</span> <span class='ocrx_word' id='word_1_165' title='bbox 1185 646 1188 675; x_wconf 78' lang='lat'>¹.</span> <span class='ocrx_word' id='word_1_166' title='bbox 1216 632 1338 663; x_wconf 86' lang='lat' dir='ltr'>bilibus</span> <span class='ocrx_word' id='word_1_167' title='bbox 1363 632 1575 673; x_wconf 63' lang='lat' dir='ltr'>labyrinthis,</span> <span class='ocrx_word' id='word_1_168' title='bbox 1601 643 1641 663; x_wconf 88' lang='lat' dir='ltr'>ne</span> <span class='ocrx_word' id='word_1_169' title='bbox 1666 639 1784 673; x_wconf 74' lang='lat' dir='ltr'>postea</span> <span class='ocrx_word' id='word_1_170' title='bbox 1799 633 2035 671; x_wconf 83' lang='lat' dir='ltr'>dubitationes,</span> <span class='ocrx_word' id='word_1_171' title='bbox 2049 640 2080 664; x_wconf 85' lang='lat' dir='ltr'>et</span> <span class='ocrx_word' id='word_1_172' title='bbox 2094 634 2206 665; x_wconf 82' lang='lat' dir='ltr'>odium</span> 
     </span>
     <span class='ocr_line' id='line_1_21' title="bbox 165 675 2206 722; baseline -0.002 -10"><span class='ocrx_word' id='word_1_173' title='bbox 165 681 276 722; x_wconf 88' lang='lat' dir='ltr'>quitur</span> <span class='ocrx_word' id='word_1_174' title='bbox 289 680 424 717; x_wconf 73' lang='lat' dir='ltr'>Esaias,</span> <span class='ocrx_word' id='word_1_175' title='bbox 449 690 522 711; x_wconf 85' lang='lat' dir='ltr'>cum</span> <span class='ocrx_word' id='word_1_176' title='bbox 547 680 611 710; x_wconf 82' lang='lat' dir='ltr'>ait:</span> <span class='ocrx_word' id='word_1_177' title='bbox 636 679 772 720; x_wconf 77' lang='lat' dir='ltr'>Agnitio</span> <span class='ocrx_word' id='word_1_178' title='bbox 797 679 886 709; x_wconf 69' lang='lat' dir='ltr'>servi</span> <span class='ocrx_word' id='word_1_179' title='bbox 912 679 973 709; x_wconf 85' lang='lat' dir='ltr'>mci</span> <span class='ocrx_word' id='word_1_180' title='bbox 1000 678 1089 714; x_wconf 75' lang='lat' dir='ltr'>iusti,</span> <span class='ocrx_word' id='word_1_181' title='bbox 1112 678 1159 707; x_wconf 88' lang='lat' dir='ltr'>iu·</span> <span class='ocrx_word' id='word_1_182' title='bbox 1186 679 1188 704; x_wconf 70' lang='lat' dir='ltr'>i</span> <span class='ocrx_word' id='word_1_183' title='bbox 1213 678 1352 718; x_wconf 85' lang='lat' dir='ltr'>pariant.</span> <span class='ocrx_word' id='word_1_184' title='bbox 1401 675 1543 718; x_wconf 79' lang='lat' dir='ltr'>Cognita</span> <span class='ocrx_word' id='word_1_185' title='bbox 1579 676 1679 717; x_wconf 80' lang='lat' dir='ltr'>igitur</span> <span class='ocrx_word' id='word_1_186' title='bbox 1714 675 1854 717; x_wconf 74' lang='lat' dir='ltr'>simplici</span> <span class='ocrx_word' id='word_1_187' title='bbox 1879 678 2029 715; x_wconf 69' lang='lat' dir='ltr'>veritate,</span> <span class='ocrx_word' id='word_1_188' title='bbox 2065 679 2206 708; x_wconf 86' lang='lat' dir='ltr'>retinea-</span> 
     </span>
     <span class='ocr_line' id='line_1_22' title="bbox 165 720 2206 768; baseline -0.001 -13"><span class='ocrx_word' id='word_1_189' title='bbox 165 723 322 755; x_wconf 88' lang='lat' dir='ltr'>stificabit</span> <span class='ocrx_word' id='word_1_190' title='bbox 346 722 479 753; x_wconf 84' lang='lat' dir='ltr'>multos.</span> <span class='ocrx_word' id='word_1_191' title='bbox 515 723 608 754; x_wconf 86' lang='lat' dir='ltr'>Haec</span> <span class='ocrx_word' id='word_1_192' title='bbox 634 724 664 753; x_wconf 92' lang='lat' dir='ltr'>in</span> <span class='ocrx_word' id='word_1_193' title='bbox 686 732 766 753; x_wconf 70' lang='lat' dir='ltr'>vera</span> <span class='ocrx_word' id='word_1_194' title='bbox 788 722 1000 763; x_wconf 82' lang='lat' dir='ltr'>poenitentia,</span> <span class='ocrx_word' id='word_1_195' title='bbox 1025 727 1057 752; x_wconf 90' lang='lat' dir='ltr'>et</span> <span class='ocrx_word' id='word_1_196' title='bbox 1081 731 1161 763; x_wconf 87' lang='lat' dir='ltr'>quo·</span> <span class='ocrx_word' id='word_1_197' title='bbox 1186 733 1189 768; x_wconf 56' lang='grc' dir='ltr'>Ι</span> <span class='ocrx_word' id='word_1_198' title='bbox 1214 731 1287 751; x_wconf 86' lang='lat' dir='ltr'>mus</span> <span class='ocrx_word' id='word_1_199' title='bbox 1312 730 1397 758; x_wconf 76' lang='lat' dir='ltr'>eam,</span> <span class='ocrx_word' id='word_1_200' title='bbox 1423 727 1453 751; x_wconf 93' lang='lat' dir='ltr'>et</span> <span class='ocrx_word' id='word_1_201' title='bbox 1472 720 1618 762; x_wconf 77' lang='lat' dir='ltr'>propriis</span> <span class='ocrx_word' id='word_1_202' title='bbox 1643 726 1674 751; x_wconf 88' lang='lat' dir='ltr'>et</span> <span class='ocrx_word' id='word_1_203' title='bbox 1698 720 1885 762; x_wconf 72' lang='lat' dir='ltr'>perspicuis</span> <span class='ocrx_word' id='word_1_204' title='bbox 1915 722 2027 752; x_wconf 85' lang='lat' dir='ltr'>verbis</span> <span class='ocrx_word' id='word_1_205' title='bbox 2053 732 2126 752; x_wconf 86' lang='lat' dir='ltr'>eam</span> <span class='ocrx_word' id='word_1_206' title='bbox 2151 732 2206 753; x_wconf 82' lang='lat' dir='ltr'>ex-</span> 
     </span>
    </p>
   </div>
   <div class='ocr_carea' id='block_1_11' title="bbox 0 461 22 1503">
    <p class='ocr_par' dir='ltr' id='par_1_11' title="bbox 0 461 22 1503">
     <span class='ocr_line' id='line_1_23' title="bbox 0 461 22 1503; baseline 0 0"><span class='ocrx_word' id='word_1_207' title='bbox 0 461 22 1503; x_wconf 95' lang='lat' dir='ltr'> </span> 
     </span>
    </p>
   </div>
   <div class='ocr_carea' id='block_1_12' title="bbox 164 764 844 799">
    <p class='ocr_par' dir='ltr' id='par_1_12' title="bbox 164 764 844 799">
     <span class='ocr_line' id='line_1_24' title="bbox 164 764 844 799; baseline -0.004 -1"><span class='ocrx_word' id='word_1_208' title='bbox 164 767 290 799; x_wconf 83' lang='lat' dir='ltr'>tidiana</span> <span class='ocrx_word' id='word_1_209' title='bbox 308 767 521 798; x_wconf 81' lang='lat' dir='ltr'>invocatione</span> <span class='ocrx_word' id='word_1_210' title='bbox 544 766 625 797; x_wconf 88' lang='lat' dir='ltr'>fiunt</span> <span class='ocrx_word' id='word_1_211' title='bbox 649 764 844 797; x_wconf 84' lang='lat' dir='ltr'>illustriora.</span> 
     </span>
    </p>
   </div>
   <div class='ocr_carea' id='block_1_13' title="bbox 636 929 689 961">
    <p class='ocr_par' dir='ltr' id='par_1_13' title="bbox 636 929 689 961">
     <span class='ocr_line' id='line_1_25' title="bbox 636 929 689 961; baseline 0 -1"><span class='ocrx_word' id='word_1_212' title='bbox 636 929 689 961; x_wconf 82' lang='lat'>111.</span> 
     </span>
    </p>
   </div>
   <div class='ocr_carea' id='block_1_14' title="bbox 223 1019 1161 1258">
    <p class='ocr_par' dir='ltr' id='par_1_14' title="bbox 224 1019 1161 1136">
     <span class='ocr_line' id='line_1_26' title="bbox 224 1019 1161 1071; baseline -0.002 -10"><span class='ocrx_word' id='word_1_213' title='bbox 224 1020 308 1062; x_wconf 86' lang='lat' dir='ltr'>Ubi</span> <span class='ocrx_word' id='word_1_214' title='bbox 353 1020 506 1060; x_wconf 82' lang='lat' dir='ltr'>multae</span> <span class='ocrx_word' id='word_1_215' title='bbox 553 1020 726 1060; x_wconf 78' lang='lat' dir='ltr'>virtutes</span> <span class='ocrx_word' id='word_1_216' title='bbox 759 1019 878 1060; x_wconf 79' lang='lat' dir='ltr'>simul</span> <span class='ocrx_word' id='word_1_217' title='bbox 917 1026 1030 1071; x_wconf 77' lang='lat' dir='ltr'>sunt,</span> <span class='ocrx_word' id='word_1_218' title='bbox 1077 1033 1161 1059; x_wconf 90' lang='lat' dir='ltr'>non</span> 
     </span>
     <span class='ocr_line' id='line_1_27' title="bbox 286 1081 827 1136; baseline 0 -15"><span class='ocrx_word' id='word_1_219' title='bbox 286 1082 479 1136; x_wconf 81' lang='lat' dir='ltr'>ponenda</span> <span class='ocrx_word' id='word_1_220' title='bbox 513 1088 575 1122; x_wconf 77' lang='lat' dir='ltr'>est</span> <span class='ocrx_word' id='word_1_221' title='bbox 608 1081 827 1131; x_wconf 71' lang='lat' dir='ltr'>exclusiva,</span> 
     </span>
    </p>

    <p class='ocr_par' dir='ltr' id='par_1_15' title="bbox 223 1141 1099 1192">
     <span class='ocr_line' id='line_1_28' title="bbox 223 1141 1099 1192; baseline -0.002 -9"><span class='ocrx_word' id='word_1_222' title='bbox 223 1142 273 1183; x_wconf 85' lang='lat' dir='ltr'>In</span> <span class='ocrx_word' id='word_1_223' title='bbox 305 1143 569 1183; x_wconf 80' lang='lat' dir='ltr'>conversione</span> <span class='ocrx_word' id='word_1_224' title='bbox 604 1149 697 1182; x_wconf 77' lang='lat' dir='ltr'>sunt</span> <span class='ocrx_word' id='word_1_225' title='bbox 729 1142 882 1181; x_wconf 81' lang='lat' dir='ltr'>multae</span> <span class='ocrx_word' id='word_1_226' title='bbox 915 1141 1099 1192; x_wconf 73' lang='lat' dir='ltr'>virtutes,</span> 
     </span>
    </p>

    <p class='ocr_par' dir='ltr' id='par_1_16' title="bbox 224 1203 1097 1258">
     <span class='ocr_line' id='line_1_29' title="bbox 224 1203 1097 1258; baseline -0.001 -15"><span class='ocrx_word' id='word_1_227' title='bbox 224 1203 320 1243; x_wconf 91' lang='lat' dir='ltr'>Non</span> <span class='ocrx_word' id='word_1_228' title='bbox 352 1204 476 1258; x_wconf 79' lang='lat' dir='ltr'>igitur</span> <span class='ocrx_word' id='word_1_229' title='bbox 508 1204 730 1243; x_wconf 86' lang='lat' dir='ltr'>dicendum</span> <span class='ocrx_word' id='word_1_230' title='bbox 764 1210 836 1253; x_wconf 80' lang='lat' dir='ltr'>est,</span> <span class='ocrx_word' id='word_1_231' title='bbox 869 1203 953 1243; x_wconf 82' lang='lat' dir='ltr'>sola</span> <span class='ocrx_word' id='word_1_232' title='bbox 986 1203 1097 1242; x_wconf 88' lang='lat' dir='ltr'>Fide.</span> 
     </span>
    </p>
   </div>
   <div class='ocr_carea' id='block_1_15' title="bbox 250 1301 1161 1345">
    <p class='ocr_par' dir='ltr' id='par_1_17' title="bbox 250 1301 1161 1345">
     <span class='ocr_line' id='line_1_30' title="bbox 250 1301 1161 1345; baseline -0.001 -11"><span class='ocrx_word' id='word_1_233' title='bbox 250 1302 457 1345; x_wconf 84' lang='lat' dir='ltr'>Respondeo</span> <span class='ocrx_word' id='word_1_234' title='bbox 492 1305 534 1335; x_wconf 85' lang='lat' dir='ltr'>ad</span> <span class='ocrx_word' id='word_1_235' title='bbox 559 1303 733 1335; x_wconf 75' lang='lat' dir='ltr'>Minorem.</span> <span class='ocrx_word' id='word_1_236' title='bbox 780 1303 918 1334; x_wconf 84' lang='lat' dir='ltr'>Etiamsi</span> <span class='ocrx_word' id='word_1_237' title='bbox 949 1309 1027 1334; x_wconf 87' lang='lat' dir='ltr'>sunt</span> <span class='ocrx_word' id='word_1_238' title='bbox 1062 1301 1161 1334; x_wconf 88' lang='lat' dir='ltr'>simul</span> 
     </span>
    </p>
   </div>
   <div class='ocr_carea' id='block_1_16' title="bbox 1185 1191 1190 1324">
    <p class='ocr_par' dir='ltr' id='par_1_18' title="bbox 1185 1191 1190 1324">
     <span class='ocr_line' id='line_1_31' title="bbox 1185 1191 1190 1324; baseline 0 1666"><span class='ocrx_word' id='word_1_239' title='bbox 1185 1191 1190 1324; x_wconf 95' lang='lat' dir='ltr'> </span> 
     </span>
    </p>
   </div>
   <div class='ocr_carea' id='block_1_17' title="bbox 1186 772 1390 816">
    <p class='ocr_par' dir='ltr' id='par_1_19' title="bbox 1186 772 1390 816">
     <span class='ocr_line' id='line_1_32' title="bbox 1186 772 1390 816; baseline 0 -22"><span class='ocrx_word' id='word_1_240' title='bbox 1186 772 1189 816; x_wconf 64' lang='lat' dir='ltr'>i</span> <span class='ocrx_word' id='word_1_241' title='bbox 1214 774 1390 805; x_wconf 73' lang='lat' dir='ltr'>POIlanluS.</span> 
     </span>
    </p>
   </div>
   <div class='ocr_carea' id='block_1_18' title="bbox 1677 893 1746 925">
    <p class='ocr_par' dir='ltr' id='par_1_20' title="bbox 1677 893 1746 925">
     <span class='ocr_line' id='line_1_33' title="bbox 1677 893 1746 925; baseline -0.014 0"><span class='ocrx_word' id='word_1_242' title='bbox 1677 893 1746 925; x_wconf 87' lang='lat'>1111.</span> 
     </span>
    </p>
   </div>
   <div class='ocr_carea' id='block_1_19' title="bbox 1274 984 2206 1248">
    <p class='ocr_par' dir='ltr' id='par_1_21' title="bbox 1274 984 1684 1024">
     <span class='ocr_line' id='line_1_34' title="bbox 1274 984 1684 1024; baseline 0.002 -1"><span class='ocrx_word' id='word_1_243' title='bbox 1274 984 1376 1024; x_wconf 87' lang='lat' dir='ltr'>Fide</span> <span class='ocrx_word' id='word_1_244' title='bbox 1409 998 1549 1024; x_wconf 80' lang='lat' dir='ltr'>sumus</span> <span class='ocrx_word' id='word_1_245' title='bbox 1581 984 1684 1024; x_wconf 68' lang='lat' dir='ltr'>iusti.</span> 
     </span>
    </p>

    <p class='ocr_par' dir='ltr' id='par_1_22' title="bbox 1274 1045 1628 1099">
     <span class='ocr_line' id='line_1_35' title="bbox 1274 1045 1628 1099; baseline 0.003 -15"><span class='ocrx_word' id='word_1_246' title='bbox 1274 1045 1397 1085; x_wconf 81' lang='lat' dir='ltr'>Fides</span> <span class='ocrx_word' id='word_1_247' title='bbox 1431 1053 1492 1085; x_wconf 81' lang='lat' dir='ltr'>est</span> <span class='ocrx_word' id='word_1_248' title='bbox 1517 1060 1628 1099; x_wconf 83' lang='lat' dir='ltr'>opus.</span> 
     </span>
    </p>

    <p class='ocr_par' dir='ltr' id='par_1_23' title="bbox 1274 1106 1954 1161">
     <span class='ocr_line' id='line_1_36' title="bbox 1274 1106 1954 1161; baseline 0 -16"><span class='ocrx_word' id='word_1_249' title='bbox 1274 1106 1382 1160; x_wconf 78' lang='lat' dir='ltr'>Ergo</span> <span class='ocrx_word' id='word_1_250' title='bbox 1416 1107 1606 1161; x_wconf 76' lang='lat' dir='ltr'>operibus</span> <span class='ocrx_word' id='word_1_251' title='bbox 1640 1121 1779 1146; x_wconf 70' lang='lat' dir='ltr'>sumus</span> <span class='ocrx_word' id='word_1_252' title='bbox 1811 1106 1916 1150; x_wconf 80' lang='lat' dir='ltr'>iusti,</span> <span class='ocrx_word' id='word_1_253' title='bbox 1950 1142 1954 1143; x_wconf 15' lang='grc' dir='ltr'><em>γ</em></span> 
     </span>
    </p>

    <p class='ocr_par' dir='ltr' id='par_1_24' title="bbox 1300 1206 2206 1248">
     <span class='ocr_line' id='line_1_37' title="bbox 1300 1206 2206 1248; baseline 0.001 -11"><span class='ocrx_word' id='word_1_254' title='bbox 1300 1206 1505 1248; x_wconf 71' lang='lat' dir='ltr'>Respondeo</span> <span class='ocrx_word' id='word_1_255' title='bbox 1529 1207 1669 1248; x_wconf 88' lang='lat' dir='ltr'>primum</span> <span class='ocrx_word' id='word_1_256' title='bbox 1693 1207 1734 1238; x_wconf 87' lang='lat' dir='ltr'>ad</span> <span class='ocrx_word' id='word_1_257' title='bbox 1760 1208 1925 1238; x_wconf 78' lang='lat' dir='ltr'>maiorem.</span> <span class='ocrx_word' id='word_1_258' title='bbox 1973 1206 2066 1238; x_wconf 84' lang='lat' dir='ltr'>Haec</span> <span class='ocrx_word' id='word_1_259' title='bbox 2084 1218 2206 1248; x_wconf 88' lang='lat' dir='ltr'>propo-</span> 
     </span>
    </p>
   </div>
   <div class='ocr_carea' id='block_1_20' title="bbox 1213 1249 2206 1335">
    <p class='ocr_par' dir='ltr' id='par_1_25' title="bbox 1213 1249 2206 1335">
     <span class='ocr_line' id='line_1_38' title="bbox 1213 1249 2204 1292; baseline 0.002 -12"><span class='ocrx_word' id='word_1_260' title='bbox 1213 1251 1301 1285; x_wconf 84' lang='lat' dir='ltr'>sitio,</span> <span class='ocrx_word' id='word_1_261' title='bbox 1327 1251 1406 1281; x_wconf 80' lang='lat' dir='ltr'>Fide</span> <span class='ocrx_word' id='word_1_262' title='bbox 1426 1261 1540 1281; x_wconf 72' lang='lat' dir='ltr'>sumus</span> <span class='ocrx_word' id='word_1_263' title='bbox 1565 1251 1652 1288; x_wconf 84' lang='lat' dir='ltr'>iusti,</span> <span class='ocrx_word' id='word_1_264' title='bbox 1677 1249 1875 1282; x_wconf 76' lang='lat' dir='ltr'>correlative</span> <span class='ocrx_word' id='word_1_265' title='bbox 1898 1249 2117 1292; x_wconf 81' lang='lat' dir='ltr'>intelligenda</span> <span class='ocrx_word' id='word_1_266' title='bbox 2141 1257 2204 1290; x_wconf 85' lang='lat' dir='ltr'>est,</span> 
     </span>
     <span class='ocr_line' id='line_1_39' title="bbox 1213 1293 2206 1335; baseline 0.001 -10"><span class='ocrx_word' id='word_1_267' title='bbox 1213 1293 1380 1330; x_wconf 75' lang='lat' dir='ltr'>videlicet,</span> <span class='ocrx_word' id='word_1_268' title='bbox 1415 1294 1645 1325; x_wconf 82' lang='lat' dir='ltr'>Misericordia</span> <span class='ocrx_word' id='word_1_269' title='bbox 1679 1300 1817 1335; x_wconf 86' lang='lat' dir='ltr'>propter</span> <span class='ocrx_word' id='word_1_270' title='bbox 1851 1293 1970 1325; x_wconf 88' lang='lat' dir='ltr'>Filium</span> <span class='ocrx_word' id='word_1_271' title='bbox 1995 1294 2056 1325; x_wconf 89' lang='lat' dir='ltr'>Dei</span> <span class='ocrx_word' id='word_1_272' title='bbox 2091 1305 2206 1326; x_wconf 86' lang='lat' dir='ltr'>sumus</span> 
     </span>
    </p>
   </div>
   <div class='ocr_carea' id='block_1_21' title="bbox 162 1337 2206 1432">
    <p class='ocr_par' dir='ltr' id='par_1_26' title="bbox 162 1337 2206 1432">
     <span class='ocr_line' id='line_1_40' title="bbox 162 1337 2206 1389; baseline 0 -11"><span class='ocrx_word' id='word_1_273' title='bbox 162 1345 287 1378; x_wconf 87' lang='lat' dir='ltr'>multae</span> <span class='ocrx_word' id='word_1_274' title='bbox 312 1348 462 1385; x_wconf 75' lang='lat' dir='ltr'>virtutes,</span> <span class='ocrx_word' id='word_1_275' title='bbox 486 1354 597 1378; x_wconf 87' lang='lat' dir='ltr'>tamen</span> <span class='ocrx_word' id='word_1_276' title='bbox 622 1358 689 1378; x_wconf 85' lang='lat' dir='ltr'>non</span> <span class='ocrx_word' id='word_1_277' title='bbox 714 1353 789 1377; x_wconf 83' lang='lat' dir='ltr'>sunt</span> <span class='ocrx_word' id='word_1_278' title='bbox 804 1357 929 1378; x_wconf 80' lang='lat' dir='ltr'>causae</span> <span class='ocrx_word' id='word_1_279' title='bbox 942 1353 997 1378; x_wconf 80' lang='lat' dir='ltr'>aut</span> <span class='ocrx_word' id='word_1_280' title='bbox 1011 1347 1161 1378; x_wconf 88' lang='lat' dir='ltr'>meritum</span> <span class='ocrx_word' id='word_1_281' title='bbox 1186 1347 1189 1372; x_wconf 72' lang='grc' dir='ltr'>Ι</span> <span class='ocrx_word' id='word_1_282' title='bbox 1212 1338 1301 1375; x_wconf 59' lang='grc' dir='ltr'>ῑὼῐῖο</span> <span class='ocrx_word' id='word_1_283' title='bbox 1326 1339 1384 1368; x_wconf 60' lang='lat'>⁵0¹¹</span> <span class='ocrx_word' id='word_1_284' title='bbox 1408 1338 1495 1388; x_wconf 54' lang='lat' dir='ltr'>l¹f¹f¹ss</span> <span class='ocrx_word' id='word_1_285' title='bbox 1519 1344 1649 1389; x_wconf 58' lang='grc' dir='ltr'>(ἶΡΟΓῘθῐ</span> <span class='ocrx_word' id='word_1_286' title='bbox 1670 1338 1750 1388; x_wconf 65' lang='grc' dir='ltr'><strong>ΓῙ(Ῑ(ῗ</strong></span> <span class='ocrx_word' id='word_1_287' title='bbox 1775 1337 1991 1389; x_wconf 74' lang='lat' dir='ltr'>apprehendi,</span> <span class='ocrx_word' id='word_1_288' title='bbox 2016 1339 2126 1369; x_wconf 82' lang='lat' dir='ltr'>audita</span> <span class='ocrx_word' id='word_1_289' title='bbox 2149 1350 2206 1370; x_wconf 77' lang='lat' dir='ltr'>VO·</span> 
     </span>
     <span class='ocr_line' id='line_1_41' title="bbox 162 1378 2206 1432; baseline -0.001 -11"><span class='ocrx_word' id='word_1_290' title='bbox 162 1391 372 1421; x_wconf 69' lang='lat' dir='ltr'>remissionis</span> <span class='ocrx_word' id='word_1_291' title='bbox 407 1400 468 1421; x_wconf 85' lang='lat' dir='ltr'>seu</span> <span class='ocrx_word' id='word_1_292' title='bbox 496 1391 759 1428; x_wconf 78' lang='lat' dir='ltr'>iustificationis,</span> <span class='ocrx_word' id='word_1_293' title='bbox 795 1391 856 1421; x_wconf 82' lang='lat' dir='ltr'>etsi</span> <span class='ocrx_word' id='word_1_294' title='bbox 888 1391 958 1421; x_wconf 87' lang='lat' dir='ltr'>scio</span> <span class='ocrx_word' id='word_1_295' title='bbox 995 1392 1160 1432; x_wconf 82' lang='lat' dir='ltr'>quosdam</span> <span class='ocrx_word' id='word_1_296' title='bbox 1186 1378 1189 1418; x_wconf 74' lang='lat' dir='ltr'>i</span> <span class='ocrx_word' id='word_1_297' title='bbox 1214 1392 1253 1412; x_wconf 60' lang='lat'>0⁸</span> <span class='ocrx_word' id='word_1_298' title='bbox 1277 1380 1463 1422; x_wconf 62' lang='lat' dir='ltr'>Efflngssl‘b</span> <span class='ocrx_word' id='word_1_299' title='bbox 1488 1392 1565 1423; x_wconf 70' lang='lat' dir='ltr'>(3¹¹¹a</span> <span class='ocrx_word' id='word_1_300' title='bbox 1589 1387 1679 1412; x_wconf 59' lang='lat' dir='ltr'>Ueste</span> <span class='ocrx_word' id='word_1_301' title='bbox 1703 1380 1826 1423; x_wconf 68' lang='lat' dir='ltr'>ssllqffld</span> <span class='ocrx_word' id='word_1_302' title='bbox 1851 1392 1929 1412; x_wconf 61' lang='lat'>‘³⁵⁵3</span> <span class='ocrx_word' id='word_1_303' title='bbox 1954 1389 2106 1422; x_wconf 86' lang='lat' dir='ltr'>oportet,</span> <span class='ocrx_word' id='word_1_304' title='bbox 2141 1393 2206 1424; x_wconf 79' lang='lat' dir='ltr'>q¹10</span> 
     </span>
    </p>
   </div>
   <div class='ocr_carea' id='block_1_22' title="bbox 160 1432 1160 1693">
    <p class='ocr_par' dir='ltr' id='par_1_27' title="bbox 160 1432 1160 1693">
     <span class='ocr_line' id='line_1_42' title="bbox 161 1432 1159 1476; baseline -0.001 -12"><span class='ocrx_word' id='word_1_305' title='bbox 161 1432 283 1476; x_wconf 81' lang='lat' dir='ltr'>procul</span> <span class='ocrx_word' id='word_1_306' title='bbox 308 1443 470 1475; x_wconf 84' lang='lat' dir='ltr'>quaerere</span> <span class='ocrx_word' id='word_1_307' title='bbox 495 1432 578 1464; x_wconf 81' lang='lat' dir='ltr'>alias</span> <span class='ocrx_word' id='word_1_308' title='bbox 602 1435 861 1475; x_wconf 65' lang='lat' dir='ltr'>responsiones:</span> <span class='ocrx_word' id='word_1_309' title='bbox 886 1440 995 1464; x_wconf 83' lang='lat' dir='ltr'>tamen</span> <span class='ocrx_word' id='word_1_310' title='bbox 1011 1433 1093 1465; x_wconf 84' lang='lat' dir='ltr'>haec</span> <span class='ocrx_word' id='word_1_311' title='bbox 1108 1440 1159 1464; x_wconf 85' lang='lat' dir='ltr'>est</span> 
     </span>
     <span class='ocr_line' id='line_1_43' title="bbox 162 1476 1160 1518; baseline 0 -10"><span class='ocrx_word' id='word_1_312' title='bbox 162 1487 243 1508; x_wconf 86' lang='lat' dir='ltr'>vera</span> <span class='ocrx_word' id='word_1_313' title='bbox 267 1483 298 1508; x_wconf 86' lang='lat' dir='ltr'>et</span> <span class='ocrx_word' id='word_1_314' title='bbox 322 1476 434 1518; x_wconf 86' lang='lat' dir='ltr'>plana.</span> <span class='ocrx_word' id='word_1_315' title='bbox 480 1477 632 1508; x_wconf 76' lang='lat' dir='ltr'>Necesse</span> <span class='ocrx_word' id='word_1_316' title='bbox 656 1484 707 1508; x_wconf 79' lang='lat' dir='ltr'>est</span> <span class='ocrx_word' id='word_1_317' title='bbox 731 1478 818 1508; x_wconf 89' lang='lat' dir='ltr'>enim</span> <span class='ocrx_word' id='word_1_318' title='bbox 844 1476 939 1508; x_wconf 84' lang='lat' dir='ltr'>fateri</span> <span class='ocrx_word' id='word_1_319' title='bbox 964 1478 995 1508; x_wconf 90' lang='lat' dir='ltr'>in</span> <span class='ocrx_word' id='word_1_320' title='bbox 1021 1487 1160 1508; x_wconf 83' lang='lat' dir='ltr'>conver—</span> 
     </span>
     <span class='ocr_line' id='line_1_44' title="bbox 161 1519 1159 1563; baseline -0.002 -11"><span class='ocrx_word' id='word_1_321' title='bbox 161 1521 258 1552; x_wconf 84' lang='lat' dir='ltr'>sione</span> <span class='ocrx_word' id='word_1_322' title='bbox 282 1519 427 1562; x_wconf 85' lang='lat' dir='ltr'>aliquam</span> <span class='ocrx_word' id='word_1_323' title='bbox 452 1522 685 1552; x_wconf 79' lang='lat' dir='ltr'>contritionem</span> <span class='ocrx_word' id='word_1_324' title='bbox 710 1532 797 1556; x_wconf 78' lang='lat' dir='ltr'>esse,</span> <span class='ocrx_word' id='word_1_325' title='bbox 821 1532 906 1563; x_wconf 89' lang='lat' dir='ltr'>quae</span> <span class='ocrx_word' id='word_1_326' title='bbox 931 1532 1005 1552; x_wconf 86' lang='lat' dir='ltr'>cum</span> <span class='ocrx_word' id='word_1_327' title='bbox 1030 1521 1159 1552; x_wconf 88' lang='lat' dir='ltr'>accedit</span> 
     </span>
     <span class='ocr_line' id='line_1_45' title="bbox 160 1563 1160 1603; baseline 0 -8"><span class='ocrx_word' id='word_1_328' title='bbox 160 1564 275 1600; x_wconf 80' lang='lat' dir='ltr'>Fides,</span> <span class='ocrx_word' id='word_1_329' title='bbox 298 1564 334 1595; x_wconf 84' lang='lat' dir='ltr'>fit</span> <span class='ocrx_word' id='word_1_330' title='bbox 359 1563 529 1596; x_wconf 74' lang='lat' dir='ltr'>excellens</span> <span class='ocrx_word' id='word_1_331' title='bbox 555 1566 660 1596; x_wconf 73' lang='lat' dir='ltr'>virtus:</span> <span class='ocrx_word' id='word_1_332' title='bbox 685 1576 725 1595; x_wconf 90' lang='lat' dir='ltr'>ac</span> <span class='ocrx_word' id='word_1_333' title='bbox 756 1565 970 1603; x_wconf 68' lang='lat' dir='ltr'>sacrificium,</span> <span class='ocrx_word' id='word_1_334' title='bbox 1006 1571 1041 1596; x_wconf 86' lang='lat' dir='ltr'>ut</span> <span class='ocrx_word' id='word_1_335' title='bbox 1079 1565 1160 1595; x_wconf 76' lang='lat' dir='ltr'>dici·</span> 
     </span>
     <span class='ocr_line' id='line_1_46' title="bbox 161 1607 1160 1650; baseline -0.001 -11"><span class='ocrx_word' id='word_1_336' title='bbox 161 1614 232 1639; x_wconf 88' lang='lat' dir='ltr'>tur:</span> <span class='ocrx_word' id='word_1_337' title='bbox 257 1608 465 1639; x_wconf 68' lang='lat' dir='ltr'>Sacrificium</span> <span class='ocrx_word' id='word_1_338' title='bbox 490 1607 566 1639; x_wconf 90' lang='lat' dir='ltr'>Deo</span> <span class='ocrx_word' id='word_1_339' title='bbox 590 1609 734 1650; x_wconf 77' lang='lat' dir='ltr'>Spiritus</span> <span class='ocrx_word' id='word_1_340' title='bbox 758 1608 1013 1640; x_wconf 61' lang='lat' dir='ltr'>contribulatus</span> <span class='ocrx_word' id='word_1_341' title='bbox 1070 1610 1160 1646; x_wconf 84' lang='lat' dir='ltr'>Item,</span> 
     </span>
     <span class='ocr_line' id='line_1_47' title="bbox 161 1650 1159 1693; baseline 0 -11"><span class='ocrx_word' id='word_1_342' title='bbox 161 1650 227 1682; x_wconf 86' lang='lat' dir='ltr'>Ubi</span> <span class='ocrx_word' id='word_1_343' title='bbox 260 1652 424 1683; x_wconf 79' lang='lat' dir='ltr'>habitabit</span> <span class='ocrx_word' id='word_1_344' title='bbox 454 1651 635 1691; x_wconf 80' lang='lat' dir='ltr'>Dominus,</span> <span class='ocrx_word' id='word_1_345' title='bbox 671 1653 703 1683; x_wconf 86' lang='lat' dir='ltr'>in</span> <span class='ocrx_word' id='word_1_346' title='bbox 728 1652 846 1693; x_wconf 88' lang='lat' dir='ltr'>spiritu</span> <span class='ocrx_word' id='word_1_347' title='bbox 871 1653 1014 1683; x_wconf 90' lang='lat' dir='ltr'>contrito</span> <span class='ocrx_word' id='word_1_348' title='bbox 1039 1658 1071 1683; x_wconf 88' lang='lat' dir='ltr'>et</span> <span class='ocrx_word' id='word_1_349' title='bbox 1094 1658 1159 1682; x_wconf 91' lang='lat' dir='ltr'>tre-</span> 
     </span>
    </p>
   </div>
   <div class='ocr_carea' id='block_1_23' title="bbox 1185 1592 1188 1680">
    <p class='ocr_par' dir='ltr' id='par_1_28' title="bbox 1185 1592 1188 1680">
     <span class='ocr_line' id='line_1_48' title="bbox 1185 1592 1188 1680; baseline 0 0"><span class='ocrx_word' id='word_1_350' title='bbox 1185 1592 1188 1680; x_wconf 95' lang='lat' dir='ltr'> </span> 
     </span>
    </p>
   </div>
   <div class='ocr_carea' id='block_1_24' title="bbox 1211 1424 2206 1554">
    <p class='ocr_par' dir='ltr' id='par_1_29' title="bbox 1211 1424 2206 1554">
     <span class='ocr_line' id='line_1_49' title="bbox 1214 1424 2206 1466; baseline 0.002 -11"><span class='ocrx_word' id='word_1_351' title='bbox 1214 1425 1268 1455; x_wconf 82' lang='lat' dir='ltr'>liat</span> <span class='ocrx_word' id='word_1_352' title='bbox 1304 1424 1480 1466; x_wconf 84' lang='lat' dir='ltr'>applicatio</span> <span class='ocrx_word' id='word_1_353' title='bbox 1516 1426 1775 1456; x_wconf 77' lang='lat' dir='ltr'>misericordiae.</span> <span class='ocrx_word' id='word_1_354' title='bbox 1845 1425 1922 1456; x_wconf 87' lang='lat' dir='ltr'>ldeo</span> <span class='ocrx_word' id='word_1_355' title='bbox 1956 1425 2077 1456; x_wconf 80' lang='lat' dir='ltr'>Esaias</span> <span class='ocrx_word' id='word_1_356' title='bbox 2112 1426 2206 1457; x_wconf 72' lang='lat' dir='ltr'>dixit:</span> 
     </span>
     <span class='ocr_line' id='line_1_50' title="bbox 1213 1467 2204 1509; baseline 0.002 -11"><span class='ocrx_word' id='word_1_357' title='bbox 1213 1468 1350 1509; x_wconf 73' lang='lat' dir='ltr'>Agnitio</span> <span class='ocrx_word' id='word_1_358' title='bbox 1387 1470 1476 1500; x_wconf 79' lang='lat' dir='ltr'>servi</span> <span class='ocrx_word' id='word_1_359' title='bbox 1506 1470 1569 1500; x_wconf 90' lang='lat' dir='ltr'>mei</span> <span class='ocrx_word' id='word_1_360' title='bbox 1604 1468 1761 1499; x_wconf 78' lang='lat' dir='ltr'>iustificat</span> <span class='ocrx_word' id='word_1_361' title='bbox 1795 1467 1929 1499; x_wconf 83' lang='lat' dir='ltr'>multos.</span> <span class='ocrx_word' id='word_1_362' title='bbox 1995 1468 2075 1499; x_wconf 84' lang='lat' dir='ltr'>Vult</span> <span class='ocrx_word' id='word_1_363' title='bbox 2109 1468 2204 1501; x_wconf 85' lang='lat' dir='ltr'>Deus</span> 
     </span>
     <span class='ocr_line' id='line_1_51' title="bbox 1211 1511 2204 1554; baseline 0.002 -12"><span class='ocrx_word' id='word_1_364' title='bbox 1211 1513 1353 1553; x_wconf 80' lang='lat' dir='ltr'>agnosci</span> <span class='ocrx_word' id='word_1_365' title='bbox 1377 1512 1507 1550; x_wconf 82' lang='lat' dir='ltr'>Filium,</span> <span class='ocrx_word' id='word_1_366' title='bbox 1532 1519 1563 1543; x_wconf 87' lang='lat' dir='ltr'>et</span> <span class='ocrx_word' id='word_1_367' title='bbox 1585 1513 1754 1554; x_wconf 79' lang='lat' dir='ltr'>agnitione</span> <span class='ocrx_word' id='word_1_368' title='bbox 1779 1511 1850 1543; x_wconf 88' lang='lat' dir='ltr'>Filii</span> <span class='ocrx_word' id='word_1_369' title='bbox 1876 1511 1991 1554; x_wconf 78' lang='lat' dir='ltr'>colligi</span> <span class='ocrx_word' id='word_1_370' title='bbox 2005 1511 2204 1551; x_wconf 82' lang='lat' dir='ltr'>Ecclesiam,</span> 
     </span>
    </p>
   </div>
   <div class='ocr_carea' id='block_1_25' title="bbox 1185 1556 2205 1598">
    <p class='ocr_par' dir='ltr' id='par_1_30' title="bbox 1185 1556 2205 1598">
     <span class='ocr_line' id='line_1_52' title="bbox 1185 1556 2205 1598; baseline 0 -10"><span class='ocrx_word' id='word_1_371' title='bbox 1185 1570 1188 1589; x_wconf 76' lang='grc' dir='ltr'>ι</span> <span class='ocrx_word' id='word_1_372' title='bbox 1212 1562 1243 1587; x_wconf 87' lang='lat' dir='ltr'>et</span> <span class='ocrx_word' id='word_1_373' title='bbox 1269 1556 1413 1587; x_wconf 84' lang='lat' dir='ltr'>discerni</span> <span class='ocrx_word' id='word_1_374' title='bbox 1439 1567 1510 1587; x_wconf 80' lang='lat' dir='ltr'>eam</span> <span class='ocrx_word' id='word_1_375' title='bbox 1535 1557 1576 1587; x_wconf 84' lang='lat' dir='ltr'>ab</span> <span class='ocrx_word' id='word_1_376' title='bbox 1600 1556 1674 1587; x_wconf 76' lang='lat' dir='ltr'>aliis</span> <span class='ocrx_word' id='word_1_377' title='bbox 1699 1556 1866 1598; x_wconf 78' lang='lat' dir='ltr'>gentibus,</span> <span class='ocrx_word' id='word_1_378' title='bbox 1899 1556 1961 1587; x_wconf 87' lang='lat' dir='ltr'>Est</span> <span class='ocrx_word' id='word_1_379' title='bbox 1985 1563 2095 1588; x_wconf 84' lang='lat' dir='ltr'>autem</span> <span class='ocrx_word' id='word_1_380' title='bbox 2120 1557 2205 1588; x_wconf 85' lang='lat' dir='ltr'>haec</span> 
     </span>
    </p>
   </div>
   <div class='ocr_carea' id='block_1_26' title="bbox 1212 1599 2204 1685">
    <p class='ocr_par' dir='ltr' id='par_1_31' title="bbox 1212 1599 2204 1685">
     <span class='ocr_line' id='line_1_53' title="bbox 1213 1599 2204 1643; baseline 0.002 -13"><span class='ocrx_word' id='word_1_381' title='bbox 1213 1599 1298 1630; x_wconf 82' lang='lat' dir='ltr'>fides</span> <span class='ocrx_word' id='word_1_382' title='bbox 1322 1601 1447 1643; x_wconf 76' lang='lat' dir='ltr'>agnitio</span> <span class='ocrx_word' id='word_1_383' title='bbox 1471 1599 1559 1637; x_wconf 81' lang='lat' dir='ltr'>Filii,</span> <span class='ocrx_word' id='word_1_384' title='bbox 1590 1606 1621 1631; x_wconf 84' lang='lat' dir='ltr'>et</span> <span class='ocrx_word' id='word_1_385' title='bbox 1646 1600 1818 1638; x_wconf 65' lang='lat' dir='ltr'>assensio,</span> <span class='ocrx_word' id='word_1_386' title='bbox 1852 1610 1918 1641; x_wconf 87' lang='lat' dir='ltr'>qua</span> <span class='ocrx_word' id='word_1_387' title='bbox 1942 1601 2204 1632; x_wconf 77' lang='lat' dir='ltr'>misericordiam</span> 
     </span>
     <span class='ocr_line' id='line_1_54' title="bbox 1212 1644 2204 1685; baseline 0.002 -11"><span class='ocrx_word' id='word_1_388' title='bbox 1212 1650 1350 1684; x_wconf 89' lang='lat' dir='ltr'>propter</span> <span class='ocrx_word' id='word_1_389' title='bbox 1385 1655 1458 1675; x_wconf 89' lang='lat' dir='ltr'>eum</span> <span class='ocrx_word' id='word_1_390' title='bbox 1491 1644 1691 1685; x_wconf 73' lang='lat' dir='ltr'>promissam</span> <span class='ocrx_word' id='word_1_391' title='bbox 1714 1644 1930 1685; x_wconf 73' lang='lat' dir='ltr'>agnoscimus</span> <span class='ocrx_word' id='word_1_392' title='bbox 1954 1650 1986 1675; x_wconf 89' lang='lat' dir='ltr'>et</span> <span class='ocrx_word' id='word_1_393' title='bbox 2009 1645 2204 1684; x_wconf 85' lang='lat' dir='ltr'>accipimus.</span> 
     </span>
    </p>
   </div>
   <div class='ocr_carea' id='block_1_27' title="bbox 161 1686 2206 1778">
    <p class='ocr_par' dir='ltr' id='par_1_32' title="bbox 161 1686 2206 1780">
     <span class='ocr_line' id='line_1_55' title="bbox 161 1686 2206 1734; baseline 0.001 -17"><span class='ocrx_word' id='word_1_394' title='bbox 161 1701 273 1726; x_wconf 70' lang='lat' dir='ltr'>mente</span> <span class='ocrx_word' id='word_1_395' title='bbox 297 1705 472 1726; x_wconf 65' lang='lat' dir='ltr'>sermones</span> <span class='ocrx_word' id='word_1_396' title='bbox 496 1706 603 1734; x_wconf 57' lang='lat' dir='ltr'><strong>&#39;neos’</strong></span> <span class='ocrx_word' id='word_1_397' title='bbox 639 1702 672 1726; x_wconf 74' lang='lat' dir='ltr'>et</span> <span class='ocrx_word' id='word_1_398' title='bbox 708 1706 782 1726; x_wconf 55' lang='lat' dir='ltr'>cun]</span> <span class='ocrx_word' id='word_1_399' title='bbox 808 1695 841 1726; x_wconf 74' lang='lat' dir='ltr'>fit</span> <span class='ocrx_word' id='word_1_400' title='bbox 867 1694 1057 1727; x_wconf 58' lang='lat' dir='ltr'>congolatio</span> <span class='ocrx_word' id='word_1_401' title='bbox 1083 1696 1159 1733; x_wconf 64' lang='lat' dir='ltr'>fide,</span> <span class='ocrx_word' id='word_1_402' title='bbox 1184 1687 1187 1722; x_wconf 61' lang='grc' dir='ltr'><em>Ξ</em></span> <span class='ocrx_word' id='word_1_403' title='bbox 1213 1688 1270 1718; x_wconf 62' lang='lat' dir='ltr'>Sic</span> <span class='ocrx_word' id='word_1_404' title='bbox 1294 1689 1394 1729; x_wconf 63' lang='lat' dir='ltr'>igliur</span> <span class='ocrx_word' id='word_1_405' title='bbox 1417 1688 1595 1719; x_wconf 67' lang='lat' dir='ltr'>nlutssn-&#39;llls</span> <span class='ocrx_word' id='word_1_406' title='bbox 1619 1694 1669 1718; x_wconf 59' lang='grc' dir='ltr'>θεῖ</span> <span class='ocrx_word' id='word_1_407' title='bbox 1693 1689 1784 1729; x_wconf 66' lang='lat' dir='ltr'>prlOl&#39;</span> <span class='ocrx_word' id='word_1_408' title='bbox 1808 1686 2051 1730; x_wconf 48' lang='lat' dir='ltr'>syllogisnlus:</span> <span class='ocrx_word' id='word_1_409' title='bbox 2076 1688 2206 1719; x_wconf 53' lang='lat' dir='ltr'>nll5el&#39;l·</span> 
     </span>
     <span class='ocr_line' id='line_1_56' title="bbox 163 1726 2205 1778; baseline 0.003 -22"><span class='ocrx_word' id='word_1_410' title='bbox 163 1748 222 1769; x_wconf 54' lang='grc' dir='ltr'>θοι.</span> <span class='ocrx_word' id='word_1_411' title='bbox 245 1739 278 1769; x_wconf 66' lang='grc' dir='ltr'>ςῃ</span> <span class='ocrx_word' id='word_1_412' title='bbox 297 1738 373 1769; x_wconf 68' lang='lat' dir='ltr'>Deo</span> <span class='ocrx_word' id='word_1_413' title='bbox 396 1737 558 1778; x_wconf 58' lang='lat' dir='ltr'>laetatur,</span> <span class='ocrx_word' id='word_1_414' title='bbox 592 1740 684 1770; x_wconf 52' lang='lat' dir='ltr'>iuxta</span> <span class='ocrx_word' id='word_1_415' title='bbox 715 1740 854 1770; x_wconf 54' lang='lat' dir='ltr'>dimum:</span> <span class='ocrx_word' id='word_1_416' title='bbox 896 1739 1069 1771; x_wconf 80' lang='lat' dir='ltr'>iustificati</span> <span class='ocrx_word' id='word_1_417' title='bbox 1094 1739 1159 1770; x_wconf 71' lang='lat' dir='ltr'>fide</span> <span class='ocrx_word' id='word_1_418' title='bbox 1184 1726 1188 1769; x_wconf 73' lang='grc' dir='ltr'>ἰ</span> <span class='ocrx_word' id='word_1_419' title='bbox 1213 1731 1329 1762; x_wconf 84' lang='lat' dir='ltr'>cordia</span> <span class='ocrx_word' id='word_1_420' title='bbox 1353 1739 1490 1773; x_wconf 84' lang='lat' dir='ltr'>propter</span> <span class='ocrx_word' id='word_1_421' title='bbox 1508 1730 1625 1762; x_wconf 83' lang='lat' dir='ltr'>Filium</span> <span class='ocrx_word' id='word_1_422' title='bbox 1649 1742 1764 1763; x_wconf 88' lang='lat' dir='ltr'>sumus</span> <span class='ocrx_word' id='word_1_423' title='bbox 1788 1732 1877 1769; x_wconf 85' lang='lat' dir='ltr'>iusti,</span> <span class='ocrx_word' id='word_1_424' title='bbox 1892 1731 2123 1762; x_wconf 81' lang='lat' dir='ltr'>Misericordia</span> <span class='ocrx_word' id='word_1_425' title='bbox 2137 1743 2205 1763; x_wconf 87' lang='lat' dir='ltr'>uon</span> 
     </span>
    </p>
   </div>
   <div class='ocr_carea' id='block_1_28' title="bbox 162 1781 1160 1823">
    <p class='ocr_par' dir='ltr' id='par_1_33' title="bbox 162 1781 1160 1823">
     <span class='ocr_line' id='line_1_57' title="bbox 162 1781 1160 1823; baseline 0.002 -11"><span class='ocrx_word' id='word_1_426' title='bbox 162 1792 280 1823; x_wconf 80' lang='lat' dir='ltr'>pacem</span> <span class='ocrx_word' id='word_1_427' title='bbox 305 1781 478 1814; x_wconf 84' lang='lat' dir='ltr'>habemus.</span> <span class='ocrx_word' id='word_1_428' title='bbox 500 1782 583 1814; x_wconf 85' lang='lat' dir='ltr'>Cum</span> <span class='ocrx_word' id='word_1_429' title='bbox 608 1782 672 1813; x_wconf 88' lang='lat' dir='ltr'>hac</span> <span class='ocrx_word' id='word_1_430' title='bbox 693 1782 819 1814; x_wconf 84' lang='lat' dir='ltr'>laetitia</span> <span class='ocrx_word' id='word_1_431' title='bbox 846 1789 935 1814; x_wconf 88' lang='lat' dir='ltr'>certe</span> <span class='ocrx_word' id='word_1_432' title='bbox 960 1784 1160 1814; x_wconf 81' lang='lat' dir='ltr'>coniunctae</span> 
     </span>
    </p>
   </div>
   <div class='ocr_carea' id='block_1_29' title="bbox 163 1823 1188 1868">
    <p class='ocr_par' dir='ltr' id='par_1_34' title="bbox 163 1823 1188 1868">
     <span class='ocr_line' id='line_1_58' title="bbox 163 1823 1188 1868; baseline 0.001 -12"><span class='ocrx_word' id='word_1_433' title='bbox 163 1832 241 1856; x_wconf 81' lang='lat' dir='ltr'>sunt</span> <span class='ocrx_word' id='word_1_434' title='bbox 272 1823 417 1857; x_wconf 85' lang='lat' dir='ltr'>Dilectio</span> <span class='ocrx_word' id='word_1_435' title='bbox 453 1825 529 1863; x_wconf 89' lang='lat' dir='ltr'>Dei,</span> <span class='ocrx_word' id='word_1_436' title='bbox 565 1826 736 1857; x_wconf 78' lang='lat' dir='ltr'>invocatio</span> <span class='ocrx_word' id='word_1_437' title='bbox 773 1833 803 1857; x_wconf 89' lang='lat' dir='ltr'>et</span> <span class='ocrx_word' id='word_1_438' title='bbox 837 1826 936 1868; x_wconf 80' lang='lat' dir='ltr'>Spes,</span> <span class='ocrx_word' id='word_1_439' title='bbox 969 1833 1000 1858; x_wconf 89' lang='lat' dir='ltr'>et</span> <span class='ocrx_word' id='word_1_440' title='bbox 1037 1825 1188 1864; x_wconf 63' lang='lat' dir='ltr'>multaeg</span> 
     </span>
    </p>
   </div>
   <div class='ocr_carea' id='block_1_30' title="bbox 1212 1775 2205 1861">
    <p class='ocr_par' dir='ltr' id='par_1_35' title="bbox 1212 1775 2205 1861">
     <span class='ocr_line' id='line_1_59' title="bbox 1212 1775 2205 1817; baseline 0 -11"><span class='ocrx_word' id='word_1_441' title='bbox 1212 1781 1262 1805; x_wconf 77' lang='lat' dir='ltr'>est</span> <span class='ocrx_word' id='word_1_442' title='bbox 1289 1783 1441 1806; x_wconf 86' lang='lat' dir='ltr'>nostrum</span> <span class='ocrx_word' id='word_1_443' title='bbox 1464 1776 1626 1813; x_wconf 82' lang='lat' dir='ltr'>meritum,</span> <span class='ocrx_word' id='word_1_444' title='bbox 1641 1775 1733 1817; x_wconf 79' lang='lat' dir='ltr'>Ergo</span> <span class='ocrx_word' id='word_1_445' title='bbox 1757 1786 1824 1807; x_wconf 90' lang='lat' dir='ltr'>non</span> <span class='ocrx_word' id='word_1_446' title='bbox 1849 1776 1974 1807; x_wconf 74' lang='lat' dir='ltr'>nostris</span> <span class='ocrx_word' id='word_1_447' title='bbox 1998 1776 2123 1807; x_wconf 70' lang='lat' dir='ltr'>meritis¹</span> <span class='ocrx_word' id='word_1_448' title='bbox 2148 1781 2205 1806; x_wconf 84' lang='lat' dir='ltr'>aut</span> 
     </span>
     <span class='ocr_line' id='line_1_60' title="bbox 1213 1818 2204 1861; baseline 0.001 -12"><span class='ocrx_word' id='word_1_449' title='bbox 1213 1820 1371 1860; x_wconf 85' lang='lat' dir='ltr'>operibus</span> <span class='ocrx_word' id='word_1_450' title='bbox 1403 1829 1517 1850; x_wconf 85' lang='lat' dir='ltr'>sumus</span> <span class='ocrx_word' id='word_1_451' title='bbox 1552 1820 1640 1851; x_wconf 82' lang='lat' dir='ltr'>iusti.</span> <span class='ocrx_word' id='word_1_452' title='bbox 1686 1819 1781 1851; x_wconf 86' lang='lat' dir='ltr'>Haec</span> <span class='ocrx_word' id='word_1_453' title='bbox 1816 1826 1868 1850; x_wconf 89' lang='lat' dir='ltr'>est</span> <span class='ocrx_word' id='word_1_454' title='bbox 1902 1830 1983 1850; x_wconf 79' lang='lat' dir='ltr'>vera</span> <span class='ocrx_word' id='word_1_455' title='bbox 2006 1825 2039 1851; x_wconf 91' lang='lat' dir='ltr'>et</span> <span class='ocrx_word' id='word_1_456' title='bbox 2062 1818 2204 1861; x_wconf 77' lang='lat' dir='ltr'>simplex</span> 
     </span>
    </p>
   </div>
   <div class='ocr_carea' id='block_1_31' title="bbox 161 1863 1403 1922">
    <p class='ocr_par' dir='ltr' id='par_1_36' title="bbox 161 1863 1403 1922">
     <span class='ocr_line' id='line_1_61' title="bbox 161 1863 1403 1922; baseline 0.004 -23"><span class='ocrx_word' id='word_1_457' title='bbox 161 1867 249 1900; x_wconf 83' lang='lat' dir='ltr'>aliae</span> <span class='ocrx_word' id='word_1_458' title='bbox 278 1870 430 1900; x_wconf 78' lang='lat' dir='ltr'>virtutes,</span> <span class='ocrx_word' id='word_1_459' title='bbox 467 1868 549 1900; x_wconf 88' lang='lat' dir='ltr'>Cum</span> <span class='ocrx_word' id='word_1_460' title='bbox 578 1871 678 1911; x_wconf 82' lang='lat' dir='ltr'>igitur</span> <span class='ocrx_word' id='word_1_461' title='bbox 702 1870 859 1907; x_wconf 80' lang='lat' dir='ltr'>dicimuS‚</span> <span class='ocrx_word' id='word_1_462' title='bbox 885 1869 965 1901; x_wconf 84' lang='lat' dir='ltr'>Sola</span> <span class='ocrx_word' id='word_1_463' title='bbox 986 1870 1068 1908; x_wconf 85' lang='lat' dir='ltr'>fide,</span> <span class='ocrx_word' id='word_1_464' title='bbox 1091 1880 1160 1901; x_wconf 85' lang='lat' dir='ltr'>non</span> <span class='ocrx_word' id='word_1_465' title='bbox 1185 1882 1189 1922; x_wconf 79' lang='grc' dir='ltr'>Ι</span> <span class='ocrx_word' id='word_1_466' title='bbox 1212 1863 1403 1904; x_wconf 64' lang='lat' dir='ltr'>l&#39;esl&#39;OUSiO·</span> 
     </span>
    </p>
   </div>
   <div class='ocr_carea' id='block_1_32' title="bbox 161 1911 1160 2041">
    <p class='ocr_par' dir='ltr' id='par_1_37' title="bbox 161 1911 1160 2041">
     <span class='ocr_line' id='line_1_62' title="bbox 162 1911 1160 1952; baseline 0 -7"><span class='ocrx_word' id='word_1_467' title='bbox 162 1911 388 1945; x_wconf 79' lang='lat' dir='ltr'>excluduntur</span> <span class='ocrx_word' id='word_1_468' title='bbox 412 1919 567 1944; x_wconf 88' lang='lat' dir='ltr'>caeterae</span> <span class='ocrx_word' id='word_1_469' title='bbox 592 1915 749 1952; x_wconf 67' lang='lat' dir='ltr'>virtutes,</span> <span class='ocrx_word' id='word_1_470' title='bbox 787 1924 827 1944; x_wconf 93' lang='lat' dir='ltr'>ne</span> <span class='ocrx_word' id='word_1_471' title='bbox 855 1915 982 1952; x_wconf 82' lang='lat' dir='ltr'>adsint,</span> <span class='ocrx_word' id='word_1_472' title='bbox 1019 1915 1080 1945; x_wconf 82' lang='lat' dir='ltr'>sed</span> <span class='ocrx_word' id='word_1_473' title='bbox 1104 1925 1160 1945; x_wconf 79' lang='lat' dir='ltr'>cx-</span> 
     </span>
     <span class='ocr_line' id='line_1_63' title="bbox 163 1955 1160 1995; baseline 0.002 -8"><span class='ocrx_word' id='word_1_474' title='bbox 163 1955 306 1988; x_wconf 89' lang='lat' dir='ltr'>cluditur</span> <span class='ocrx_word' id='word_1_475' title='bbox 330 1957 476 1987; x_wconf 84' lang='lat' dir='ltr'>conditio</span> <span class='ocrx_word' id='word_1_476' title='bbox 502 1958 620 1994; x_wconf 86' lang='lat' dir='ltr'>meriti,</span> <span class='ocrx_word' id='word_1_477' title='bbox 645 1964 675 1988; x_wconf 91' lang='lat' dir='ltr'>et</span> <span class='ocrx_word' id='word_1_478' title='bbox 701 1957 764 1988; x_wconf 89' lang='lat' dir='ltr'>hoc</span> <span class='ocrx_word' id='word_1_479' title='bbox 789 1958 926 1995; x_wconf 86' lang='lat' dir='ltr'>dicitur,</span> <span class='ocrx_word' id='word_1_480' title='bbox 960 1955 1072 1989; x_wconf 89' lang='lat' dir='ltr'>nullas</span> <span class='ocrx_word' id='word_1_481' title='bbox 1095 1959 1160 1989; x_wconf 68' lang='lat' dir='ltr'>vir-</span> 
     </span>
     <span class='ocr_line' id='line_1_64' title="bbox 161 2001 1160 2041; baseline 0.002 -10"><span class='ocrx_word' id='word_1_482' title='bbox 161 2006 249 2032; x_wconf 84' lang='lat' dir='ltr'>tutes</span> <span class='ocrx_word' id='word_1_483' title='bbox 275 2010 334 2031; x_wconf 89' lang='lat' dir='ltr'>seu</span> <span class='ocrx_word' id='word_1_484' title='bbox 359 2011 461 2041; x_wconf 87' lang='lat' dir='ltr'>opera</span> <span class='ocrx_word' id='word_1_485' title='bbox 486 2001 518 2031; x_wconf 92' lang='lat' dir='ltr'>in</span> <span class='ocrx_word' id='word_1_486' title='bbox 539 2002 637 2031; x_wconf 89' lang='lat' dir='ltr'>nobis</span> <span class='ocrx_word' id='word_1_487' title='bbox 660 2002 810 2032; x_wconf 87' lang='lat' dir='ltr'>meritum</span> <span class='ocrx_word' id='word_1_488' title='bbox 835 2011 895 2032; x_wconf 79' lang='lat' dir='ltr'>seu</span> <span class='ocrx_word' id='word_1_489' title='bbox 920 2011 1056 2032; x_wconf 70' lang='lat' dir='ltr'>causam</span> <span class='ocrx_word' id='word_1_490' title='bbox 1081 2011 1160 2033; x_wconf 86' lang='lat' dir='ltr'>csse</span> 
     </span>
    </p>
   </div>
   <div class='ocr_carea' id='block_1_33' title="bbox 160 2043 1159 2086">
    <p class='ocr_par' dir='ltr' id='par_1_38' title="bbox 160 2043 1159 2086">
     <span class='ocr_line' id='line_1_65' title="bbox 160 2043 1159 2086; baseline 0.001 -11"><span class='ocrx_word' id='word_1_491' title='bbox 160 2043 421 2081; x_wconf 78' lang='lat' dir='ltr'>iustificationis,</span> <span class='ocrx_word' id='word_1_492' title='bbox 447 2045 507 2075; x_wconf 85' lang='lat' dir='ltr'>sed</span> <span class='ocrx_word' id='word_1_493' title='bbox 531 2051 670 2086; x_wconf 80' lang='lat' dir='ltr'>propter</span> <span class='ocrx_word' id='word_1_494' title='bbox 695 2044 802 2075; x_wconf 80' lang='lat' dir='ltr'>solam</span> <span class='ocrx_word' id='word_1_495' title='bbox 826 2044 1022 2075; x_wconf 77' lang='lat' dir='ltr'>Mediatoris</span> <span class='ocrx_word' id='word_1_496' title='bbox 1047 2046 1159 2076; x_wconf 88' lang='lat' dir='ltr'>obedi-</span> 
     </span>
    </p>
   </div>
   <div class='ocr_carea' id='block_1_34' title="bbox 160 2087 1160 2172">
    <p class='ocr_par' dir='ltr' id='par_1_39' title="bbox 160 2087 1160 2172">
     <span class='ocr_line' id='line_1_66' title="bbox 162 2087 1160 2120; baseline 0.001 -1"><span class='ocrx_word' id='word_1_497' title='bbox 162 2087 284 2119; x_wconf 84' lang='lat' dir='ltr'>entiam</span> <span class='ocrx_word' id='word_1_498' title='bbox 309 2087 422 2118; x_wconf 67' lang='lat' dir='ltr'>Gratis</span> <span class='ocrx_word' id='word_1_499' title='bbox 457 2088 528 2118; x_wconf 89' lang='lat' dir='ltr'>dari</span> <span class='ocrx_word' id='word_1_500' title='bbox 564 2090 797 2119; x_wconf 87' lang='lat' dir='ltr'>remissionem</span> <span class='ocrx_word' id='word_1_501' title='bbox 831 2099 891 2119; x_wconf 89' lang='lat' dir='ltr'>seu</span> <span class='ocrx_word' id='word_1_502' title='bbox 915 2087 1160 2120; x_wconf 82' lang='lat' dir='ltr'>reconciliatio-</span> 
     </span>
     <span class='ocr_line' id='line_1_67' title="bbox 160 2131 1160 2172; baseline 0.003 -11"><span class='ocrx_word' id='word_1_503' title='bbox 160 2141 250 2169; x_wconf 77' lang='lat' dir='ltr'>nem,</span> <span class='ocrx_word' id='word_1_504' title='bbox 285 2137 317 2162; x_wconf 88' lang='lat' dir='ltr'>et</span> <span class='ocrx_word' id='word_1_505' title='bbox 352 2131 601 2172; x_wconf 80' lang='lat' dir='ltr'>imputationem</span> <span class='ocrx_word' id='word_1_506' title='bbox 622 2133 698 2163; x_wconf 90' lang='lat' dir='ltr'>iusti</span> <span class='ocrx_word' id='word_1_507' title='bbox 716 2133 777 2171; x_wconf 88' lang='lat' dir='ltr'>iae,</span> <span class='ocrx_word' id='word_1_508' title='bbox 812 2139 844 2164; x_wconf 87' lang='lat' dir='ltr'>et</span> <span class='ocrx_word' id='word_1_509' title='bbox 867 2133 940 2164; x_wconf 88' lang='lat' dir='ltr'>fieri</span> <span class='ocrx_word' id='word_1_510' title='bbox 964 2132 1160 2164; x_wconf 70' lang='lat' dir='ltr'>vivificatio-</span> 
     </span>
    </p>
   </div>
   <div class='ocr_carea' id='block_1_35' title="bbox 160 2173 665 2215">
    <p class='ocr_par' dir='ltr' id='par_1_40' title="bbox 160 2173 665 2215">
     <span class='ocr_line' id='line_1_68' title="bbox 160 2173 665 2215; baseline 0.002 -9"><span class='ocrx_word' id='word_1_511' title='bbox 160 2185 238 2206; x_wconf 88' lang='lat' dir='ltr'>nem</span> <span class='ocrx_word' id='word_1_512' title='bbox 259 2185 322 2215; x_wconf 84' lang='lat' dir='ltr'>per</span> <span class='ocrx_word' id='word_1_513' title='bbox 344 2173 462 2206; x_wconf 86' lang='lat' dir='ltr'>Filium</span> <span class='ocrx_word' id='word_1_514' title='bbox 485 2174 550 2206; x_wconf 89' lang='lat' dir='ltr'>Dei</span> <span class='ocrx_word' id='word_1_515' title='bbox 573 2175 665 2207; x_wconf 81' lang='lat' dir='ltr'>fide.</span> 
     </span>
    </p>
   </div>
   <div class='ocr_carea' id='block_1_36' title="bbox 249 2252 1158 2288">
    <p class='ocr_par' dir='ltr' id='par_1_41' title="bbox 249 2252 1158 2288">
     <span class='ocr_line' id='line_1_69' title="bbox 249 2252 1158 2288; baseline 0.003 -4"><span class='ocrx_word' id='word_1_516' title='bbox 249 2252 343 2285; x_wconf 86' lang='lat' dir='ltr'>Haec</span> <span class='ocrx_word' id='word_1_517' title='bbox 373 2259 425 2284; x_wconf 84' lang='lat' dir='ltr'>est</span> <span class='ocrx_word' id='word_1_518' title='bbox 459 2253 571 2285; x_wconf 85' lang='lat' dir='ltr'>nativa</span> <span class='ocrx_word' id='word_1_519' title='bbox 590 2252 687 2284; x_wconf 84' lang='lat' dir='ltr'>Pauli</span> <span class='ocrx_word' id='word_1_520' title='bbox 720 2254 886 2286; x_wconf 88' lang='lat' dir='ltr'>sententia</span> <span class='ocrx_word' id='word_1_521' title='bbox 915 2254 947 2285; x_wconf 90' lang='lat' dir='ltr'>in</span> <span class='ocrx_word' id='word_1_522' title='bbox 983 2253 1158 2288; x_wconf 80' lang='lat' dir='ltr'>exclusiva</span> 
     </span>
    </p>
   </div>
   <div class='ocr_carea' id='block_1_37' title="bbox 160 2295 1186 2394">
    <p class='ocr_par' dir='ltr' id='par_1_42' title="bbox 160 2295 1186 2394">
     <span class='ocr_line' id='line_1_70' title="bbox 163 2295 1186 2340; baseline 0.004 -13"><span class='ocrx_word' id='word_1_523' title='bbox 163 2295 290 2327; x_wconf 88' lang='lat' dir='ltr'>Gratis.</span> <span class='ocrx_word' id='word_1_524' title='bbox 336 2296 468 2327; x_wconf 83' lang='lat' dir='ltr'>Insania</span> <span class='ocrx_word' id='word_1_525' title='bbox 503 2303 553 2328; x_wconf 87' lang='lat' dir='ltr'>est</span> <span class='ocrx_word' id='word_1_526' title='bbox 589 2297 674 2328; x_wconf 87' lang='lat' dir='ltr'>enim</span> <span class='ocrx_word' id='word_1_527' title='bbox 709 2298 858 2340; x_wconf 74' lang='lat' dir='ltr'>cogitare</span> <span class='ocrx_word' id='word_1_528' title='bbox 888 2298 1186 2338; x_wconf 73' lang='lat' dir='ltr'>vivificationem,i</span> 
     </span>
     <span class='ocr_line' id='line_1_71' title="bbox 160 2337 1185 2394; baseline 0.003 -23"><span class='ocrx_word' id='word_1_529' title='bbox 160 2340 195 2371; x_wconf 87' lang='lat' dir='ltr'>in</span> <span class='ocrx_word' id='word_1_530' title='bbox 229 2351 294 2382; x_wconf 88' lang='lat' dir='ltr'>qua</span> <span class='ocrx_word' id='word_1_531' title='bbox 316 2339 420 2371; x_wconf 90' lang='lat' dir='ltr'>Filius</span> <span class='ocrx_word' id='word_1_532' title='bbox 444 2340 508 2371; x_wconf 89' lang='lat' dir='ltr'>Dei</span> <span class='ocrx_word' id='word_1_533' title='bbox 541 2340 701 2379; x_wconf 74' lang='lat' dir='ltr'>vivificat,</span> <span class='ocrx_word' id='word_1_534' title='bbox 737 2348 767 2372; x_wconf 91' lang='lat' dir='ltr'>et</span> <span class='ocrx_word' id='word_1_535' title='bbox 798 2342 840 2373; x_wconf 93' lang='lat' dir='ltr'>de</span> <span class='ocrx_word' id='word_1_536' title='bbox 864 2341 988 2383; x_wconf 85' lang='lat' dir='ltr'>Spiritu</span> <span class='ocrx_word' id='word_1_537' title='bbox 1013 2352 1076 2373; x_wconf 90' lang='lat' dir='ltr'>suo</span> <span class='ocrx_word' id='word_1_538' title='bbox 1100 2343 1157 2375; x_wconf 90' lang='lat' dir='ltr'>dat</span> <span class='ocrx_word' id='word_1_539' title='bbox 1180 2337 1185 2394; x_wconf 64' lang='grc' dir='ltr'>Ι</span> 
     </span>
    </p>
   </div>
   <div class='ocr_carea' id='block_1_38' title="bbox 160 2383 1156 2647">
    <p class='ocr_par' dir='ltr' id='par_1_43' title="bbox 160 2383 1156 2647">
     <span class='ocr_line' id='line_1_72' title="bbox 160 2383 1155 2426; baseline 0.002 -11"><span class='ocrx_word' id='word_1_540' title='bbox 160 2383 274 2422; x_wconf 83' lang='lat' dir='ltr'>nobis,</span> <span class='ocrx_word' id='word_1_541' title='bbox 297 2394 375 2415; x_wconf 83' lang='lat' dir='ltr'>esse</span> <span class='ocrx_word' id='word_1_542' title='bbox 400 2384 473 2415; x_wconf 83' lang='lat' dir='ltr'>sine</span> <span class='ocrx_word' id='word_1_543' title='bbox 498 2385 629 2426; x_wconf 84' lang='lat' dir='ltr'>magnis</span> <span class='ocrx_word' id='word_1_544' title='bbox 653 2390 686 2415; x_wconf 91' lang='lat' dir='ltr'>et</span> <span class='ocrx_word' id='word_1_545' title='bbox 709 2385 904 2417; x_wconf 79' lang='lat' dir='ltr'>ardentibus</span> <span class='ocrx_word' id='word_1_546' title='bbox 929 2386 1048 2417; x_wconf 70' lang='lat' dir='ltr'>divinis</span> <span class='ocrx_word' id='word_1_547' title='bbox 1062 2387 1155 2417; x_wconf 79' lang='lat' dir='ltr'>moti-</span> 
     </span>
     <span class='ocr_line' id='line_1_73' title="bbox 161 2425 1156 2461; baseline 0.002 -3"><span class='ocrx_word' id='word_1_548' title='bbox 161 2427 237 2459; x_wconf 84' lang='lat' dir='ltr'>bus.</span> <span class='ocrx_word' id='word_1_549' title='bbox 282 2427 417 2459; x_wconf 85' lang='lat' dir='ltr'>Memini</span> <span class='ocrx_word' id='word_1_550' title='bbox 441 2425 618 2459; x_wconf 83' lang='lat' dir='ltr'>multorum</span> <span class='ocrx_word' id='word_1_551' title='bbox 641 2429 683 2459; x_wconf 83' lang='lat' dir='ltr'>de</span> <span class='ocrx_word' id='word_1_552' title='bbox 718 2428 782 2460; x_wconf 82' lang='lat' dir='ltr'>hac</span> <span class='ocrx_word' id='word_1_553' title='bbox 805 2440 841 2460; x_wconf 86' lang='lat' dir='ltr'>re</span> <span class='ocrx_word' id='word_1_554' title='bbox 867 2430 1065 2461; x_wconf 83' lang='lat' dir='ltr'>barbaricos</span> <span class='ocrx_word' id='word_1_555' title='bbox 1089 2429 1156 2461; x_wconf 89' lang='lat' dir='ltr'>cla-</span> 
     </span>
     <span class='ocr_line' id='line_1_74' title="bbox 160 2470 1155 2512; baseline 0.002 -10"><span class='ocrx_word' id='word_1_556' title='bbox 160 2481 285 2502; x_wconf 82' lang='lat' dir='ltr'>mores.</span> <span class='ocrx_word' id='word_1_557' title='bbox 332 2470 472 2507; x_wconf 87' lang='lat' dir='ltr'>Quidam</span> <span class='ocrx_word' id='word_1_558' title='bbox 498 2471 641 2510; x_wconf 83' lang='lat' dir='ltr'>dicebat,</span> <span class='ocrx_word' id='word_1_559' title='bbox 667 2470 764 2511; x_wconf 89' lang='lat' dir='ltr'>Sola,</span> <span class='ocrx_word' id='word_1_560' title='bbox 788 2473 822 2504; x_wconf 85' lang='lat' dir='ltr'>id</span> <span class='ocrx_word' id='word_1_561' title='bbox 846 2479 914 2512; x_wconf 81' lang='lat' dir='ltr'>est,</span> <span class='ocrx_word' id='word_1_562' title='bbox 938 2474 1011 2504; x_wconf 85' lang='lat' dir='ltr'>sine</span> <span class='ocrx_word' id='word_1_563' title='bbox 1035 2474 1155 2505; x_wconf 89' lang='lat' dir='ltr'>contri-</span> 
     </span>
     <span class='ocr_line' id='line_1_75' title="bbox 160 2514 1154 2557; baseline 0.003 -12"><span class='ocrx_word' id='word_1_564' title='bbox 160 2514 265 2553; x_wconf 87' lang='lat' dir='ltr'>tione,</span> <span class='ocrx_word' id='word_1_565' title='bbox 287 2521 407 2556; x_wconf 77' lang='lat' dir='ltr'>postea</span> <span class='ocrx_word' id='word_1_566' title='bbox 432 2525 506 2546; x_wconf 91' lang='lat' dir='ltr'>cum</span> <span class='ocrx_word' id='word_1_567' title='bbox 530 2522 710 2557; x_wconf 78' lang='lat' dir='ltr'>ccgeretur</span> <span class='ocrx_word' id='word_1_568' title='bbox 722 2517 896 2548; x_wconf 87' lang='lat' dir='ltr'>admittere</span> <span class='ocrx_word' id='word_1_569' title='bbox 908 2518 1154 2557; x_wconf 86' lang='lat' dir='ltr'>contritionem,</span> 
     </span>
     <span class='ocr_line' id='line_1_76' title="bbox 160 2558 1154 2603; baseline 0.002 -14"><span class='ocrx_word' id='word_1_570' title='bbox 160 2559 346 2600; x_wconf 89' lang='lat' dir='ltr'>respondit,</span> <span class='ocrx_word' id='word_1_571' title='bbox 370 2558 608 2590; x_wconf 84' lang='lat' dir='ltr'>Contritioncm</span> <span class='ocrx_word' id='word_1_572' title='bbox 631 2570 699 2590; x_wconf 90' lang='lat' dir='ltr'>non</span> <span class='ocrx_word' id='word_1_573' title='bbox 723 2570 801 2591; x_wconf 52' lang='lat' dir='ltr'>esse</span> <span class='ocrx_word' id='word_1_574' title='bbox 824 2571 923 2603; x_wconf 75' lang='lat' dir='ltr'>opus,</span> <span class='ocrx_word' id='word_1_575' title='bbox 946 2561 1004 2592; x_wconf 89' lang='lat' dir='ltr'>sed</span> <span class='ocrx_word' id='word_1_576' title='bbox 1019 2561 1154 2592; x_wconf 85' lang='lat' dir='ltr'>Passio-</span> 
     </span>
     <span class='ocr_line' id='line_1_77' title="bbox 161 2601 1153 2647; baseline 0.003 -14"><span class='ocrx_word' id='word_1_577' title='bbox 161 2611 248 2634; x_wconf 88' lang='lat' dir='ltr'>nem.</span> <span class='ocrx_word' id='word_1_578' title='bbox 293 2602 528 2632; x_wconf 75' lang='lat' dir='ltr'>Lantterwaldt</span> <span class='ocrx_word' id='word_1_579' title='bbox 551 2601 709 2641; x_wconf 87' lang='lat' dir='ltr'>clamitat,</span> <span class='ocrx_word' id='word_1_580' title='bbox 734 2604 830 2635; x_wconf 80' lang='lat' dir='ltr'>iidem</span> <span class='ocrx_word' id='word_1_581' title='bbox 854 2603 967 2646; x_wconf 87' lang='lat' dir='ltr'>aliquo</span> <span class='ocrx_word' id='word_1_582' title='bbox 991 2611 1153 2647; x_wconf 86' lang='lat' dir='ltr'>tempore,</span> 
     </span>
    </p>
   </div>
   <div class='ocr_carea' id='block_1_39' title="bbox 162 2646 1186 2690">
    <p class='ocr_par' dir='ltr' id='par_1_44' title="bbox 162 2646 1186 2690">
     <span class='ocr_line' id='line_1_78' title="bbox 162 2646 1186 2690; baseline 0.004 -13"><span class='ocrx_word' id='word_1_583' title='bbox 162 2647 226 2678; x_wconf 83' lang='lat' dir='ltr'>sed</span> <span class='ocrx_word' id='word_1_584' title='bbox 261 2646 396 2690; x_wconf 81' lang='lat' dir='ltr'>exiguo,</span> <span class='ocrx_word' id='word_1_585' title='bbox 432 2657 512 2678; x_wconf 88' lang='lat' dir='ltr'>esse</span> <span class='ocrx_word' id='word_1_586' title='bbox 545 2647 618 2678; x_wconf 87' lang='lat' dir='ltr'>sine</span> <span class='ocrx_word' id='word_1_587' title='bbox 653 2648 797 2679; x_wconf 82' lang='lat' dir='ltr'>caeteris</span> <span class='ocrx_word' id='word_1_588' title='bbox 820 2649 1010 2681; x_wconf 84' lang='lat' dir='ltr'>virtutibuS.</span> <span class='ocrx_word' id='word_1_589' title='bbox 1055 2648 1154 2681; x_wconf 89' lang='lat' dir='ltr'>Alius</span> <span class='ocrx_word' id='word_1_590' title='bbox 1182 2656 1186 2674; x_wconf 70' lang='grc' dir='ltr'><strong>ί</strong></span> 
     </span>
    </p>
   </div>
   <div class='ocr_carea' id='block_1_40' title="bbox 319 2716 747 2738">
    <p class='ocr_par' dir='ltr' id='par_1_45' title="bbox 319 2716 747 2738">
     <span class='ocr_line' id='line_1_79' title="bbox 319 2716 747 2738; baseline 0.007 -3"><span class='ocrx_word' id='word_1_591' title='bbox 319 2716 468 2736; x_wconf 63' lang='grc' dir='ltr'>ΜΕΙΑΝΤΗ.</span> <span class='ocrx_word' id='word_1_592' title='bbox 483 2717 567 2738; x_wconf 72' lang='grc' dir='ltr'><strong>ΟΡΕΒ,</strong></span> <span class='ocrx_word' id='word_1_593' title='bbox 583 2717 647 2736; x_wconf 78' lang='lat' dir='ltr'>VOL.</span> <span class='ocrx_word' id='word_1_594' title='bbox 662 2717 747 2738; x_wconf 79' lang='lat' dir='ltr'>xqu.</span> 
     </span>
    </p>
   </div>
   <div class='ocr_carea' id='block_1_41' title="bbox 1184 1926 1188 2006">
    <p class='ocr_par' dir='ltr' id='par_1_46' title="bbox 1184 1926 1188 2006">
     <span class='ocr_line' id='line_1_80' title="bbox 1184 1926 1188 2006; baseline 0 0"><span class='ocrx_word' id='word_1_595' title='bbox 1184 1926 1188 2006; x_wconf 95' lang='lat' dir='ltr'> </span> 
     </span>
    </p>
   </div>
   <div class='ocr_carea' id='block_1_42' title="bbox 1211 1949 2205 2211">
    <p class='ocr_par' dir='ltr' id='par_1_47' title="bbox 1211 1949 2205 2211">
     <span class='ocr_line' id='line_1_81' title="bbox 1299 1949 2205 1991; baseline 0.001 -10"><span class='ocrx_word' id='word_1_596' title='bbox 1299 1950 1425 1981; x_wconf 85' lang='lat' dir='ltr'>Postea</span> <span class='ocrx_word' id='word_1_597' title='bbox 1449 1955 1481 1981; x_wconf 85' lang='lat' dir='ltr'>et</span> <span class='ocrx_word' id='word_1_598' title='bbox 1504 1950 1545 1981; x_wconf 91' lang='lat' dir='ltr'>de</span> <span class='ocrx_word' id='word_1_599' title='bbox 1568 1949 1699 1982; x_wconf 81' lang='lat' dir='ltr'>Minore</span> <span class='ocrx_word' id='word_1_600' title='bbox 1723 1951 1836 1981; x_wconf 85' lang='lat' dir='ltr'>dicas:</span> <span class='ocrx_word' id='word_1_601' title='bbox 1855 1950 1954 1982; x_wconf 84' lang='lat' dir='ltr'>Fides</span> <span class='ocrx_word' id='word_1_602' title='bbox 1969 1955 2020 1982; x_wconf 82' lang='lat' dir='ltr'>est</span> <span class='ocrx_word' id='word_1_603' title='bbox 2033 1960 2130 1991; x_wconf 86' lang='lat' dir='ltr'>opus,</span> <span class='ocrx_word' id='word_1_604' title='bbox 2144 1950 2205 1982; x_wconf 86' lang='lat' dir='ltr'>scd</span> 
     </span>
     <span class='ocr_line' id='line_1_82' title="bbox 1212 1994 2204 2037; baseline 0 -12"><span class='ocrx_word' id='word_1_605' title='bbox 1212 2004 1280 2025; x_wconf 89' lang='lat' dir='ltr'>nou</span> <span class='ocrx_word' id='word_1_606' title='bbox 1315 2004 1431 2025; x_wconf 86' lang='lat' dir='ltr'>sumus</span> <span class='ocrx_word' id='word_1_607' title='bbox 1467 1995 1544 2026; x_wconf 82' lang='lat' dir='ltr'>iusti</span> <span class='ocrx_word' id='word_1_608' title='bbox 1570 2001 1707 2037; x_wconf 90' lang='lat' dir='ltr'>propter</span> <span class='ocrx_word' id='word_1_609' title='bbox 1735 1995 1839 2036; x_wconf 79' lang='lat' dir='ltr'>ipsius</span> <span class='ocrx_word' id='word_1_610' title='bbox 1864 1994 1974 2036; x_wconf 90' lang='lat' dir='ltr'>operis</span> <span class='ocrx_word' id='word_1_611' title='bbox 1999 1995 2204 2036; x_wconf 83' lang='lat' dir='ltr'>dignitatem,</span> 
     </span>
     <span class='ocr_line' id='line_1_83' title="bbox 1212 2037 2203 2080; baseline 0 -12"><span class='ocrx_word' id='word_1_612' title='bbox 1212 2038 1272 2069; x_wconf 80' lang='lat' dir='ltr'>scd</span> <span class='ocrx_word' id='word_1_613' title='bbox 1297 2039 1373 2080; x_wconf 87' lang='lat' dir='ltr'>quia</span> <span class='ocrx_word' id='word_1_614' title='bbox 1396 2037 1614 2080; x_wconf 84' lang='lat' dir='ltr'>apprehendit</span> <span class='ocrx_word' id='word_1_615' title='bbox 1637 2039 1900 2069; x_wconf 80' lang='lat' dir='ltr'>misericordiam</span> <span class='ocrx_word' id='word_1_616' title='bbox 1924 2044 2062 2079; x_wconf 83' lang='lat' dir='ltr'>propter</span> <span class='ocrx_word' id='word_1_617' title='bbox 2084 2037 2203 2069; x_wconf 79' lang='lat' dir='ltr'>Filium</span> 
     </span>
     <span class='ocr_line' id='line_1_84' title="bbox 1211 2081 2204 2124; baseline 0.001 -12"><span class='ocrx_word' id='word_1_618' title='bbox 1211 2083 1419 2123; x_wconf 79' lang='lat' dir='ltr'>promissam</span> <span class='ocrx_word' id='word_1_619' title='bbox 1447 2081 1512 2113; x_wconf 88' lang='lat' dir='ltr'>Alii</span> <span class='ocrx_word' id='word_1_620' title='bbox 1536 2083 1753 2124; x_wconf 86' lang='lat' dir='ltr'>respondent,</span> <span class='ocrx_word' id='word_1_621' title='bbox 1775 2082 1889 2113; x_wconf 88' lang='lat' dir='ltr'>Fidem</span> <span class='ocrx_word' id='word_1_622' title='bbox 1914 2092 1981 2113; x_wconf 87' lang='lat' dir='ltr'>non</span> <span class='ocrx_word' id='word_1_623' title='bbox 2006 2092 2082 2113; x_wconf 85' lang='lat' dir='ltr'>esse</span> <span class='ocrx_word' id='word_1_624' title='bbox 2107 2093 2204 2123; x_wconf 90' lang='lat' dir='ltr'>opus,</span> 
     </span>
     <span class='ocr_line' id='line_1_85' title="bbox 1212 2124 2202 2167; baseline 0.001 -11"><span class='ocrx_word' id='word_1_625' title='bbox 1212 2126 1290 2167; x_wconf 75' lang='lat' dir='ltr'>quia</span> <span class='ocrx_word' id='word_1_626' title='bbox 1324 2127 1365 2157; x_wconf 87' lang='lat' dir='ltr'>sit</span> <span class='ocrx_word' id='word_1_627' title='bbox 1402 2127 1523 2158; x_wconf 85' lang='lat' dir='ltr'>donum</span> <span class='ocrx_word' id='word_1_628' title='bbox 1548 2126 1620 2158; x_wconf 88' lang='lat' dir='ltr'>Dei.</span> <span class='ocrx_word' id='word_1_629' title='bbox 1668 2126 1759 2157; x_wconf 79' lang='lat' dir='ltr'>llaec</span> <span class='ocrx_word' id='word_1_630' title='bbox 1793 2127 1969 2167; x_wconf 71' lang='lat' dir='ltr'>responsio</span> <span class='ocrx_word' id='word_1_631' title='bbox 2005 2132 2057 2157; x_wconf 86' lang='lat' dir='ltr'>est</span> <span class='ocrx_word' id='word_1_632' title='bbox 2080 2124 2202 2165; x_wconf 84' lang='lat' dir='ltr'>aliena,</span> 
     </span>
     <span class='ocr_line' id='line_1_86' title="bbox 1212 2170 2201 2211; baseline 0 -12"><span class='ocrx_word' id='word_1_633' title='bbox 1212 2170 1301 2211; x_wconf 85' lang='lat' dir='ltr'>quia,</span> <span class='ocrx_word' id='word_1_634' title='bbox 1338 2180 1411 2200; x_wconf 86' lang='lat' dir='ltr'>cum</span> <span class='ocrx_word' id='word_1_635' title='bbox 1443 2170 1576 2201; x_wconf 80' lang='lat' dir='ltr'>dicitur:</span> <span class='ocrx_word' id='word_1_636' title='bbox 1618 2170 1694 2201; x_wconf 80' lang='lat' dir='ltr'>Non</span> <span class='ocrx_word' id='word_1_637' title='bbox 1724 2180 1840 2202; x_wconf 85' lang='lat' dir='ltr'>sumus</span> <span class='ocrx_word' id='word_1_638' title='bbox 1864 2171 1941 2201; x_wconf 85' lang='lat' dir='ltr'>iusti</span> <span class='ocrx_word' id='word_1_639' title='bbox 1965 2181 2006 2201; x_wconf 82' lang='lat' dir='ltr'>ex</span> <span class='ocrx_word' id='word_1_640' title='bbox 2030 2170 2201 2211; x_wconf 82' lang='lat' dir='ltr'>operibus,</span> 
     </span>
    </p>
   </div>
   <div class='ocr_carea' id='block_1_43' title="bbox 1183 2212 2201 2256">
    <p class='ocr_par' dir='ltr' id='par_1_48' title="bbox 1183 2212 2201 2256">
     <span class='ocr_line' id='line_1_87' title="bbox 1183 2212 2201 2256; baseline 0.003 -14"><span class='ocrx_word' id='word_1_641' title='bbox 1183 2221 1188 2241; x_wconf 79' lang='grc' dir='ltr'><em>ι</em></span> <span class='ocrx_word' id='word_1_642' title='bbox 1211 2214 1309 2244; x_wconf 82' lang='lat' dir='ltr'>etiam</span> <span class='ocrx_word' id='word_1_643' title='bbox 1335 2212 1412 2244; x_wconf 83' lang='lat' dir='ltr'>illae</span> <span class='ocrx_word' id='word_1_644' title='bbox 1435 2214 1574 2245; x_wconf 60' lang='lat' dir='ltr'>virtutes</span> <span class='ocrx_word' id='word_1_645' title='bbox 1593 2213 1834 2256; x_wconf 77' lang='lat' dir='ltr'>intelliguntur,</span> <span class='ocrx_word' id='word_1_646' title='bbox 1858 2213 2017 2253; x_wconf 87' lang='lat' dir='ltr'>Dilectio,</span> <span class='ocrx_word' id='word_1_647' title='bbox 2041 2214 2201 2254; x_wconf 69' lang='lat' dir='ltr'>castitas,</span> 
     </span>
    </p>
   </div>
   <div class='ocr_carea' id='block_1_44' title="bbox 1210 2255 2135 2300">
    <p class='ocr_par' dir='ltr' id='par_1_49' title="bbox 1210 2255 2135 2300">
     <span class='ocr_line' id='line_1_88' title="bbox 1210 2255 2135 2300; baseline 0.001 -12"><span class='ocrx_word' id='word_1_648' title='bbox 1210 2255 1385 2296; x_wconf 88' lang='lat' dir='ltr'>Patientia,</span> <span class='ocrx_word' id='word_1_649' title='bbox 1409 2268 1496 2300; x_wconf 86' lang='lat' dir='ltr'>quae</span> <span class='ocrx_word' id='word_1_650' title='bbox 1518 2264 1596 2289; x_wconf 88' lang='lat' dir='ltr'>sunt</span> <span class='ocrx_word' id='word_1_651' title='bbox 1618 2269 1784 2290; x_wconf 83' lang='lat' dir='ltr'>accensae</span> <span class='ocrx_word' id='word_1_652' title='bbox 1807 2269 1828 2290; x_wconf 84' lang='lat' dir='ltr'>a</span> <span class='ocrx_word' id='word_1_653' title='bbox 1851 2258 1977 2300; x_wconf 82' lang='lat' dir='ltr'>Spiritu</span> <span class='ocrx_word' id='word_1_654' title='bbox 2002 2264 2135 2290; x_wconf 81' lang='lat' dir='ltr'>saneto.</span> 
     </span>
    </p>
   </div>
   <div class='ocr_carea' id='block_1_45' title="bbox 1267 2512 2024 2736">
    <p class='ocr_par' dir='ltr' id='par_1_50' title="bbox 1267 2512 2024 2736">
     <span class='ocr_line' id='line_1_89' title="bbox 1267 2512 1616 2564; baseline -0.003 -11"><span class='ocrx_word' id='word_1_655' title='bbox 1267 2512 1383 2553; x_wconf 88' lang='lat' dir='ltr'>Deus</span> <span class='ocrx_word' id='word_1_656' title='bbox 1414 2512 1616 2564; x_wconf 69' lang='lat' dir='ltr'>iustificat,</span> 
     </span>
     <span class='ocr_line' id='line_1_90' title="bbox 1268 2573 1685 2625; baseline -0.005 -10"><span class='ocrx_word' id='word_1_657' title='bbox 1268 2574 1383 2615; x_wconf 82' lang='lat' dir='ltr'>Deus</span> <span class='ocrx_word' id='word_1_658' title='bbox 1416 2580 1478 2614; x_wconf 76' lang='lat' dir='ltr'>est,</span> <span class='ocrx_word' id='word_1_659' title='bbox 1510 2573 1685 2625; x_wconf 81' lang='lat' dir='ltr'>dilectio,</span> 
     </span>
     <span class='ocr_line' id='line_1_91' title="bbox 1268 2635 1803 2691; baseline -0.002 -14"><span class='ocrx_word' id='word_1_660' title='bbox 1268 2635 1377 2691; x_wconf 82' lang='lat' dir='ltr'>Ergo</span> <span class='ocrx_word' id='word_1_661' title='bbox 1410 2635 1572 2676; x_wconf 70' lang='lat' dir='ltr'>dilectio</span> <span class='ocrx_word' id='word_1_662' title='bbox 1603 2635 1803 2676; x_wconf 75' lang='lat' dir='ltr'>iustificat.</span> 
     </span>
     <span class='ocr_line' id='line_1_92' title="bbox 1992 2712 2024 2736; baseline -0.031 0"><span class='ocrx_word' id='word_1_663' title='bbox 1992 2712 2024 2736; x_wconf 76' lang='grc' dir='ltr'>ει</span> 
     </span>
    </p>
   </div>
  </div>
 </body>
</html>
