2383 2990
172 141 235 172 247
798 138 910 170 PHIL.
933 137 1037 169 MEL.
1062 137 1251 174 SCRIPTA
1272 139 1552 173 DOGMATIGA.
2132 143 2197 176 248

172 234 300 276 sophia,
334 245 421 276 quae
455 239 580 264 tantum
603 234 636 264 in
659 232 794 263 materia
810 233 1016 275 propinquas
1036 243 1158 264 causas
1180 240 1185 266 1
1209 236 1409 277 adprobare,
1433 245 1498 267 nec
1520 233 1689 276 impellere
1712 234 1901 268 voluntates
1921 236 1965 268 ad
1977 238 2195 278 peccandum,

173 279 373 315 considerat,
404 277 481 308 dicit
503 277 681 308 humanum
710 285 832 317 corpus
856 276 980 307 morbis
1005 281 1038 307 et
1060 277 1157 308 morti

172 322 350 353 obnoxium
375 330 468 358 esse,
503 320 576 361 quia
601 318 774 350 Elementa
798 325 829 350 et
853 324 928 350 nata
952 329 994 350 ex
1018 320 1065 350 eis
1089 331 1158 351 mu·

173 363 283 395 tabilia
308 364 391 400 sint,
415 368 447 393 et
470 362 616 393 habeant
638 361 815 403 qualitates
839 363 924 393 inter
948 372 985 393 se
1009 373 1158 404 pugnan-

172 414 232 445 tes,
252 417 337 448 quae
361 405 505 437 efficiunt
528 415 706 446 corporum
729 406 948 443 mutationes,
967 411 1003 437 ut
1026 407 1102 447 quia
1124 406 1157 436 in

172 461 257 492 equo
276 448 466 480 alimentum
489 459 555 479 non
576 448 677 479 sarcit
694 449 727 479 in
752 447 885 479 humido
904 448 1043 480 radicali
1056 459 1157 490 quan-

173 501 238 524 tum
257 494 444 523 absumtum
467 498 535 530 est,
570 491 729 532 paulatim
755 490 850 522 calor
873 492 1003 523 nativus
1028 492 1064 523 fit
1087 491 1156 522 lan-

118 542 127 550 *
170 536 310 578 guidior,
330 541 360 566 et
382 541 543 576 superant
566 540 705 566 externa
727 535 903 565 humiditas
927 541 959 566 et
978 534 1155 577 frigiditaS,

171 579 316 619 extingui
341 576 461 609 animal
483 588 626 609 11666556
649 584 710 616 est,
735 588 809 609 cum
833 588 899 609 non
922 576 1078 610 foveatur
1094 589 1156 610 suo

171 620 283 653 calore
314 628 345 652 61
378 620 525 652 hutnore.
571 621 663 652 Haec
692 622 777 653 sicut
801 622 832 652 in
857 622 1042 662 pecudibus
1067 628 1099 653 et
1124 623 1156 653 in

169 663 290 707 plantis
316 664 408 702 fiunt,
431 665 476 695 ita
499 665 541 696 ad
560 664 723 696 hominem
737 664 952 702 transferunt,
970 675 1033 696 nec
1045 665 1156 696 sciunt

169 709 312 750 priorem
335 718 483 745 causam,
508 719 568 739 cur
590 707 688 739 homo
709 706 806 739 simili
825 708 1007 747 mutationi,
1041 714 1077 740 ut
1099 718 1156 749 pe-

170 751 283 789 cudes,
310 752 479 782 subiectus
492 752 545 790 sit,
570 761 666 793 quem
689 750 839 782 adfirmat
858 751 953 782 Deus
976 751 1019 782 ita
1045 751 1156 782 condi-

171 803 237 826 tum
262 805 349 832 esse,
374 801 408 825 ut
433 801 519 825 esset
547 795 656 836 imago
679 794 743 826 Dei
767 800 927 835 perpetuo
953 795 1087 832 vivens,
1124 800 1172 825 et-

170 848 242 869 eum
268 836 456 868 celebrans.

256 924 444 955 Omittenda
468 931 518 954 est
545 924 643 966 igitur
668 923 901 964 Philosophia,
931 930 962 954 et
986 934 1027 954 ex
1051 924 1155 954 verbo

171 967 233 999 Dei
269 967 459 1008 quaerenda
482 968 615 998 veritas.
662 967 745 997 Post
763 965 986 1008 Philosophus
1021 972 1157 1007 porten-

171 1019 243 1042 tosa
268 1009 383 1041 deliria
407 1010 569 1041 finxerunt
582 1009 781 1047 Manichaei,
805 1020 891 1051 quae
914 1020 979 1041 non
995 1009 1156 1041 recitabo.

171 1054 252 1084 Nam
278 1053 408 1095 cognita
437 1054 574 1084 veritate
596 1052 703 1085 facilis
730 1059 779 1083 651
794 1052 946 1084 refutatio
961 1053 1154 1094 opinionum

170 1098 419 1128 contrariarum.

257 1173 419 1204 Adfirmat
445 1180 553 1205 autem
577 1173 727 1204 doctrina
747 1172 923 1211 coelestis,
955 1174 1075 1204 tradita
1097 1184 1158 1214 per

173 1218 368 1258 ProphetaS,
392 1215 507 1248 Filium
531 1215 606 1254 Dei,
629 1221 661 1247 et
682 1214 884 1257 Apostolos,
921 1227 1005 1258 quae
1026 1227 1158 1258 semper

171 1262 203 1292 in
237 1258 388 1291 Ecclesia
418 1259 490 1298 fuit,
519 1260 648 1300 peccati
679 1270 815 1290 causam
844 1270 911 1291 non
935 1270 1011 1291 esse
1036 1260 1156 1298 Deum,

171 1305 231 1335 sed
255 1302 459 1335 voluntatem
482 1301 619 1334 Diaboli
642 1308 675 1334 et
697 1302 858 1342 hominis,
895 1304 950 1344 qui
973 1314 1035 1335 sua
1056 1301 1157 1334 liber-

170 1354 236 1379 tate
259 1356 337 1378 sese
360 1357 379 1378 a
401 1345 476 1377 Deo
500 1351 707 1384 averterunt,
744 1352 776 1377 et
804 1347 837 1378 in
860 1345 992 1377 homine
1016 1357 1157 1388 poenam

170 1391 298 1431 peccati
323 1400 400 1421 esse
423 1396 563 1421 mortem
587 1395 619 1420 et
637 1388 721 1421 alias
745 1388 960 1421 calamitates.

379 1476 578 1507 Testimonia
602 1476 667 1506 sint
690 1476 722 1506 in
745 1481 909 1517 promptu,

256 1535 379 1568 Psalm.
399 1535 429 1567 ὃ.
465 1536 540 1568 Non
563 1535 657 1567 Deus
682 1534 799 1567 volens
823 1536 1027 1577 iniquitatem
1049 1542 1084 1568 tu
1108 1545 1156 1567 es.

257 1597 371 1629 1011611.
402 1597 434 1629 8.
469 1596 610 1632 Quando
635 1596 841 1627 mendacium
864 1595 1010 1638 loquitur
1032 1595 1158 1628 Diabo-

171 1640 236 1679 1115,
251 1644 300 1672 'ex
322 1640 468 1682 propriis
491 1639 649 1682 loquitur,
675 1640 751 1681 quia
773 1640 915 1671 mendax
935 1645 998 1677 est,
1018 1645 1050 1671 et
1061 1646 1157 1681 pater

170 1684 343 1716 mendacii.

379 1744 394 1751 -a

257 1744 352 1776 Rom.
377 1755 407 1775 a.
455 1744 520 1775 Per
553 1743 719 1775 hominem
754 1744 887 1775 intravit
921 1748 1095 1784 peccatum
1125 1744 1156 1774 in

172 1787 346 1825 mundum,
382 1788 415 1818 id
438 1793 507 1829 est,
538 1792 713 1828 peccatum
735 1797 803 1818 non
826 1792 878 1817 est
900 1796 956 1818 res
981 1786 1115 1818 condita
1137 1797 1158 1818 a

171 1831 258 1869 Deo,
282 1830 344 1862 sed
365 1829 465 1862 homo
489 1840 549 1861 sua
572 1829 727 1861 libertate
749 1840 787 1861 se
809 1840 830 1861 a
852 1829 927 1861 Deo
951 1830 1090 1867 avertit,
1125 1835 1158 1861 et

173 1874 321 1906 excussit
356 1874 443 1905 dona
465 1873 547 1912 Dei,
581 1879 614 1904 et
646 1871 735 1904 illam
769 1883 864 1905 suam
898 1873 1157 1905 destructionem

172 1918 369 1960 propagavit
391 1918 423 1948 in
440 1917 680 1958 posteritatem.

258 1977 320 2010 Hic
343 1983 453 2009 autem
473 1977 648 2009 dicendum
671 1977 768 2008 etiam
791 1982 875 2015 erat,
906 1977 983 2018 quid
1017 1977 1060 2008 sit
1082 1987 1158 2019 pec·

173 2029 300 2060 catum,
331 2021 399 2053 Sed
433 2021 466 2052 id
500 2030 563 2053 suo
593 2019 671 2053 loco
695 2020 833 2052 dicetur.
879 2020 977 2052 Nunc
1000 2021 1082 2052 satis
1106 2025 1158 2051 est

173 2065 271 2103 scire,
304 2070 475 2106 peccatum
511 2064 648 2106 originis
679 2073 756 2095 esse
790 2064 999 2095 aversionem
1028 2074 1048 2094 a
1070 2063 1158 2102 Deo,

173 2118 257 2149 quae
281 2113 397 2140 secuta
421 2113 472 2139 est
495 2106 624 2149 lapsum
636 2106 742 2138 Adae.
788 2106 969 2148 Postquam
991 2107 1078 2138 enim
1100 2117 1158 2138 na-

173 2157 246 2182 tura
268 2152 377 2182 amisit
399 2150 507 2182 lucem
530 2156 564 2182 et
585 2150 824 2188 rectitudinem,
842 2151 970 2192 quaein
986 2150 1154 2181 creatione

173 2192 280 2225 fuerat
310 2194 408 2225 insita
431 2193 573 2232 homini,
607 2195 671 2225 iam
694 2194 727 2225 in
751 2199 860 2225 mente
882 2193 1024 2225 hominis
1048 2192 1158 2235 caligo

174 2243 242 2275 est,
267 2243 299 2269 61
322 2238 354 2268 10
377 2237 548 2269 voluntate
571 2238 703 2268 aversio
724 2248 743 2268 a
765 2236 856 2271 Deo,
892 2243 923 2268 et
949 2238 1157 2269 contumacia

174 2282 205 2311 in
241 2281 352 2318 corde,
389 2290 474 2322 quae
507 2279 594 2311 mala
623 2281 803 2321 impediunt
825 2279 987 2318 homines,
1011 2290 1052 2311 ne
1076 2281 1158 2311 inte-

175 2334 266 2365 gram
303 2324 523 2355 obedientiam
548 2323 630 2364 Legi
654 2323 717 2354 Dei
746 2323 829 2355 haec
860 2329 1018 2365 corrupta
1041 2330 1160 2354 natura

174 2373 347 2408 praestare
380 2368 496 2409 possit.
543 2367 610 2399 Sed
645 2365 775 2398 actuale
800 2373 974 2408 peccatum
999 2373 1049 2398 est
1073 2367 1158 2397 actio

176 2415 292 2441 contra
315 2409 440 2453 Legem
463 2410 536 2442 Dei.
583 2410 674 2442 Haec
705 2420 766 2442 5110
800 2410 877 2442 1060
913 2410 1080 2452 copiosius
1104 2411 1159 2442 de-

178 2450 398 2485 clarabuntur.

263 2520 345 2552 Cum
378 2530 487 2554 autem
518 2523 653 2561 dicitur,
689 2522 798 2554 Deum
821 2533 887 2554 non
912 2533 990 2554 esse
1025 2532 1159 2553 causam

176 2564 315 2605 peccati,
338 2565 370 2596 id
394 2566 442 2596 sic
465 2565 687 2608 intelligatur,
722 2576 785 2597 nec
809 2577 877 2597 rem
901 2576 920 2597 a
943 2565 1017 2596 Deo
1048 2566 1160 2597 condi-

178 2613 242 2638 tam
266 2616 342 2638 esse
364 2615 549 2649 peccatum,
573 2619 634 2641 nec
648 2609 756 2641 Deum
779 2608 867 2641 velle
889 2615 1074 2650 peccatum,
1098 2619 1161 2640 nec

1210 280 1270 310 sed
1292 277 1496 310 horribiliter
1518 279 1617 310 irasci
1641 286 1794 320 peccato,
1817 285 1854 311 ut
1872 280 1905 310 in
1918 279 2011 321 Lege
2030 286 2064 314 et
2076 281 2196 312 tristis·

1210 323 1302 353 simis
1332 323 1448 362 poenis
1472 322 1635 359 ostendit,
1661 323 1726 353 imo
1749 323 1818 354 irae
1841 324 2034 365 magnitudo
2056 324 2196 355 maxime

1210 366 1414 407 conspicitur
1438 366 1470 396 in
1492 366 1558 397 1106
1581 365 1782 404 16511010010,
1806 367 1895 408 quod
1912 365 2038 407 placari
2058 377 2124 398 non
2138 377 2195 398 vo-

1208 406 1279 448 luit,
1302 409 1365 439 nisi
1387 407 1490 440 Filius
1509 408 1603 441 fieret
1626 409 1767 441 victima.

1294 468 1366 500 Nec
1390 468 1480 500 valet
1503 468 1631 499 insulsa
1646 467 1813 500 cavillatio
1829 470 2036 511 quorundam
2048 475 2197 502 veterum

1208 517 1241 542 et
1273 512 1473 550 recentium,
1509 513 1564 553 qui
1595 512 1785 543 excusaturi
1808 513 2047 544 absurditatem
2071 513 2195 552 dicunt,

1209 555 1336 586 etiamsi
1358 555 1453 586 Deus
1477 555 1555 586 velit
1577 562 1762 596 peccatum,
1797 561 1907 587 tamen
1932 566 2007 587 eum
2029 565 2096 587 non
2119 566 2196 597 pec-

1209 608 1304 635 care,
1339 599 1417 640 quia
1438 599 1501 639 ipsi
1526 609 1594 629 non
1617 599 1660 629 sit
1682 598 1753 629 Lex
1776 599 1898 640 posita.
1943 598 2036 630 Haec
2060 605 2112 630 est
2134 599 2196 641 Sy-

1209 640 1387 682 cophantia
1411 642 1610 672 execranda.
1646 642 1755 684 Pingit
1779 643 1865 672 601111
1888 641 1997 673 Deum
2019 640 2110 673 velut
2131 642 2196 684 Ty-

1208 695 1359 723 rannum,
1384 684 1551 716 volentem
1575 686 1664 716 bona
1687 692 1719 716 et
1742 683 1831 716 mala
1853 685 1927 716 sine
1951 684 2079 727 regula.

1296 761 1422 793 Contra
1440 763 1525 793 enim
1549 763 1757 795 sentiendum
1777 768 1839 801 est,
1864 762 1970 794 Deum
1994 773 2074 794 vere
2097 761 2195 794 talem

1209 815 1297 844 6556,
1320 804 1452 846 qualem
1476 815 1514 836 se
1538 816 1614 837 esse
1639 806 1781 837 ostendit
1805 807 1838 837 111
1850 806 1955 848 Lege,
1980 812 2012 837 et
2032 805 2117 837 haec
2127 805 2195 837 De-

1208 859 1262 879 um
1292 859 1372 879 vere
1395 847 1501 887 velle,
1536 860 1623 890 quae
1646 851 1678 881 in
1703 850 1795 891 Lege
1819 850 1994 891 adprobat.
2040 849 2113 880 Nec
2135 848 2195 880 fin-

1209 892 1338 965 gepdae
1361 897 1437 923 sunt
1464 892 1497 923 in
1520 891 1595 924 Deo
1625 893 1904 925 contradictoriae
1928 899 1984 924 aut
2008 893 2195 924 contrariae

1208 945 1251 965 vo
1268 940 1409 966 01116165.

1298 995 1340 1026 Ut
1362 996 1462 1037 igitur
1484 995 1548 1027 hae
1570 996 1818 1037 propositiones
1837 1007 1948 1034 verae,
1972 996 2196 1034 necessariae,

1210 1044 1368 1070 aeternae
1391 1045 1424 1069 et
1446 1039 1600 1071 immotae
1623 1046 1712 1078 sunt,
1736 1039 1830 1071 Deus
1856 1046 1926 1078 est,
1950 1038 2045 1071 Deus
2068 1045 2121 1070 est
2144 1048 2196 1070 sa-

1210 1082 1316 1123 piens,
1330 1082 1423 1113 Deus
1447 1088 1498 1113 est
1521 1089 1647 1121 castus,
1670 1083 1715 1113 ita
1737 1082 1822 1114 haec
1846 1089 2005 1123 perpetua
2029 1088 2062 1114 et
2084 1083 2196 1113 immo-

1210 1131 1244 1156 ta
1267 1131 1330 1163 est,
1352 1125 1447 1156 Deus
1471 1125 1624 1157 irascitur
1646 1125 1837 1157 libidinibus
1851 1126 2005 1157 Neronis.
2050 1127 2116 1157 Imo
2141 1135 2196 1157 ex-

1210 1169 1375 1199 ecrandus
1398 1168 1494 1200 iuror
1513 1175 1564 1200 est
1587 1170 1788 1200 contrarium
1812 1170 1933 1201 dicere.

1297 1237 1371 1269 Etsi
1399 1244 1508 1269 autem
1537 1239 1571 1269 in
1594 1239 1689 1281 Lege
1718 1237 1930 1281 promulgata
1958 1247 2042 1270 voce
2064 1237 2141 1276 Dei,
2165 1245 2196 1269 et

1209 1287 1258 1312 ‘tot
1281 1282 1513 1321 concionibus,
1537 1283 1569 1313 in
1593 1283 1713 1324 quibus
1732 1282 1890 1313 iudicium
1912 1287 1944 1313 et
1962 1281 2012 1312 ira
2036 1281 2196 1313 describi-

1210 1329 1263 1355 tur
1286 1325 1450 1356 adversus
1473 1332 1659 1366 peccatum,
1684 1325 1808 1357 clarius
1825 1325 2030 1366 conspicitur
2040 1323 2197 1356 voluntas

1209 1367 1285 1406 Dei,
1308 1378 1407 1409 quam
1430 1369 1463 1399 111
1486 1369 1640 1409 imagine,
1664 1379 1763 1410 quam
1786 1367 1964 1400 transfudit
1990 1368 2023 1399 in
2046 1373 2199 1399 naturam

1210 1411 1371 1449 hominis,
1405 1417 1515 1443 tamen
1539 1419 1572 1443 et
1594 1412 1688 1453 ipsae
1711 1412 1845 1442 notitiae
1868 1409 2038 1442 naturales
2063 1416 2094 1441 et
2115 1411 2198 1442 iudi·

1212 1455 1297 1485 cium
1320 1455 1545 1486 conscientiae
1569 1455 1601 1485 in
1623 1455 1755 1486 homine
1778 1460 1960 1492 testantur,
1992 1452 2102 1485 Deum
2135 1461 2197 1485 1166

1210 1496 1300 1528 velle
1324 1507 1387 1528 nec
1410 1499 1598 1539 adprobare
1620 1504 1769 1539 peccata.

1298 1566 1396 1601 Quod
1430 1577 1510 1598 vero
1534 1566 1677 1598 Ebraica
1710 1566 1827 1607 phrasi
1849 1565 1984 1597 dicitur:
2031 1564 2197 1597 Indurabo

1211 1618 1270 1640 cor
1288 1608 1487 1648 Pharaonis,
1510 1615 1541 1641 et
1564 1609 1683 1641 similia
1707 1610 1795 1641 dicta
1806 1607 1909 1640 multa
1922 1614 2115 1647 occurrunt,
2127 1618 2198 1640 cer-

1209 1659 1278 1683 tum
1302 1658 1354 1683 est
1378 1653 1621 1684 consuetudine
1644 1653 1809 1684 sermonis
1831 1652 1982 1690 Ebraici,
2013 1650 2071 1683 illa
2094 1652 2199 1683 verba

1210 1696 1402 1738 significare
1436 1697 1706 1738 permissionem,
1742 1702 1774 1727 et
1802 1706 1870 1727 non
1900 1695 2124 1734 effectionem,
2147 1700 2197 1727 ut:

1210 1739 1260 1770 Ne
1283 1750 1346 1771 nos
1370 1740 1510 1771 inducas
1533 1741 1567 1771 in
1591 1740 1818 1778 tentationem,
1843 1739 1876 1770 id
1900 1744 2018 1778 est,ne
2032 1738 2124 1770 sinas
2136 1748 2199 1770 nos

1212 1784 1351 1824 opprimi
1374 1784 1564 1815 tentatione.
1610 1782 1721 1815 Nolite
1745 1793 1822 1815 esse
1846 1781 1991 1818 solliciti,
2013 1782 2046 1813 id
2070 1787 2134 1820 est,
2157 1791 2199 1814 ne

1211 1826 1436 1858 sollicitudine
1470 1825 1568 1859 fracti
1602 1827 1801 1868 desperetis-
1862 1825 1905 1857 Et
1940 1826 2064 1867 ubique
2099 1825 2198 1856 obvia

1211 1875 1288 1900 sunt
1312 1868 1465 1911 exempla
1489 1870 1586 1902 huius
1606 1870 1752 1911 phrasis,
1778 1880 1863 1912 quae
1886 1868 2060 1901 manifeste
2090 1873 2198 1899 osten—

1212 1914 1303 1951 dunt,
1326 1913 1414 1944 hanc
1436 1914 1633 1945 sententiam
1657 1923 1735 1945 esse
1754 1913 1944 1950 verborum,
1968 1922 2066 1953 quam
2083 1921 2199 1943 recen·

1211 1957 1273 1995 sui,
1299 1958 1390 1998 quod
1413 1967 1453 1988 eo
1477 1958 1723 1989 observandum
1747 1961 1799 1987 est
1818 1955 2022 1997 diligentius,
2046 1955 2123 1996 quia
2145 1965 2198 1987 ru-

1211 2000 1323 2031 diores
1356 2000 1420 2031 hac
1455 2001 1694 2035 consuetudine
1726 2009 1793 2030 non
1816 1999 2067 2036 animadversa,
2101 1999 2199 2029 etiam

1212 2042 1290 2074 olim
1312 2043 1490 2086 Augustini
1512 2050 1661 2085 tempore
1684 2048 1717 2074 et
1740 2047 1847 2080 antea,
1871 2042 2001 2083 decepti
2023 2047 2110 2073 suut.

1298 2103 1478 2146 Postquam
1511 2109 1620 2135 autem
1644 2109 1769 2135 certum
1793 2109 1863 2141 est,
1896 2101 2006 2134 Deum
2029 2112 2097 2134 non
2121 2111 2198 2134 esse

1212 2157 1349 2179 causam
1371 2148 1511 2189 peccati,
1536 2157 1599 2178 nec
1622 2145 1709 2179 velle
1733 2157 1796 2178 nec
1808 2146 1997 2186 adprobare
2008 2151 2196 2187 peccatum,

1211 2191 1361 2233 sequitur
1395 2191 1643 2222 concedendam
1667 2200 1744 2221 esse
1768 2190 2045 2232 contingentiam,
2078 2189 2111 2220 id
2134 2194 2198 2227 est,

1212 2245 1279 2265 non
1313 2235 1422 2266 onmia
1450 2235 1644 2265 necessario
1669 2234 1750 2265 tieri.
1796 2233 1849 2264 Ac
1867 2239 1902 2265 ut
1924 2231 2128 2264 vocabulum
2149 2232 2197 2263 in-

1212 2277 1398 2320 telligatur,
1434 2278 1552 2309 addam
1584 2278 1703 2309 bre-ves
1734 2277 1993 2318 descriptiones,
2029 2282 2061 2308 et
2084 2285 2197 2307 earum

1213 2320 1374 2363 exempla.

1298 2390 1493 2422 Necessitas
1516 2388 1673 2420 absoluta
1696 2395 1853 2427 vocatur,
1879 2399 1953 2421 cum
1976 2389 2197 2420 contradicto-

1183 2434 1189 2479 }
1213 2435 1261 2466 ria
1293 2433 1478 2475 propositio
1497 2443 1637 2474 prorsus
1662 2443 1723 2463 sna
1754 2437 1871 2464 natura
1894 2430 2108 2473 impossibilis
2133 2436 2196 2462 est.

1212 2478 1264 2509 Ac
1286 2478 1319 2508 in
1340 2477 1489 2508 doctrina
1512 2475 1685 2507 Ecclesiae
1708 2476 1770 2507 hae
1790 2476 2037 2517 propositiones
2062 2475 2103 2506 de
2121 2473 2196 2506 Deo

1213 2520 1367 2552 absolute
1390 2520 1603 2551 necessariae
1627 2526 1718 2551 sunt:
1752 2519 1846 2551 Deus
1871 2525 1934 2557 est,
1956 2517 2061 2550 Deus·
2076 2523 2130 2549 est
2151 2518 2197 2549 in—

1213 2563 1388 2606 telligenS,
1412 2565 1640 2604 omnipotens,
1662 2569 1833 2600 aeternus,
1858 2572 1979 2599 verax,
2002 2562 2127 2600 1100115,
2150 2562 2196 2593 iu-

1214 2613 1303 2646 stus,
1340 2613 1472 2645 castuS‚
1507 2612 1539 2637 et
1563 2605 1704 2645 similes,
1728 2607 1760 2638 in
1784 2606 1903 2647 quibus
1928 2605 1969 2637 de
1993 2605 2141 2636 essentia
2164 2610 2197 2636 et
