2383 2990
156 152 219 183 201

800 151 857 183 lv.
880 149 1141 182 ENARRATIO
1165 150 1367 183 SYMBOLI
1390 150 1552 183 NICENI.

2126 150 2190 182 202

158 247 255 280 bilem
279 248 451 279 audaciam
475 257 562 285 esse,
587 253 619 279 et
631 246 845 279 Diabolicum
868 245 1026 285 furorem,
1051 245 1147 278 aliter
1170 244 1176 291 ζ
1201 257 1265 288 que
1288 247 1387 278 modo
1411 248 1623 284 conveniant,
1658 247 1730 278 sive
1749 256 1864 289 reg-um
1887 246 2083 284 autoritate,
2118 247 2190 278 sive

157 292 198 323 de
226 290 290 322 Dei
315 291 461 322 essentia
487 292 629 329 docere,
665 301 762 333 quam
787 292 871 322 sicut
896 301 934 321 se
956 290 1050 321 Deus
1074 291 1146 331 ipse
1170 297 1174 346 ff

156 334 322 377 patefecit.

241 412 292 443 Ex
316 412 382 444 hoc
407 411 559 452 exemplo
585 412 735 453 adparet,
768 412 848 453 quid
873 418 951 453 agat
978 411 1145 453 Synodus,

155 467 220 488 non
246 457 351 498 giguit
374 467 495 487 novum
521 454 721 493 Articulum,
758 461 813 486 aut
839 465 960 486 novam
984 455 1146 495 interpre-

155 544 278 575 tentiae
301 544 441 574 traditae
464 543 497 573 in
521 542 667 583 scriptis,
687 547 719 573 et
744 552 828 573 voce
851 540 1106 582 Apostolorum.

242 630 337 661 Sicut
372 630 456 661 enirn
489 627 642 669 singulos
671 628 841 669 privatim,
877 633 945 659 tum
975 634 1146 670 pastores,

154 680 221 706 tum
246 672 348 710 alios,
380 673 409 703 si
440 673 572 714 quando
598 672 765 703 contraria
790 673 947 714 dogmata
972 672 1146 712 proferun-

155 725 218 756 tur,
243 727 386 748 necesse
410 722 460 746 est
484 726 545 746 sua
571 714 787 746 confessione
811 717 1038 747 testimonium
1063 726 1146 747 suae

153 761 230 793 fidei
255 761 444 798 ostendere,
469 759 523 800 qui
547 770 613 789 non
639 760 777 800 gignunt
802 770 888 790 nova
903 760 1060 801 dogmata
1081 759 1145 790 hac

153 804 402 841 testificatione,
436 803 483 833 lta
508 803 539 833 in
565 803 712 844 Synodis
738 801 829 834 multi
853 814 934 834 suas
959 801 1145 834 confessio-

151 858 213 879 nes
238 847 385 878 recitant.
447 845 523 877 Vult
552 847 638 877 enim
662 846 756 877 Deus
781 857 858 877 esse
882 847 1001 877 iudicia
1025 847 1145 877 doctri-

152 902 215 923 nae
238 891 270 921 in
299 889 471 928 Ecclesia,
505 895 644 931 propter
672 890 734 920 has
761 897 902 931 quatuor
926 891 1143 932 gravissimas

152 945 288 973 causaS,
315 934 571 975 quarumprima
597 939 660 971 est,
686 934 763 975 quia
777 933 845 965 vult
871 934 1006 965 retineri
1032 944 1144 965 veram

152 979 349 1016 doctrinam,
374 983 405 1008 et
429 976 566 1008 refutari
590 976 722 1008 salsam.

1171 447 1174 470 Ι

154 501 327 538 tationem,
359 501 420 531 sed
443 498 564 533 ,testis‘
575 505 625 530 est
650 508 750 529 verae
775 505 805 528 et
832 499 1046 538 incorruptae
1071 509 1146 529 sen-
1168 484 1174 783 ί

239 1064 407 1102 Secunda,
430 1062 503 1094 vult
527 1063 707 1095 collatione
731 1064 896 1094 dictorum
928 1063 1146 1105 prophetico-

150 1119 224 1140 rum
249 1114 278 1140 et
303 1106 578 1149 Apostolicorum
601 1109 723 1139 erudiri
759 1116 789 1138 et
826 1107 1015 1138 confirmari
1046 1108 1146 1138 imbe-

151 1151 311 1190 cilliores,
337 1157 368 1182 et
394 1158 545 1182 errantes
570 1152 601 1181 in
627 1152 714 1182 viam
738 1152 902 1189 revocari,
938 1162 1023 1193 quae
1048 1152 1146 1182 etiam

151 1194 304 1228 facienda
329 1201 405 1226 sunt
430 1195 462 1225 in
487 1195 637 1236 Synodo.

237 1280 361 1319 Tertia,
384 1279 455 1312 vult
479 1292 612 1322 semper
631 1282 662 1312 in
676 1279 827 1312 Ecclesia
849 1287 979 1312 coetum
999 1280 1144 1322 aliquem

151 1334 240 1363 esse,
265 1323 481 1356 confessione
506 1325 671 1356 communi
698 1325 930 1355 testificantem
957 1326 997 1355 de
1022 1326 1143 1355 doctri-

149 1379 204 1407 na,
230 1374 261 1399 et
286 1374 319 1399 ut
335 1369 413 1399 sciri
437 1369 558 1409 possit,
583 1378 669 1409 quae
683 1374 714 1398 et
738 1369 793 1399 ubi
814 1367 1032 1407 sitEcclesia,
1058 1369 1144 1399 sicut

151 1456 224 1486 cisti
248 1456 304 1486 tibi
330 1454 472 1487 laudem.
536 1454 578 1485 Et
601 1461 636 1485 ut
662 1453 878 1486 imbecilliora
908 1456 1054 1486 membra
1079 1454 1142 1486 Ec—

150 1497 274 1531 clesiae
298 1500 423 1540 passim
448 1509 567 1539 sparsa
593 1499 842 1537 confirmentur,
868 1505 897 1529 et
926 1499 1061 1540 cognita
1086 1499 1143 1529 do-

151 1543 290 1574 ctiorum
315 1541 543 1580 consessione,
567 1543 714 1580 audiant,
733 1543 877 1581 discant,
902 1545 1025 1574 rectius
1049 1543 1142 1573 invo-

150 1593 226 1617 cent
250 1585 371 1625 Deum,
405 1593 436 1617 et
461 1597 498 1617 se
522 1586 564 1617 ad
589 1584 679 1617 illum
705 1592 847 1624 coetum,
883 1587 936 1628 qui
973 1596 1054 1618 vere
1091 1592 1141 1617 est

148 1628 315 1668 Ecclesia,
341 1641 401 1662 sua
426 1630 640 1661 confessione
663 1630 857 1671 adiungunt.
917 1630 1019 1672 ldque
1048 1641 1142 1670 prae-

150 1681 280 1715 ceptum
306 1681 368 1705 ‘est
402 1675 571 1705 omnibus:
607 1673 645 1704 Et
671 1679 706 1704 tu
738 1684 943 1711 conversus,
981 1674 1143 1704 confirma

148 1716 272 1749 fratres
298 1724 384 1749 tuos.
429 1717 526 1748 Item:
551 1717 701 1755 Credidi,
733 1723 871 1758 propter
896 1718 985 1758 quod
1008 1716 1142 1748 locutus

148 1772 233 1792 sum.
292 1760 370 1792 Item
398 1761 426 1792 1.
452 1761 523 1792 Pet.
547 1761 579 1792 2.
648 1761 721 1791 Vos
747 1761 826 1791 estis
858 1772 965 1802 genus
986 1759 1141 1799 electum,

147 1803 292 1846 populus
305 1803 497 1846 peculiaris,
521 1811 555 1835 ut
569 1805 708 1835 virtutes
733 1806 897 1835 enarretis
923 1806 983 1842 eis,
1007 1805 1061 1846 qui
1084 1816 1142 1836 vo-

149 1848 236 1880 cavit
260 1858 322 1879 vos
346 1859 386 1879 ex
410 1848 558 1879 tenebris
581 1849 613 1879 in
638 1847 748 1880 lucem
779 1848 1016 1879 admirandam.

151 1412 308 1453 scriptum
334 1418 400 1442 est:
420 1411 469 1442 Ex
495 1422 553 1443 ore
573 1409 743 1442 infantium
770 1418 798 1441 et
820 1410 1010 1442 lactentium
1035 1411 1143 1452 perfe-
1166 1395 1172 1461 Ι

236 1925 283 1957 Ita
308 1924 479 1958 confessio
504 1926 632 1968 Synodi
655 1926 805 1957 Nicenae
829 1926 916 1956 edita
940 1932 1003 1963 est,
1029 1932 1063 1957 ut
1087 1925 1141 1957 alii

147 1968 384 2001 imbecilliores
408 1971 627 2011 eligerentur,
654 1971 708 2011 qui
733 1970 955 2001 consideratis
979 1968 1140 2008 fontibus,

148 2019 181 2044 et
204 2013 303 2045 adiuti
326 2014 446 2045 horum
471 2014 681 2051 testimoniis,
701 2013 821 2044 deinde
839 2013 880 2043 ad
894 2012 981 2044 hanc
1005 2023 1043 2044 se
1062 2024 1141 2045 con-

147 2055 329 2088 fessionem
364 2057 600 2098 adiungebant‚
636 2063 668 2089 et
702 2058 853 2089 sciebant
887 2057 969 2095 iam,
1005 2068 1089 2098 quae
1109 2064 1141 2089 et

147 2100 205 2131 ubi
240 2106 332 2132 esset
355 2112 436 2132 vera
459 2100 524 2132 Dei
547 2100 712 2133 Ecclesia.
780 2100 821 2132 Et
845 2112 933 2132 nune
968 2100 1139 2132 consessio

149 2143 339 2175 docentium
362 2144 395 2175 in
419 2145 545 2176 nostris
569 2144 731 2176 Ecclesiis
751 2145 986 2180 consentiens,
1010 2150 1062 2176 est
1085 2155 1140 2176 ve-

148 2185 198 2217 lut
211 2197 278 2218 vox
301 2186 441 2229 Synodi,
460 2189 493 2219 in
517 2199 583 2230 qua
606 2189 805 2219 testimoniis
818 2189 1004 2230 perspicuis
1029 2194 1060 2219 et
1074 2189 1141 2220 evi-

150 2230 305 2262 dentibus
329 2231 513 2262 refutamus
538 2242 685 2270 errores,
711 2238 742 2263 et
761 2232 804 2263 ad
829 2243 942 2263 veram
958 2232 1140 2263 invocatio-

148 2283 236 2312 nem,
261 2279 293 2304 et
316 2274 360 2305 ad
379 2284 480 2306 veros
502 2274 567 2306 Dei
591 2274 701 2307 cultus
714 2274 903 2307 Ecclesiam
927 2285 1138 2308 revocamus.

237 2351 383 2390 Quarta,
418 2353 495 2394 quia
526 2352 600 2384 vult
627 2352 722 2385 Deus
750 2359 888 2396 propter
910 2355 1139 2396 posteritatem

149 2396 202 2426 edi
225 2396 367 2427 subinde
390 2394 576 2437 aliquorum
590 2398 853 2429 consentientem
879 2397 1139 2438 consessionem,

149 2445 184 2470 ut
202 2440 300 2470 etiam
324 2440 504 2480 posteritas
529 2441 700 2473 erudiatur
723 2447 757 2472 et
780 2441 1006 2474 confirmetur.

235 2507 377 2551 Propter
400 2508 463 2540 has
487 2519 610 2541 causas
634 2516 711 2541 sunt
733 2511 766 2542 in
784 2510 942 2543 Ecclesia
961 2511 1082 2543 iudicia
1096 2513 1137 2544 de

149 2553 312 2590 doctrina,
336 2563 421 2594 quae
445 2553 572 2595 Synodi
595 2560 769 2592 vocantur,
793 2561 826 2586 et
849 2561 927 2587 sunt
939 2566 1038 2587 verae
1052 2554 1138 2598 Syn-

148 2597 215 2635 odi,
242 2607 315 2628 cum
339 2602 432 2628 recte
456 2596 612 2635 iudicant,
646 2597 679 2628 id
704 2603 765 2636 est,
801 2609 875 2630 eum
911 2609 1024 2630 veram
1060 2609 1138 2630 con·
1160 2621 1164 2655 ¹

147 2637 329 2672 sessionem
353 2650 415 2672 seu
438 2650 551 2672 veram
573 2640 841 2674 testificationem
854 2642 967 2681 edunt,
990 2653 1138 2684 quocun·
1159 2658 1163 2668 ι

1199 291 1335 331 privatis
1360 291 1495 328 studiis,
1532 296 1566 322 ut
1591 298 1819 322 convenerunt
1841 290 1966 328 Maria,
2001 289 2187 328 Elisabeth,

1200 332 1401 371 Zacharias,
1436 335 1512 364 item
1543 333 1715 375 Apostoli,
1752 335 1828 365 item
1852 334 1951 365 vicini
1974 333 2133 375 Episcopi
2156 335 2190 364 in

1201 387 1303 408 causa
1328 377 1551 415 Samosateni,
1575 383 1607 408 et
1630 376 1732 408 multa
1756 384 1832 409 sunt
1856 375 1936 408 talia
1961 377 2123 418 exempla.

1289 455 1355 486 Sed
1380 453 1441 492 illi,
1476 456 1531 496 qui
1559 454 1759 496 amplificant
1784 457 1966 497 potentiam
1991 455 2190 487 Pontificum

1200 504 1233 529 et
1257 498 1482 540 Synodorum,
1507 505 1624 529 contra
1649 500 1835 540 disputant,
1867 498 2020 530 Clamant
2043 509 2106 530 nos
2133 510 2189 539 pu-

1201 542 1338 584 gnantia
1361 542 1490 579 dicere,
1519 541 1615 573 fateri
1642 552 1720 573 esse
1750 549 1906 583 oportere
1928 543 2049 574 iudicia
2071 543 2103 574 in
2127 542 2190 573 Ec-

1201 584 1314 623 clesia,
1339 591 1369 615 et
1394 591 1504 616 tamen
1529 586 1652 624 dicere,
1673 586 1819 628 Synodis
1844 597 1911 617 non
1934 585 2038 617 licere
2051 587 2190 628 gignere

1200 639 1307 660 novas
1330 629 1633 669 interpretationes,
1670 638 1699 660 et
1720 640 1823 671 posse
1844 630 2026 662 contradici
2050 630 2190 671 Synodo

1200 673 1347 714 gignenti
1370 683 1490 703 novam
1514 673 1831 714 interpretationem.
1877 673 1970 704 Haec
1994 674 2112 711 oratio,
2144 673 2190 704 ἰ11-

1200 717 1328 757 quiunt,
1351 717 1583 747 auctoritatem
1608 717 1803 747 iudiciorum
1827 715 1995 748 labefacit.
2064 717 2132 748 Imo
2156 723 2191 748 ut

1199 761 1231 791 in
1267 758 1420 791 civilibus
1452 761 1692 791 controversiis
1719 759 1805 791 valet
1832 761 1991 801 principis
2017 767 2073 792 aut
2096 771 2191 801 prac-

1199 804 1281 834 toris
1302 804 1550 843 interpretatio,
1584 810 1721 845 propter
1756 805 1895 845 gradum
1919 810 1952 834 et
1976 815 2094 835 munus
2118 814 2192 845 pet·-

1199 857 1316 885 sonae,
1339 847 1384 877 ita
1408 846 1517 877 valeat
1543 848 1574 877 in
1589 848 1735 889 Synodis
1760 858 1869 878 rerum
1892 848 2110 879 iudicatarum
2136 859 2193 879 au·-

1199 891 1328 928 toritas,
1352 900 1415 921 nec
1438 891 1642 931 privatorum
1666 891 1928 931 reprehensione
1953 901 2010 928 ea,
2035 901 2121 933 quae
2141 901 2193 922 se-

1198 933 1263 965 mel
1287 933 1423 974 publico
1449 933 1590 964 consilio
1615 934 1750 965 decreta
1774 941 1869 972 sunt,
1905 933 2088 966 deleantur.
2156 934 2194 966 ln

1198 977 1287 1008 hanc
1311 978 1509 1009 sententiam
1532 976 1636 1009 muLa
1658 977 1878 1019 plausibiliter
1901 989 1921 1010 a
1944 979 2024 1010 viris
2048 978 2192 1019 politicis

1200 1022 1264 1052 dici
1288 1020 1409 1052 solent.
1544 1027 1550 1031 '

1287 1099 1341 1131 Ad
1365 1099 1449 1130 haec
1472 1100 1742 1140 respondendum
1771 1106 1838 1138 est,
1868 1100 1990 1131 iudicia
2014 1106 2045 1131 et
2070 1110 2192 1132 execu-

1199 1143 1321 1173 tionem
1346 1144 1377 1173 in
1402 1142 1558 1175 Ecclesia
1582 1143 1694 1185 aliquo
1721 1144 1818 1174 modo
1850 1145 2043 1184 discrepare
2067 1155 2086 1174 a
2111 1145 2190 1175 civi-

1198 1185 1285 1217 libus
1311 1187 1447 1218 iudiciis.
1496 1186 1589 1218 Deus
1620 1186 1687 1218 vult
1719 1187 1750 1217 in
1776 1188 1885 1218 dubiis
1911 1188 2191 1228 disputationibus

1199 1229 1343 1261 cixilium
1374 1232 1679 1262 controversiarum
1709 1229 1821 1262 valere
1852 1232 1977 1273 regiam
2004 1238 2034 1262 et
2059 1239 2192 1272 praeto-

1198 1274 1280 1304 riam
1303 1275 1526 1311 autoritatem,
1550 1280 1584 1305 ut
1608 1275 1634 1305 si
1659 1273 1778 1316 aliquis
1798 1274 1873 1305 finis
1898 1274 2041 1306 civilium
2066 1276 2193 1306 discor—

1198 1318 1337 1351 diarum,
1362 1324 1392 1348 et
1414 1318 1591 1349 mediocris
1616 1319 1656 1349 sit
1687 1317 1923 1360 tranquillitas,
1960 1320 2088 1350 etiamsi
2114 1319 2192 1360 quid

1198 1362 1323 1391 erroris
1359 1368 1408 1391 est
1445 1362 1476 1391 in
1513 1362 1785 1402 interpretatione
1817 1363 1909 1404 regia
1932 1369 1986 1393 aut
2012 1363 2190 1404 praetoria.

1196 1403 1237 1434 Et
1262 1405 1294 1434 in
1319 1403 1441 1434 talibus
1466 1405 1608 1446 negotiis
1633 1405 1740 1436 minus
1764 1412 1907 1443 erratur,
1940 1407 2016 1447 quia
2040 1407 2191 1437 subiecta

1197 1454 1272 1478 sunt
1297 1447 1460 1478 humanae
1485 1449 1615 1487 rationi,
1640 1455 1674 1479 ut
1689 1459 1900 1480 numerorum
1914 1448 2105 1481 intellectu-s
2126 1455 2190 1481 etc.

1197 1490 1328 1522 Deinde
1351 1490 1419 1522 vult
1445 1490 1556 1533 gladio
1583 1493 1733 1523 coerceri
1759 1503 1830 1531 eos,
1855 1493 1910 1534 qui
1935 1504 2044 1524 rerum
2065 1494 2189 1524 iudica-

1196 1540 1302 1565 tarum
1337 1536 1547 1566 autoritatem
1578 1534 1793 1567 labefaciunt.
1862 1536 1998 1578 Alioqui
2022 1548 2191 1578 nunquam

1197 1578 1271 1609 finis
1298 1585 1389 1610 esset
1412 1579 1666 1610 discordiarum.

1287 1656 1355 1687 Sed
1379 1657 1411 1687 in
1436 1657 1563 1688 iudiciis
1589 1658 1763 1689 doctrinae
1781 1659 1813 1688 in
1838 1657 2011 1696 Ecclesia,
2047 1670 2113 1690 non
2132 1658 2189 1690 ha—

1199 1701 1274 1731 bent
1312 1700 1440 1742 Synodi
1476 1701 1719 1742 Episcoporum
1755 1708 1810 1733 aut
1835 1701 1987 1733 similium
2015 1703 2190 1735 doctorum

1195 1744 1408 1775 autoritatem
1433 1746 1557 1786 regiam
1582 1751 1638 1777 aut
1657 1746 1869 1787 praetoriam,
1894 1747 1926 1777 id
1940 1752 2003 1781 est,
2028 1748 2189 1788 interpre-

1196 1788 1274 1818 tatio
1300 1798 1414 1819 corum
1439 1799 1504 1819 non
1530 1788 1618 1820 valet
1642 1796 1778 1830 propter
1811 1790 1951 1831 gradum
1975 1796 2032 1821 aut
2062 1790 2187 1821 locum.

1195 1831 1266 1863 Nec
1290 1832 1356 1862 iam
1381 1832 1422 1863 de
1446 1832 1623 1874 Prophetis
1647 1839 1677 1863 et
1702 1832 1877 1875 Apostolis
1890 1833 2023 1875 loquor,
2049 1844 2189 1875 quorum

1195 1873 1285 1906 valet
1309 1876 1536 1916 interpretatio
1556 1883 1691 1917 propter
1714 1876 1886 1908 manifesta
1902 1877 1963 1909 Dei
1988 1878 2190 1916 testimonia,

1195 1919 1256 1950 sed
1291 1919 1331 1950 de
1366 1919 1430 1950 hac
1466 1922 1632 1951 communi
1667 1921 1843 1952 vocatione
1878 1920 2121 1962 Episcoporum
2157 1928 2190 1953 ct

1194 1961 1381 1994 Doctorum
1404 1962 1534 2005 loquor.
1582 1964 1707 1996 Horum
1733 1965 1918 1996 sententiae
1942 1971 2030 2003 sunt,
2056 1963 2189 1996 confes-

1195 2007 1246 2037 sio
1271 2016 1331 2037 seu
1357 2007 1558 2045 testificatio,
1582 2009 1660 2049 qnid
1685 2006 1883 2050 inteliigant.
1951 2008 2023 2040 Nec
2046 2019 2187 2040 necesse

1195 2056 1247 2081 est
1271 2050 1319 2080 eis
1342 2057 1480 2092 propter
1503 2050 1613 2083 locum
1633 2052 1806 2090 adsentiri,
1828 2052 1892 2083 Sed
1916 2053 2048 2083 auditor
2071 2053 2112 2083 ab
2138 2053 2186 2083 eis

1194 2094 1344 2132 adiutus,
1381 2095 1511 2136 quaerit
1540 2096 1573 2125 in
1603 2095 1700 2126 dictis
1724 2095 1936 2136 propheticis
1962 2102 1993 2127 et
2016 2094 2186 2137 Apostoli-

1194 2138 1242 2169 cis
1264 2148 1386 2169 causas
1409 2139 1702 2180 interpretationi&
1748 2138 1787 2170 Et
1810 2150 1882 2171 cum
1897 2145 2029 2171 constat
2053 2149 2110 2170 eos
2135 2150 2186 2171 er-

1192 2191 1279 2219 rare,
1299 2191 1442 2213 necesse
1468 2188 1519 2213 est
1544 2183 1739 2221 contradici,
1764 2184 1853 2225 quia,
1879 2184 1908 2214 si
1932 2184 2007 2225 quis
2032 2182 2183 2225 Angelus

1193 2225 1234 2256 de
1259 2224 1354 2256 coelo
1377 2225 1468 2256 aliud
1492 2225 1712 2269 Evangelium
1736 2227 1898 2265 docuerit,
1931 2227 2108 2258 anathema
2131 2228 2185 2266 sit,

1192 2268 1241 2299 Ita
1275 2279 1363 2300 nunc
1397 2279 1540 2301 necesse
1574 2276 1627 2301 est
1657 2280 1789 2302 errores
1820 2270 1951 2313 Synodi
1973 2270 2186 2302 Tridentinae

1191 2313 1313 2344 taxari.

1278 2381 1352 2413 Nec
1374 2382 1408 2413 id
1431 2382 1544 2413 obstat
1573 2383 1664 2424 quod
1687 2383 1861 2422 obiicitur,
1895 2393 1963 2415 non
1987 2381 2061 2415 fore
2083 2382 2184 2415 finem

1191 2426 1452 2464 dissensionum,
1476 2426 1553 2468 quia
1577 2427 1610 2457 in
1634 2427 1757 2457 mundo
1781 2426 1860 2458 talia
1887 2427 2027 2460 dissidia
2051 2437 2184 2469 semper

1190 2468 1337 2508 fuerunt,
1371 2476 1460 2508 sunt,
1495 2476 1526 2501 et
1550 2476 1658 2508 erunt,
1681 2470 1790 2501 donec
1820 2481 1859 2502 ea
1888 2469 1982 2501 Deus
2014 2471 2181 2503 diiudicat.

1190 2513 1368 2554 Nunquam
1401 2513 1508 2544 maior
1541 2524 1620 2555 pars
1649 2514 1831 2556 principum
1855 2522 1887 2545 et
1910 2513 2026 2556 populi
2048 2515 2184 2547 Iudaeo-

1191 2567 1262 2588 rum
1286 2557 1513 2598 adprobatura
1537 2563 1607 2588 erat
1631 2557 1816 2588 doctrinam
1840 2557 2091 2600 Apostolorum.
2115 2558 2184 2590 Sed

1191 2599 1287 2631 Deus
1306 2600 1439 2631 tandem
1465 2599 1575 2631 deleta
1598 2611 1714 2632 eorum
1733 2599 1906 2642 republica
1935 2612 1996 2634 eos
2015 2601 2183 2640 refutavit,

1193 2649 1226 2675 et
1248 2643 1332 2681 hac,
1362 2649 1398 2675 ut
1421 2644 1465 2675 ita
1488 2644 1613 2683 dicam,
1649 2645 1847 2676 executione
1879 2655 1962 2677 suae
1985 2646 2182 2684 sententiae,
