2383 2990
172 159 238 191 525

171 261 226 287 tur
248 259 376 285 tantum
400 258 476 295 post
495 254 776 285 resurrectionem
800 251 926 285 Christi
961 252 1089 285 effusus
1114 258 1165 284 est

170 299 204 330 in
228 303 367 339 pectora
391 303 582 328 sanctorum
608 297 752 338 Spiritus
777 303 928 337 sanctus,
947 297 1008 328 sed
1032 306 1166 338 semper

170 341 297 384 Spiritu
320 347 439 372 sancto
464 351 579 372 omnes
605 340 702 372 electi
740 340 940 372 sanctificati
970 347 1056 371 sunt.
1125 340 1166 370 Et

170 386 303 427 quidem
337 385 462 416 dictum
498 384 618 416 Esaiae
659 383 887 416 dulcissimam
918 384 1101 415 doctrinam
1133 390 1164 414 et

170 427 437 461 consolationem
462 429 619 459 continet.
688 426 844 459 Astii-mat
875 438 1008 468 semper
1032 437 1165 458 mansu-

168 483 239 503 ram
264 482 341 503 esse
365 471 553 503 Ecclesiam
572 472 648 509 Dei,
669 477 700 502 et
723 472 767 502 ibi
787 481 977 502 mansuram
996 481 1085 509 esse,
1111 471 1164 501 ubi

169 521 269 547 sonat
292 526 358 547 vox
382 514 560 556 Evangelii
584 516 780 556 incorrupta
804 521 836 546 et
861 525 935 546 cum
955 525 994 546 ea
1008 525 1093 546 voce
1117 512 1164 545 ef-

169 559 307 591 ficacem
332 569 411 590 esse
436 558 595 600 Spiritum
615 565 777 590 sanetum.

255 645 349 677 Haec
373 651 444 676 tota
470 646 622 676 doctrina
647 646 687 676 de
712 644 823 682 Patre,
859 643 957 682 Filio,
983 651 1014 675 et
1039 645 1163 686 Spiritu

167 695 298 727 sancte,
320 689 468 731 quotidie
492 689 524 719 in
539 689 749 720 invocatione
770 688 949 730 cogitanda
974 695 1037 725 est,
1062 695 1093 719 et,
1118 689 1163 719 di-

167 733 357 764 scernenda
393 733 564 763 invocatio
589 743 670 763 vera
703 733 745 763 ab
770 731 912 762 Etbnica
937 738 967 762 et
995 732 1163 762 §tanume-

167 777 253 815 tica,
288 777 503 819 cogitandum
527 786 625 817 qnem
652 774 760 807 Deum
785 782 818 807 et
842 776 1010 816 quomodo
1037 775 1163 816 patefa-

168 826 258 852 ctum
281 819 504 862 alloquamur,
540 820 627 850 sicut
661 829 765 861 saepe
799 820 939 849 dicimus
977 819 1163 849 luvet-atio-

815 157 858 190 V.
880 156 1151 189 EXPLtCATto
1175 157 1381 189 SYMBOLI
1403 157 1573 201 *NICENL

1189 707 1191 723 Ι

1189 741 1191 760 l

166 874 241 895 nem
255 874 368 895 veram
383 863 637 894 discernendam
662 873 741 893 esse
755 864 796 894 ab
812 862 966 901 Ethnica,
996 862 1165 893 Mabome-
1192 902 1193 905 Ἰ

166 907 244 945 tica,
280 907 460 950 l'apistica,
495 907 700 949 cogitatione
735 906 903 937 essentiae
927 912 959 937 et
985 905 1164 937 voluntatis

166 950 242 982 Dei.

252 1036 509 1068 Mahometistae
533 1037 661 1068 etiamsi
687 1037 834 1079 cogitant
849 1048 950 1068 unum
963 1046 1041 1067 esse
1055 1036 1164 1068 Deum

166 1086 364 1117 creatorem,
389 1087 499 1111 tamen
525 1091 590 1111 non
616 1079 733 1112 volunt
756 1081 845 1111 bunc
869 1091 946 1111 esse
962 1079 1082 1117 Deum,
1108 1081 1162 1122 qui

164 1130 216 1155 est
241 1131 337 1165 pater
350 1124 482 1155 Domini
509 1125 616 1157 nostri
636 1124 710 1156 lesu
724 1123 860 1161 Christi,
884 1134 947 1154 nec
972 1131 1163 1166 agnoscunt

164 1167 310 1206 Patrem,
348 1166 464 1200 Filium
500 1174 531 1199 et
567 1168 724 1209 Spiritum
755 1174 919 1199 sant-tum.
987 1167 1162 1198 Manil'este

163 1217 274 1242 autem
298 1212 461 1252 scriptum
486 1218 555 1242 est:
581 1211 645 1246 Qui
670 1222 735 1242 non
760 1211 904 1242 honorat
930 1210 1058 1249 Filium,
1095 1222 1160 1242 non

162 1255 306 1286 honorat
331 1254 473 1286 Patrem.
520 1255 615 1285 ltem:
639 1254 744 1285 Nemo
771 1255 857 1286 venit
890 1254 931 1285 ad
958 1254 1090 1285 l'atrem
1115 1256 1160 1285 ni-

162 1299 191 1329 si
216 1308 276 1338 per
294 1296 424 1329 Filium.
471 1300 567 1330 Item:
588 1298 651 1334 Qui
677 1309 743 1329 non
769 1298 873 1329 credit
898 1299 930 1329 in
954 1297 1071 1329 Filium
1097 1299 1160 1329 iam

162 1341 327 1372 iudicatus
354 1348 417 1373 est.
476 1341 688 1383 impossibile
713 1348 765 1373 est
788 1342 888 1383 igitur
913 1342 1159 1373 invocationem

162 1383 339 1416 Ethnicam
365 1391 396 1416 et
418 1385 676 1416 Mahometicam
700 1384 774 1416 Deo
798 1383 944 1426 placere.

249 1470 381 1503 Deinde
406 1470 561 1502 differunt
583 1470 728 1510 Ethnici,
758 1470 1016 1503 Mahometistae
1040 1478 1070 1503 et
1097 1471 1159 1502 Pa-

161 1515 270 1557 pistae
305 1526 324 1546 a
361 1525 441 1546 vera
478 1514 646 1553 Ecclesia,
682 1515 847 1556 quianon
872 1522 1007 1553 norunt,
1051 1516 1103 1547 An
1125 1521 1157 1546 et

162 1568 267 1601 quare
286 1559 441 1590 exaudiat
463 1558 571 1590 Deus.
595 1557 688 1589 Talis
708 1558 875 1590 invocatio
900 1559 932 1590 in
953 1560 1158 1590 dubitatione

161 1602 269 1634 inanis
295 1608 364 1640 est,
401 1603 491 1634 iuxta
515 1603 654 1633 dictum:
690 1601 866 1637 Quomodo
891 1603 1106 1641 invocabunt,
1131 1603 1159 1633 si

160 1656 228 1677 non
253 1646 401 1677 credent·
468 1645 564 1684 Item,
600 1645 765 1687 Quicquid
789 1647 948 1686 petieritis
981 1647 1158 1677 credentes

161 1689 345 1731 accipietis.
371 1690 462 1723 Item,
488 1690 591 1721 Orate
616 1690 689 1720 sine
713 1689 761 1720 ira
785 1695 817 1720 et
830 1690 902 1721 sine
923 1690 1157 1721 haesitatione.

162 1732 231 1764 Sed
268 1744 347 1764 vera
383 1731 542 1764 Ecclesia
565 1733 659 1764 novit
683 1733 938 1773 promissionem
970 1733 1157 1775 Evangelii,

161 1777 226 1807 scit
252 1775 368 1807 fllium
393 1776 456 1807 Dei
480 1777 554 1807 ideo
579 1777 717 1807 missum
742 1786 830 1815 esse,
856 1782 890 1807 ut
914 1778 956 1808 sit
980 1776 1076 1808 buius
1102 1778 1157 1808 mi-

162 1820 255 1851 randi
292 1819 422 1851 consilii
452 1820 586 1852 nuntius
618 1820 713 1851 testis
750 1826 781 1851 et
816 1821 1032 1862 obsignator,
1067 1821 1157 1862 qnod

160 1862 257 1895 Deus
280 1874 361 1895 vere
386 1863 465 1894 velit
479 1874 541 1894 nos
556 1864 719 1905 recipere,
743 1864 912 1902 exaudire,
938 1865 1066 1900 iuvare,
1092 1863 1157 1896 sal-

161 1917 243 1938 vare
278 1907 475 1938 invocantes
506 1906 629 1938 fiducia
662 1906 879 1945 Mediatoris,
914 1908 1000 1939 sicut
1035 1908 1156 1949 inquit:

2149 160 2214 192 526

1306 252 1349 284 Ut
1380 259 1489 285 autem
1525 254 1658 285 bonitas
1688 253 1752 285 Dei
1783 254 1955 292 immensa,
1979 255 2085 297 magis
2110 266 2213 297 agno-

1218 303 1334 327 scatur
1359 304 1388 328 et
1414 297 1614 335 celebretur,
1639 296 1773 329 collatio
1806 298 1986 340 cogitanda
2010 305 2061 330 est
2085 300 2214 340 piorum

1218 346 1250 370 et
1284 341 1468 381 impiorum.
1516 340 1622 376 Quam
1658 342 1731 372 tetri
1756 339 1887 372 furores
1912 348 1988 373 sunt
2012 342 2044 373 in
2068 341 2214 374 historiis

1217 383 1392 424 impiorum
1418 385 1571 415 υηιιιὶἒηικἱ
1595 386 1762 416 aetatibus
1775 384 1868 423 Cain,
1892 384 2080 427 Caligulae,
2106 386 2211 418 Nero-

1218 427 1282 464 nis,
1318 426 1618 468 Philosophorum,
1658 428 1896 469 Epicureorum
1932 435 1963 460 et
1998 429 2213 471 Cynicorum,

1217 471 1293 501 item
1320 470 1582 508 Haerent-orum,
1607 480 1639 501 ut
1662 472 1855 509 Marcionis,
1869 471 2152 515 Manichaeorum,
2179 479 2211 504 et

1217 512 1356 545 aliorum
1381 513 1613 545 {lunaticos-nm.
1683 516 1804 550 Quanti
1829 514 1962 547 furores
1986 522 2104 547 nostro
2131 524 2211 548 tem-

1218 568 1299 598 pore
1323 558 1354 588 in
1381 557 1491 589 multis
1518 559 1749 598 Anabaptistis
1775 560 1947 601 conspecti
1971 566 2058 591 sunt.
2105 562 2138 592 ln
2164 566 2212 592 ta-

1216 600 1305 631 libus
1342 603 1494 632 omnibns
1531 609 1619 632 tenet
1656 601 1821 633 Diabolus
1852 604 2002 644 captivas
2027 610 2156 635 mentes
2180 610 2212 636 et

1218 645 1349 686 captiva
1372 646 1486 683 corda5
1513 646 1597 676 sicut
1613 646 1652 675 dc
1667 645 1745 676 luda
1760 646 1884 677 dictum
1909 653 1975 679 est:
1999 646 2145 678 Satanas
2165 648 2212 679 in-

1217 689 1314 719 travit
1338 688 1370 719 in
1397 700 1480 720 eum.

1306 774 1398 806 llaec
1434 774 1519 806 mala
1545 781 1666 817 quanm
1692 777 1758 806 sint
1781 776 1813 807 in
1838 775 1998 817 exemplis
2022 777 2210 820 insignibus

1219 819 1463 856 consideretur,
1500 826 1531 849 nt
1569 821 1752 860 rogitemus
1788 821 1948 850 maximas
1974 831 2096 852 causas
2121 833 2210 861 esse,

1220 868 1355 903 propter
1380 874 1463 904 qna>
1491 862 1580 893 Dens
1606 864 1767 894 immensa
1791 864 1939 894 bonitate
1972 863 2088 895 Filium
2113 867 2211 904 misit,

1220 912 1249 936 vt
1276 907 1377 937 donat
1403 907 1560 948 Spiritum
1586 914 1748 946 sant-tum,
1775 913 1808 938 ut
1834 907 1994 947 scriptum
2019 915 2081 945 est,
2108 909 2135 939 l.
2162 909 2211 940 lo·

1220 949 1296 980 ban.
1321 949 1351 980 13.
1422 951 1472 980 Ad
1507 951 1570 981 bot·
1599 952 1752 992 appan-nit
1779 949 1878 982 Filius
1902 950 1977 990 Dei,
2002 958 2037 983 ut
2060 953 2210 984 destruat

1192 1000 1194 1003 ’
1219 1004 1322 1034 opera
1337 992 1481 1030 Diabol',
1507 1005 1591 1035 (iuste
1616 1006 1674 1024 sen
1694 995 1779 1025 entia
1801 1005 1940 1035 prorsus
1966 997 2117 1036 congruit
2138 1007 2212 1028 cum

1218 1047 1322 1077 pruna
1345 1038 1586 1078 promissione:
1612 1040 1732 1069 Scmen
1759 1036 1904 1069 mulieris
1922 1039 2133 1071 conculcabit
2158 1051 2213 1072 ca-

1217 1087 1272 1120 put
1301 1082 1476 1122 serpentis.
1536 1080 1682 1112 Destruit
1715 1088 1827 1113 autem
1851 1083 1968 1114 merito
1994 1088 2024 1113 et
2049 1083 2210 1115 efficacia.

1216 1122 1316 1155 Filius
1353 1132 1497 1155 meri-tur
1522 1126 1618 1155 nobis
1645 1125 1874 1156 remissionem
1898 1132 2125 1167 peccatorum,
2162 1138 2212 1158 re-

1216 1168 1419 1198 stitutionem
1445 1169 1586 1199 institiae
1612 1177 1640 1199 et
1659 1170 1744 1199 vitae
1768 1176 1939 1208 aeternae,
1963 1176 1996 1201 et
2019 1171 2130 1202 onmia
2154 1172 2211 1202 bo-

1189 1222 1269 1249 ‘na,
1305 1222 1390 1253 qnac
1426 1213 1636 1243 continentur
1672 1213 1702 1242 in
1744 1213 1943 1245 remissione
1976 1219 2010 1245 et
2045 1213 2211 1246 deletione

1214 1263 1442 1295 peccatorum.

1301 1340 1401 1373 Snnnl
1428 1343 1524 1373 etiam
1551 1342 1737 1373 immediate
1762 1341 1886 1374 efficax
1917 1350 1982 1382 est,
2006 1343 2210 1385 proterendo

1214 1384 1434 1427 Evangelium
1461 1397 1500 1416 cx
1526 1387 1599 1416 sinu
1625 1387 1751 1417 aeterni
1777 1385 1885 1418 Patris
1918 1393 1950 1418 et
1975 1389 2209 1420 conservando

1213 1429 1441 1467 ministerium,
1465 1430 1495 1460 io
1521 1440 1587 1471 qno
1612 1430 1683 1470 ipse
1709 1430 1804 1461 docet
1830 1437 1978 1465 mentes,
2008 1437 2040 1462 et
2064 1432 2210 1468 ostendit

1213 1471 1358 1511 Patrem,
1381 1480 1410 1503 et
1436 1484 1521 1515 quac
1547 1474 1589 1503 ¹sit
1604 1471 1759 1504 voluntas
1784 1474 1868 1511 eius,
1893 1480 1922 1506 et
1938 1476 2027 1516 qnod
2051 1476 2095 1507 sit
2114 1486 2210 1516 prae-

1212 1526 1305 1553 senu,
1330 1525 1359 1546 et
1386 1527 1445 1558 per
1461 1516 1575 1547 Filium
1600 1516 1697 1547 «latur
1717 1517 1860 1559 Spiritus
1885 1525 2035 1557 sanctus,
2061 1530 2127 1561 quo
2152 1519 2210 1551 im-

1213 1560 1353 1590 mediate
1390 1561 1491 1591 corda
1517 1561 1557 1590 ad
1584 1561 1815 1592 assensionem
1840 1567 1873 1593 et
1896 1562 1938 1593 ad
1963 1563 2210 1595 invocationem

1185 1611 1187 1616 ’
1213 1602 1394 1636 fleetuntur
1418 1611 1447 1635 et
1474 1603 1705 1642 lactiticsmtur,
1730 1612 1891 1646 reguntur
1913 1612 1944 1637 et
1958 1608 2209 1646 confirmantur,

1185 1652 1187 1675 ;
1212 1653 1241 1677 et
1268 1649 1412 1690 protegit
1439 1647 1540 1679 Filius
1566 1647 1627 1678 Dei
1653 1650 1868 1687 invocantes,
1905 1656 1933 1681 et
1967 1649 2105 1691 depellit
2129 1650 2209 1682 Dia-

1184 1746 1186 1769 5
1212 1734 1309 1765 nibus
1336 1736 1428 1765 meis.

1213 1690 1323 1729 bolos,
1347 1692 1431 1722 sicut
1458 1692 1577 1733 inquit:
1603 1692 1707 1723 Nemo
1722 1693 1826 1734 rapiet
1850 1703 1932 1725 oves
1957 1704 2050 1725 meas
2075 1705 2116 1725 ex
2140 1705 2208 1725 ma—

1486 1735 1580 1766 Haec
1604 1736 1751 1767 sciamus
1776 1747 1898 1779 magna
1923 1738 2107 1769 certamina
2130 1748 2208 1770 esse

1184 1795 1185 1810 ÷
1211 1777 1242 1808 in
1271 1777 1432 1810 lsscclesia.

162 1949 329 1992 Quicquid
362 1951 523 1992 petieritis
559 1951 693 1983 Patrem
728 1951 760 1982 in
784 1952 916 1983 nomine
939 1962 1031 1990 meo,
1068 1952 1158 1983 dabit
1184 1965 1185 1990 3

162 1994 272 2025 vobis.

249 2080 401 2122 Cumque
436 2080 472 2112 fit
505 2081 674 2113 invocatio
699 2087 809 2113 mente
832 2082 1018 2114 intueamur
1042 2092 1156 2123 perso-

162 2134 238 2163 Πᾶς,
274 2130 306 2155 et
342 2125 528 2166 cogitemus
562 2125 698 2167 propria
721 2125 885 2157 beneficia
910 2137 1035 2164 earum,
1070 2127 1157 2157 sicut

160 2168 258 2199 nobis
292 2167 483 2210 patefactae
517 2174 607 2207 sunt,
642 2174 674 2200 et.
700 2169 846 2201 sciamus
880 2168 979 2201 simul
1002 2180 1021 2200 a
1046 2169 1157 2209 Patre,

160 2210 244 2242 Filio
269 2217 300 2242 et
325 2211 449 2253 Spiritu
473 2217 593 2243 sancto
618 2212 688 2243 dari
713 2213 817 2251 bona,
841 2214 901 2244 sed
927 2214 996 2244 dari
1021 2219 1157 2254 propter

160 2254 380 2286 mediatorem
417 2254 546 2293 Filium,
581 2262 614 2287 et
647 2266 708 2297 per
741 2255 861 2288 Filium
891 2257 962 2288 dari
982 2268 1101 2289 vocem
1125 2263 1157 2289 et

160 2299 363 2341 agnitionem
388 2297 575 2341 Evangelii,
595 2305 627 2330 et
640 2301 769 2331 ostendi
794 2301 1016 2341 praesentiam
1041 2308 1073 2332 et
1099 2312 1156 2332 vo-

159 2340 323 2373 luntatem
358 2341 478 2381 Patris,
513 2349 545 2374 et
581 2343 631 2374 sic
660 2354 720 2385 per
743 2342 860 2376 Filium
891 2345 962 2376 dari
997 2344 1156 2385 Spiritum

160 2392 314 2417 sanetum
350 2385 540 2417 flectentem
571 2388 674 2418 corda
709 2393 843 2426 nostra,
873 2394 907 2420 ut
930 2389 1156 2420 assentiantur

163 2428 364 2472 Evangelio,
388 2436 420 2461 et
445 2429 696 2462 confirmantem
722 2433 955 2463 assensionem
981 2438 1013 2463 et
1035 2442 1155 2463 accen-

160 2472 293 2505 dentem
312 2471 471 2505 laetitiam
490 2473 523 2504 in
535 2473 622 2513 Deo,
646 2480 678 2505 et
691 2473 901 2508 dilectionem
914 2475 989 2513 Det,
1014 2482 1045 2507 et
1069 2475 1154 2507 alios

158 2521 268 2548 motus
292 2515 390 2555 tales,
414 2515 524 2559 qualis
542 2517 615 2559 ipse
640 2523 701 2550 est.
747 2519 778 2549 2.
798 2518 948 2551 Corinth.
963 2519 993 2550 ’3.
1019 2519 1154 2551 dicitur:

158 2558 451 2592 Transformamnr
474 2561 507 2592 in
531 2562 670 2593 eandem
694 2562 872 2604 imaginem
897 2562 1042 2599 (seilicet
1066 2562 1153 2598 Filii)

159 2607 317 2645 tanquam
341 2615 361 2636 a
386 2603 519 2636 Domini
544 2603 678 2646 Spiritu.
736 2605 828 2645 Item,
852 2606 1028 2638 Effundam
1052 2617 1154 2648 super

160 2646 293 2679 domum
313 2646 425 2680 David
448 2648 605 2690 Spiritum
627 2649 756 2692 gratiae
778 2655 810 2681 et
831 2660 979 2692 precum.

1183 1995 1186 2029 i

1181 2259 1185 2322 Ι

1177 2623 1182 2692 l

1298 1864 1408 1897 David
1432 1865 1600 1897 eluctatur
1623 1877 1663 1897 ex
1688 1867 1757 1898 suis
1783 1865 1968 1906 doloribus,
1993 1879 2059 1899 non
2073 1878 2135 1900 suo
2153 1879 2207 1900 ro-

1211 1910 1305 1947 bore,
1340 1910 1399 1940 sed
1436 1910 1512 1952 qnia
1538 1909 1639 1941 Filius
1664 1921 1724 1952 pet·
1754 1921 1872 1942 vocem
1896 1912 2130 1952 promissionis
2155 1918 2207 1944 est

1210 1951 1331 1984 efficax
1354 1959 1386 1984 et
1410 1964 1483 1985 eum
1506 1954 1663 1992 viviticat,
1688 1961 1719 1986 et
1743 1955 1821 1986 dato
1846 1955 1974 1997 Spiritu
1997 1962 2116 1987 sancto
2140 1954 2207 1988 lae—

1210 1996 1315 2028 tificat
1338 2005 1369 2028 et
1398 1997 1584 2028 confirmat.

1297 2084 1536 2126 Agnoscamus
1572 2085 1671 2127 igitur
1702 2085 1883 2117 bonitatem
1918 2092 1950 2117 et
1979 2087 2205 2128 praesentiam

1210 2127 1272 2158 Dei
1296 2128 1327 2158 in
1353 2127 1520 2165 Ecclesia,
1555 2136 1584 2159 et
1612 2130 1737 2170 gratias
1762 2129 1791 2160 ei
1816 2140 1969 2172 agamuS,
2004 2137 2035 2161 et
2058 2130 2204 2162 sciamus

1209 2170 1299 2202 velle
1323 2183 1410 2210 eum,
1434 2178 1467 2203 ut
1494 2181 1646 2213 petamus
1671 2171 1754 2204 baec
1779 2174 1925 2215 ingentia
1949 2173 2124 2212 beneficia,
2157 2174 2204 2206 vi-

1209 2214 1329 2246 delicet
1364 2223 1397 2247 ut
1433 2225 1589 2257 regamur
1622 2223 1655 2247 et
1692 2224 1907 2259 protegamur
1940 2228 2001 2260 per
2031 2216 2149 2249 Filium
2173 2223 2205 2249 et

1209 2258 1367 2300 Spiritum
1387 2269 1551 2298 sanctum,
1578 2260 1660 2290 sient
1687 2261 1848 2302 seriptum
1873 2267 1937 2292 est:
1964 2261 2069 2293 Petite
2094 2268 2125 2293 et
2149 2271 2203 2293 ac-

1210 2303 1358 2344 cipietis:
1385 2303 1517 2338 Quanto
1539 2304 1647 2346 magis
1674 2303 1773 2336 Pater
1796 2311 1909 2336 vester
1927 2303 2086 2337 coelestis
2111 2305 2203 2337 dabit

1209 2346 1366 2388 Spiritum
1391 2354 1544 2378 sanctum
1568 2349 1770 2388 petentibus.

1295 2433 1409 2476 ltaque
1443 2443 1608 2475 expressa
1641 2445 1726 2466 voce
1756 2435 1950 2466 damnamus
1984 2434 2201 2478 Pelagianos,

1207 2482 1240 2508 et
1264 2488 1392 2516 omnes,
1417 2478 1470 2519 qni
1496 2477 1625 2519 fingunt
1650 2478 1801 2509 homines
1825 2479 1898 2509 sine
1923 2479 2048 2520 Spiritu
2069 2485 2202 2519 sancto,

1208 2522 1351 2563 propriis
1387 2521 1512 2552 viribus
1543 2531 1647 2562 posse
1682 2520 1798 2553 facere
1820 2520 1930 2565 legem
1954 2522 2030 2561 Dei,
2066 2529 2099 2555 et
2123 2533 2202 2556 sese

1207 2566 1399 2607 gubernare
1423 2570 1453 2595 et
1479 2573 1657 2607 protegere
1681 2572 1745 2597 etc.
1804 2566 1897 2597 Haec
1919 2566 2018 2608 impia
2041 2567 2201 2610 imagina-

1206 2609 1249 2639 tio
1275 2617 1324 2639 est
1349 2609 1519 2640 horribilis
1544 2609 1763 2650 ingratitudo,
1799 2620 1875 2642 cum
1901 2608 2003 2641 Filius
2033 2609 2097 2642 Dei
2119 2621 2200 2643 sese

1205 2653 1303 2684 nobis
1337 2653 1534 2691 donaverit,
1569 2653 1712 2695 Spiritus
1748 2660 1887 2686 sanctus
1921 2654 2109 2696 promissus
2143 2655 2199 2695 sit,
