2383 2990
181 133 244 166 149

179 228 244 261 Dei
263 227 420 258 mandata
437 226 577 264 violant,
596 231 629 257 et
648 226 725 267 quia
744 226 879 256 turbant
895 223 1065 266 politicum
1085 224 1173 255 ordi-

178 283 265 305 nem.
291 270 423 311 Operae
443 267 577 300 militiae
590 268 818 311 intelligantur
830 268 904 307 hae,
918 277 1002 309 quas
1015 268 1047 298 in
1061 267 1172 298 causis
1196 284 1198 288 ν

178 314 329 348 honestis
350 314 441 345 cives
460 313 657 354 suscipiunt,
684 311 803 344 delecti
827 322 847 342 a
871 312 940 342 suis
966 311 1106 341 dominis
1131 310 1173 342 ad

179 368 387 390 communem
411 355 640 387 defensionem
660 356 692 386 in
710 356 799 393 acie,
820 356 851 386 in
872 354 1120 391 obsidionibus,
1140 354 1172 384 in
1197 366 1199 375 =

180 401 343 439 excubiis,
358 406 391 431 et
404 400 556 431 omnibus
569 398 743 430 laboribus
756 398 854 429 huius
870 398 1015 438 generis,
1040 407 1125 428 voco
1140 402 1173 427 et

179 495 268 519 sti-as
278 485 503 518 scholasticas
515 496 648 527 operas,
661 495 746 526 quae
759 494 874 514 omnes
884 489 962 514 sunt
971 484 1116 514 directae
1130 483 1172 514 ad

180 531 472 563 conservationem
506 528 670 559 honestae
693 528 882 564 societatis,
919 525 1116 568 disciplinae
1141 533 1173 558 et
1198 541 1199 544 ¹

179 573 365 616 religionis.
420 572 462 603 Et
486 573 615 614 quidem
641 571 805 602 lohannes
830 568 1018 610 Apostolus
1043 571 1172 611 gravis—

180 619 262 649 sime
297 627 360 648 nos
395 622 518 652 monet,
553 612 684 655 singula
709 614 857 644 membra
881 612 1003 644 Clu-Isti
1031 613 1172 644 caeteris

179 661 336 693 membris
372 657 599 690 defensionem
635 658 776 695 debere,
813 663 940 687 etiamsi
964 662 1031 687 Vita
1056 664 1171 687 nostra
1197 669 1199 685 1
1224 678 1342 713 quarm
1367 682 1528 712 expresse
1541 674 1673 703 additae
1686 679 1780 711 sum.q
1804 675 2216 714 nunpmnfissfones,tum

179 705 212 736 in
241 703 420 734 discrimen
449 701 645 732 adducenda
676 700 734 738 sit,
773 700 800 730 l.
826 698 940 730 10111111.
965 699 995 730 3.
1042 699 1077 729 ln
1106 698 1171 730 hoc

180 746 396 789 agnoscimus
432 744 660 783 dilectionem,
697 743 786 784 quod
817 741 872 773 ille
895 753 956 783 pro
980 744 1079 773 nobis
1104 743 1172 773 ani-

179 801 267 821 mam
303 799 397 819 suam
431 788 558 828 posuit,
588 792 620 817 et
655 797 717 816 nos
742 786 901 817 debemus
926 797 986 827 pro
1013 787 1170 817 fratribus

179 833 306 864 animas
329 841 466 871 ponere.
509 829 622 865 Quare
635 829 812 860 Christiani
837 828 1064 860 defensionem
1078 828 1172 860 Chri-

179 876 297 906 stianis
322 879 438 905 contra
461 873 590 905 Turcas
615 880 646 904 et
670 872 848 914 Tyrannos
881 873 1022 910 debent,
1057 879 1171 913 quate-

178 929 242 950 nus
265 922 419 959 possunt,
445 922 477 947 et
495 916 660 947 accedunt
685 917 789 946 duces·
815 923 845 946 et
870 916 1057 946 mediocres
1078 926 1171 946 exer-

179 963 283 999 citus,
315 962 389 1001 μιᾶς
412 960 468 1001 γάρ
492 959 592 1001 χειρὸς
616 958 750 997 ἀσθενής
779 959 882 998 μαχή,
917 960 1021 1000 inquit
1044 958 1172 999 Euripi-

179 1006 251 1036 des.

265 1090 404 1121 Tributa
435 1100 523 1120 voco
559 1088 744 1119 ordinarias
779 1088 980 1129 pensiones,
1015 1094 1045 1118 et
1078 1094 1171 1118 extra

178 1134 366 1165 ordinarias
402 1132 649 1169 ordinationes,
685 1132 713 1162 si
738 1137 849 1162 tamen
876 1129 1062 1172 probabilis
1087 1132 1170 1161 ratio
1198 1141 1199 1148 ¹

176 1177 220 1208 sit
245 1187 317 1208 cur·
328 1181 493 1216 petantur.
529 1175 614 1206 Nam
640 1185 713 1205 011111
739 1176 830 1206 cives
854 1176 954 1205 vitam
979 1175 1172 1215 impendere

175 1219 394 1261 Reipublicae
419 1230 494 1250 011111
519 1228 604 1259 opus
630 1224 692 1255 est,
718 1218 874 1255 debeant,
901 1218 1023 1248 iustum
1047 1226 1097 1248 est
1112 1228 1171 1249 eos

177 1264 273 1294 etiam
297 1263 339 1294 ad
359 1272 567 1293 communem
581 1260 811 1292 defensionem
831 1262 988 1302 pecunias
1004 1260 1170 1292 conferre.

176 1306 244 1337 Sed
267 1312 303 1337 ut
321 1312 461 1347 peccant
488 1305 668 1346 principes,
694 1316 767 1336 cum
792 1305 824 1335 in
850 1303 1087 1335 bellisiniustis
1112 1306 1170 1335 ob-

175 1349 289 1381 iiciunt
313 1350 404 1380 cives
429 1349 645 1379 trucidandos
670 1347 834 1384 hostibus,
858 1348 900 1377 ita
914 1356 1069 1388 peccant,
1095 1359 1169 1379 011111

175 1393 247 1423 sine
271 1390 502 1433 probabilibus
528 1392 641 1422 causis
666 1402 768 1432 supra
782 1391 922 1421 usitatas
937 1397 967 1421 et
983 1392 1169 1421 ordinarias

174 1436 357 1478 pensiones
383 1435 474 1466 cives
504 1435 600 1466 novis
625 1440 657 1465 et
680 1434 906 1465 innnoderatis
932 1433 1169 1465 collationibus

175 1484 326 1510 onerant.
372 1478 488 1509 Sciant
511 1480 757 1520 gubernatores
781 1488 817 1508 se
841 1488 974 1518 quoque
998 1478 1169 1508 subiectos

175 1532 252 1554 esse
285 1521 352 1564 legi
384 1522 533 1560 divinae,
569 1522 645 1552 Non
670 1521 791 1552 furtum
814 1519 932 1551 facias.
979 1521 1170 1552 Distinctae

174 1571 251 1597 sunt
275 1575 329 1596 res
354 1565 540 1606 principum
562 1572 594 1596 et
625 1565 756 1596 civium.
803 1563 845 1595 Et
869 1565 992 1595 munita
1018 1571 1068 1595 est
1093 1574 1169 1605 pro-

173 1610 299 1651 prietas
324 1609 432 1640 divina
456 1608 549 1650 lege,
584 1618 689 1650 quare
713 1606 836 1649 singuli
861 1618 880 1638 a
906 1609 1008 1638 rebus
1028 1607 1168 1639 aliorum

172 1653 341 1684 abstinere
365 1653 499 1690 debent,
523 1658 557 1683 ut
581 1652 667 1683 infra
692 1653 829 1683 dicetur.
860 1651 938 1682 ldeo
962 1657 994 1682 et
1018 1651 1169 1692 Baptista

174 1696 272 1727 dixit:

173 1740 252 1781 gite.
299 1739 395 1769 Item:
428 1738 582 1770 Contenti
606 1745 715 1770 estote
740 1738 913 1779 stipendiis
937 1740 1071 1770 vestris,
1118 1739 1167 1769 Sit

171 1783 272 1822 igitur
307 1782 427 1812 modus
463 1781 583 1823 aliquis
608 1782 727 1813 horum
752 1792 901 1812 onerum.
949 1782 995 1813 lta
1020 1782 1168 1823 pingitur

171 1826 329 1868 princeps
352 1825 386 1855 in
411 1824 571 1863 Daniele,
595 1831 630 1856 ut
655 1825 785 1862 Arbor,
810 1826 872 1856 sub
897 1836 961 1866 qua
987 1823 1077 1856 inulti
1100 1824 1167 1856 fru-

173 1875 245 1901 ctus
269 1867 386 1910 legunt
411 1874 443 1899 et
465 1875 660 1910 pascuntur.
700 1868 889 1899 Praebeant
912 1870 1064 1900 umbram
1089 1869 1167 1899 civi-

170 1913 244 1952 bus,
279 1912 311 1942 id
338 1917 401 1946 est,
435 1913 501 1942 sint
526 1913 694 1953 praesidio
719 1912 828 1949 iustis,
853 1918 884 1943 et
906 1910 1064 1953 pabulum
1089 1922 1167 1943 con-

174 1956 306 1991 cedant,
331 1953 511 1986 defendant
535 1962 567 1987 et
591 1965 736 1997 corpora
761 1961 791 1987 et
816 1965 870 1986 res
895 1966 1021 1986 eornm.
1058 1955 1166 1987 Onia-

171 2009 272 2041 gnam
299 1999 451 2029 duritiem
475 2009 609 2036 eorum,
645 1999 700 2041 qui
724 2010 790 2030 11011
815 1998 1009 2029 alliciuntur
1032 1997 1083 2029 his
1107 2010 1166 2040 po-

170 2041 240 2083 puli
262 2043 420 2080 miseriis,
450 2052 524 2073 cum
549 2043 661 2074 vident
684 2048 823 2084 propter
846 2043 1084 2074 immoderatas
1108 2054 1165 2074 ex-

172 2084 351 2126 pilationes
386 2086 557 2117 tenuiores
589 2087 681 2117 cives
706 2096 781 2117 011111
805 2090 917 2127 parvis
941 2084 1055 2117 liberis
1079 2085 1166 2117 same

174 2129 433 2168 contabescere,
459 2139 533 2160 cuin
558 2130 671 2161 vident
693 2128 779 2160 alios
799 2130 986 2161 mediocres
1009 2130 1053 2160 ita
1078 2140 1166 2161 com-

173 2169 282 2211 pilari,
305 2177 341 2202 ut
363 2182 425 2204 nec
449 2174 570 2212 studia,
594 2184 657 2205 nec
680 2172 855 2204 Ecclesias
883 2173 1000 2205 fovere
1023 2175 1165 2214 possint.

175 2214 234 2245 His
258 2215 359 2245 rebus
383 2215 479 2247 adfici
502 2218 573 2257 pias
596 2223 727 2248 mentes
748 2227 951 2248 summorum
976 2223 1007 2247 et
1021 2216 1166 2248 infirmo—

174 2268 247 2288 rum
270 2258 390 2289 iustum
415 2264 479 2297 est,
503 2270 606 2300 quare
629 2261 749 2292 summi
773 2261 881 2291 sciant
904 2271 971 2292 non
991 2260 1121 2292 iniustis
1135 2266 1166 2292 et

174 2301 401 2333 immoderatis
437 2302 695 2344 expilationibus
730 2305 922 2335 onerandus
958 2313 1036 2335 esse
1060 2306 1163 2343 cives,

174 2345 282 2375 sciant
316 2343 492 2377 facultates
526 2357 710 2388 pauperum
732 2357 799 2378 non
823 2346 1011 2388 profusioni
1034 2353 1091 2379 aut
1114 2358 1165 2379 ra-

173 2389 309 2428 pacitati
332 2394 503 2429 potentum
527 2391 665 2428 servire,
695 2391 756 2422 sed
780 2389 935 2432 publicae
959 2391 1165 2422 necessitati.

173 2431 306 2463 Rursus
332 2437 364 2462 et
387 2432 479 2463 cives
502 2432 535 2464 in
560 2443 666 2464 causa
688 2433 852 2475 probabili
875 2436 942 2466 sint
959 2434 1102 2466 officiosi
1116 2444 1166 2465 er-

173 2485 218 2517 ga
242 2476 408 2513 dominos,
432 2476 492 2507 sed
516 2477 616 2508 modo
638 2476 845 2516 facultatum,
869 2478 956 2510 sicut
969 2479 1059 2509 iubet
1071 2477 1166 2510 Chri-

174 2524 248 2550 stus
273 2518 354 2550 dare
376 2517 630 2562 eleemosynas,
654 2522 685 2551 ἐκ
708 2522 767 2552 τῶν
789 2521 933 2561 ἐνόντων,
957 2522 990 2553 id
1010 2528 1079 2560 est,
1103 2533 1165 2563 pro

173 2560 411 2602 facultatibus,
447 2573 489 2594 ex
514 2573 554 2594 eo
580 2564 670 2605 quod
692 2563 854 2601 habemus
878 2576 920 2598 ac
944 2566 1025 2597 dare
1046 2575 1166 2607 possu-

174 2615 256 2638 mus.

914 129 966 162 111.
991 129 1266 162 CATECHESIS
1289 129 1503 161 PUERILIS.

319 1696 394 1726 Non
420 1694 496 1735 plus
522 1706 620 1736 quam
646 1696 861 1725 constitutum
886 1701 937 1725 est
963 1696 1078 1733 vobis,
1102 1695 1168 1725 exi·
1194 1715 1195 1720 ,

2154 132 2216 162 150

1329 223 1390 255 DE
1410 222 1709 255 PROMISSIONE
1733 223 1908 255 ADDlTA
1931 224 2116 261 QUARTO

1577 283 1857 316 PRAECEPTO.

1312 369 1498 401 Universae
1522 369 1587 411 legi
1612 371 1744 402 additae
1767 376 1843 401 sunt
1867 372 2108 412 promissiones
2121 383 2216 413 prae-

177 445 339 481 militiam,
359 442 527 474 forensem
547 442 878 478 administrationem,
896 441 960 471 imo
981 446 1012 471 et
1031 439 1093 470 has
1113 450 1172 470 no-
1197 439 1199 457 ³
1224 423 1375 451 mlorum'
1399 424 1484 454 quae
1509 414 1681 444 fflddemffl
1712 415 1957 453 Obed¹e¹¹t¹b¹¹³'
1981 422 2014 446 et
2037 426 2216 448 ‘'mumma‘’

1225 458 1333 487 tiones
1369 467 1571 498 poenarum,
1606 458 1725 498 quibus
1760 457 1955 490 adlicientur
1990 465 2216 491 contumaees.
2257 481 2261 483 -

1225 499 1311 535 Quid
1336 501 1421 530 enini
1447 507 1536 531 esset
1561 499 1615 530 lex
1641 501 1712 530 sine
1736 502 1891 541 praemiis
1916 508 1948 533 et
1966 503 2109 542 poenis?
2133 503 2215 534 Pas-

1225 544 1286 573 sim
1310 550 1419 573 autem
1444 542 1506 574 hae
1529 544 1769 583 promissiones
1806 551 1838 575 et
1866 547 2141 576 comminationes
2164 557 2215 578 re-

1197 615 1198 623 ,
1224 587 1345 627 petitae
1370 593 1463 624 sunt,
1488 588 1546 617 sed
1572 593 1607 617 ut
1631 587 1695 617 sint
1720 587 1751 617 in
1773 594 1968 628 conspectu,
1992 587 2124 630 aliquae
2137 600 2214 620 con-

1224 630 1418 670 iungantur,
1453 636 1487 660 nt
1512 629 1565 659 hic
1589 631 1694 670 primo
1719 636 1752 660 et
1772 631 1921 662 secundo
1946 638 2146 673 praecepto,
2183 639 2216 664 et

1225 717 1515 754 comminationes,
1546 726 1629 756 quas
1653 717 1801 747 sciamus
1826 727 1893 747 non
1917 728 1994 748 esse
2017 719 2133 749 inanes
2159 730 2216 750 vo-

1224 770 1304 796 ces,
1341 760 1399 790 sed
1436 769 1516 790 vera
1551 759 1614 789 Dei
1655 759 1808 795 oracula,
1855 762 1976 801 quibus
2011 763 2217 802 respondent

1224 808 1373 833 eventus.
1419 802 1503 833 Nam
1528 804 1589 833 etsi
1608 801 1762 833 Ecclesia
1787 809 1838 834 est
1862 804 2012 834 subiecta
2038 806 2146 842 cruci,
2183 811 2216 837 et

1227 856 1351 877 causae
1374 856 1516 887 magnae
1540 852 1617 876 sunt
1641 846 1738 877 111ιί115
1763 847 1901 877 mirandi
1926 847 2054 878 consilii
2069 848 2144 886 Dei,
2169 855 2215 879 ta-

1224 899 1298 919 men
1330 890 1362 920 in
1394 890 1635 930 gubernatione
1666 889 1799 930 politica
1830 889 1924 921 Deus
1956 897 2007 921 est
2033 898 2145 922 custos
2170 893 2216 923 di-

1224 931 1398 972 sciplinae,
1428 942 1469 963 110
1498 933 1624 963 atrocia
1656 933 1789 964 scelera
1813 934 1885 964 sine
1916 933 1985 964 ulla
2010 935 2215 966 dubitatione

1225 975 1457 1016 corporalibus
1494 977 1610 1016 poenis
1645 977 1748 1016 punit,
1784 983 1817 1007 ut
1841 977 1991 1008 videmus
2016 978 2214 1017 homicidas,

1225 1020 1321 1049 etiam
1347 1030 1421 1049 00111
1444 1018 1623 1050 latuerunt.
1660 1030 1698 1050 ac
1723 1020 1875 1050 evasisse
1899 1021 2018 1051 iudicia
2043 1027 2215 1061 putantur,

1224 1068 1333 1092 tamen
1358 1061 1551 1092 mirabiliter
1575 1063 1615 1093 ad
1641 1062 1839 1103 supplicium
1865 1063 1998 1094 retrahi.
2031 1064 2123 1094 Haec
2147 1076 2215 1096 ma-

1224 1105 1342 1135 nifesta
1369 1106 1572 1146 experientia
1596 1105 1692 1136 fateri
1728 1108 1837 1147 coegit
1862 1106 2023 1138 Etlinicos
2049 1108 2215 1146 saniores,

1224 1148 1298 1179 Deo
1324 1159 1424 1179 curae
1449 1159 1525 1179 esse
1549 1149 1717 1179 hominum
1743 1148 1841 1187 facta,
1868 1149 2045 1191 displicere
2068 1150 2143 1181 Deo
2167 1153 2215 1182 111-

1224 1194 1344 1223 iustam
1369 1191 1608 1229 crudelitatem,
1633 1199 1663 1223 et
1689 1194 1794 1232 puniri
1819 1204 1890 1223 eam
1915 1195 2082 1225 divinitus.
2126 1194 2214 1225 ldem

1224 1285 1255 1309 et
1281 1280 1321 1309 de
1347 1279 1415 1308 liis.
1440 1279 1493 1320 qui
1520 1286 1675 1319 parentes
1701 1280 1911 1310 contumeliis
1935 1279 2148 1318 adfecerunt,
2174 1291 2214 1311 ac

1223 1322 1322 1352 hodie
1357 1323 1479 1352 usitato
1515 1323 1693 1362 proverbio
1730 1323 1866 1361 dicitur,
1908 1323 2054 1365 Tragico
2091 1334 2214 1365 genere

1222 1366 1337 1395 mortis
1362 1366 1555 1395 moriturum
1581 1376 1672 1398 0550,
1698 1367 1752 1406 qui
1778 1372 1931 1406 parentes
1944 1367 2142 1398 contumelia
2158 1368 2214 1398 ad-

1223 1408 1301 1439 ficit.
1348 1408 1413 1448 Ipsi
1438 1410 1534 1439 etiam
1560 1409 1802 1439 meminerimus
1827 1408 1927 1440 inulta
1952 1409 2114 1451 exempla.

1312 1476 1350 1507 Ut
1387 1478 1487 1519 igitur
1511 1487 1612 1518 supra
1636 1479 1764 1515 monui,
1801 1479 2040 1518 promissiones
2065 1485 2097 1510 et
2122 1490 2211 1510 0001-

1221 1521 1419 1551 minationes
1444 1521 1484 1551 ad
1501 1521 1575 1551 litas
1599 1531 1687 1558 esse,
1712 1528 1744 1551 ut
1766 1522 1807 1551 ad
1830 1521 1925 1552 fidem
1941 1528 1972 1552 et.
1986 1523 2135 1553 timorem
2148 1522 2214 1554 Dei

1222 1565 1464 1601 exust-itemur,
1494 1565 1539 1594 ita
1564 1570 1594 1595 01
1619 1566 1650 1595 111
1676 1563 1796 1595 officiis
1821 1564 1918 1596 huius
1943 1567 2123 1607 praecepti,
2148 1566 2214 1597 De-

1220 1619 1275 1638 um
1299 1608 1485 1639 intueamur
1509 1608 1737 1645 mandantem,
1761 1614 1792 1638 et
1816 1609 2056 1649 approbantem
2070 1609 2153 1640 111100
2167 1608 2214 1641 of-

1221 1651 1313 1688 ficia,
1350 1658 1381 1681 et
1414 1652 1578 1682 vindicem
1614 1652 1851 1683 contumaciae.
1918 1651 2043 1683 Multos
2076 1654 2213 1695 ignaros

1220 1694 1297 1732 Dei,
1319 1695 1392 1736 ipsa
1413 1701 1522 1725 tamen
1546 1701 1684 1725 naturae
1705 1696 1835 1726 bonitas
1859 1696 1994 1734 invitat,
2019 1702 2054 1727 ut
2077 1697 2214 1728 foveant

1221 1738 1359 1776 liberos,
1385 1739 1448 1769 sint
1473 1738 1614 1768 officiosi
1640 1748 1721 1781 erga
1744 1745 1903 1779 parentes
1922 1746 1952 1770 et
1968 1747 2145 1781 cognatos,
2167 1741 2214 1772 iu-

1221 1788 1298 1812 vent
1325 1792 1531 1812 communem
1556 1783 1751 1812 societatem
1777 1783 1907 1813 civium.
1955 1784 2006 1814 Ac
2038 1784 2102 1814 nisi
2125 1783 2213 1815 hanc

1221 1825 1375 1856 virtutem
1400 1832 1429 1855 et
1455 1824 1582 1865 στοργήν
1606 1825 1700 1856 Deus
1726 1827 1756 1856 in
1787 1833 1906 1857 natura
1929 1826 2097 1858 hominum
2121 1826 2213 1858 fove-

1220 1875 1287 1905 ret,
1322 1867 1412 1899 nulla
1449 1874 1539 1900 esset
1571 1868 1694 1909 politia.
1741 1869 1807 1900 Sed
1833 1880 1912 1908 nos,
1948 1871 2003 1910 qui
2028 1871 2213 1902 doctrinam

1220 1911 1402 1943 coelestem
1426 1913 1596 1951 audimus,
1621 1913 1781 1947 sciamus,
1810 1924 1877 1943 non
1901 1912 2009 1944 solum
2034 1913 2098 1944 hac
2121 1920 2213 1945 natu-

1219 1954 1279 1986 rali
1312 1954 1525 1986 inclinatione
1549 1956 1633 1987 haec
1658 1954 1768 1987 ostie-ia
1794 1957 1995 1996 praestanda
2022 1967 2116 1995 esse,
2151 1957 2213 1988 sed

1220 2000 1384 2030 accedere
1409 2005 1564 2040 oportere
1600 2000 1748 2030 timoren:
1774 1999 1856 2038 Dei,
1893 2001 1947 2041 qui
1979 1999 2142 2041 impellat,
2176 2006 2212 2031 ut

1219 2049 1382 2083 perpetuo
1405 2049 1438 2073 et
1461 2044 1617 2074 ardenter
1631 2053 1669 2073 ea
1682 2049 1901 2084 praestemus,
1926 2043 1991 2074 1100
2005 2043 2157 2082 consilio,
2177 2049 2213 2075 ut

1219 2085 1294 2117 Deo
1316 2092 1468 2117 nostram
1494 2087 1714 2117 obedientiam
1734 2086 1954 2117 declaremus.
2002 2086 2211 2130 Colligamus

1220 2140 1302 2171 ergo
1327 2130 1511 2161 sententias
1536 2136 1568 2160 et
1591 2129 1754 2170 exempla,
1779 2141 1864 2171 quae
1889 2131 2211 2172 ostenduntpoenas

1218 2172 1317 2204 huius
1342 2174 1439 2210 vitae,
1462 2173 1616 2204 utham
1640 2173 1849 2205 maledicitur
1873 2184 1892 2205 a
1916 2180 2020 2215 patre.
2057 2173 2211 2205 Absolon

1219 2222 1252 2247 et
1276 2217 1374 2255 Siba,
1400 2217 1454 2258 qui
1479 2217 1662 2248 seditiones
1686 2224 1863 2248 nim-erunt
1888 2223 2005 2249 contra
2028 2217 2209 2256 Davidem,

1218 2260 1472 2291 interficiuntur.
1518 2261 1728 2299 Maxentius,
1769 2261 1823 2302 qui
1859 2261 1982 2292 bonum
2016 2262 2211 2302 principem,

1218 2302 1320 2335 filium
1344 2303 1566 2341 Constantini,
1590 2303 1808 2335 Constantem
1833 2304 2014 2345 perfidiose
2038 2310 2071 2336 et
2094 2305 2210 2335 crude—

1217 2346 1292 2378 liter
1326 2346 1509 2386 interfecit,
1543 2348 1606 2378 sibi
1641 2348 1704 2388 ipsi
1726 2353 1845 2388 postea
1872 2354 2011 2378 mortem
2035 2348 2209 2379 conscivit.

1218 2390 1414 2422 Gratianum
1437 2391 1624 2422 modestum
1642 2391 1824 2432 principem
1846 2389 2012 2422 interfecit
2033 2388 2211 2430 Maximus,

1218 2435 1273 2476 qui
1296 2440 1414 2475 postea
1438 2445 1457 2465 a
1476 2433 1667 2465 Theodosio
1692 2441 1828 2475 captus,
1864 2433 2029 2475 supplicio
2054 2433 2209 2466 adfectus

1217 2484 1281 2509 est.
1328 2477 1482 2520 Denique
1508 2476 1708 2521 longissima
1736 2478 1842 2509 series
1866 2483 1974 2516 esset,
2011 2479 2041 2509 si
2064 2479 2209 2509 omnium

1218 2522 1455 2553 seditiosorum
1479 2523 1587 2553 exitus
1610 2531 1790 2553 recensere
1803 2519 1978 2553 vellemus.
2015 2521 2084 2553 Sed
2098 2528 2208 2553 tamen

1216 2565 1298 2597 utile
1323 2571 1386 2604 est,
1410 2564 1495 2596 haec
1519 2564 1670 2606 exempla
1693 2565 1724 2596 in
1749 2564 1897 2596 historiis
1920 2565 2150 2603 considerare,
2175 2571 2209 2596 ut

1216 2609 1374 2640 iudicium
1396 2607 1461 2639 Dei
1494 2615 1641 2641 metuere
1676 2609 1864 2646 discamus,
1898 2617 2088 2650 congruunt
2122 2608 2208 2639 enim

2003 2669 2053 2693 10·
