2383 2990
11 1530 23 1644 ,zo—‘2'
10 1568 13 1578 “
14 1514 16 1520 *

149 140 215 172 577
786 138 829 170 V.
875 136 1143 170 EXPLICATIO
1168 138 1372 172 SYMBOLI
1393 137 1558 171 NlCENt.
2141 141 2207 174 678

152 246 250 268 ovem
293 242 350 266 aut
396 245 471 267 cum
507 235 617 276 pictor
649 235 755 277 pingit
792 234 992 277 Sphingem,
1024 232 1149 265 'volens
1207 235 1435 277 cupiscentiae
1470 244 1573 276 saepe
1596 240 1780 277 usurpatur
1801 245 1863 277 pro
1886 233 1944 267 illa
1968 235 2057 267 mala
2081 237 2207 276 radice,

150 278 342 322 significare
366 278 602 320 sophisticam.
648 278 811 310 Vetus-tas
836 279 953 310 iocosa
975 278 1151 309 mendacia
1207 280 1270 310 etsi
1293 279 1516 321 appetitiones
1540 278 1707 316 differunt,
1732 279 1896 321 quaedam
1919 285 1996 310 sunt
2015 280 2168 312 conditae
2187 291 2208 312 a

149 324 299 354 nominat
322 321 500 364 Apologos
525 329 558 354 et
584 322 751 353 poemata.
798 321 963 353 officiosa
985 327 1079 359 sunt,
1114 328 1151 352 ut
1205 321 1281 354 Deo
1305 323 1337 354 in
1362 328 1494 360 natura,
1519 333 1606 364 quae
1629 321 1770 354 fuissent
1794 323 1892 354 etiam
1916 324 1948 354 in
1972 323 2101 365 integra
2114 329 2207 356 natu-

152 373 404 408 strategemata,
429 372 486 397 aut
509 366 638 408 figurae
664 365 775 404 Raab,
812 364 937 397 Michol
961 371 994 397 et
1013 363 1150 396 similes.
1205 377 1255 404 ra,
1286 373 1319 397 ut
1340 377 1434 397 amor
1467 365 1545 404 Dei,
1580 367 1740 407 appetitio
1776 367 1858 404 cibi,
1884 372 1983 408 potus
2009 373 2041 398 et
2065 366 2204 399 similes.

149 410 242 441 Haec
268 421 333 441 non
347 416 425 441 sunt
448 416 599 451 peccata,
624 410 682 440 sed
708 415 784 440 sunt
803 408 945 440 consilia
968 407 1150 451 singularis
1205 409 1285 440 ltem
1309 412 1445 452 στοργαὶ,
1468 410 1531 448 ira,
1555 409 1664 452 qualis
1688 416 1739 441 est
1762 411 1793 441 in
1818 409 1892 442 Elia
1916 408 2018 442 zelus.

151 454 345 495 sapientiae,
370 464 455 496 quae
481 454 633 495 congruit
662 464 735 484 cum
761 453 924 493 sapientia
947 451 1023 484 Dei.
1059 452 1144 483 Sunt

151 498 237 528 enim
272 496 616 528 commonefactiones
653 497 693 528 de
729 498 830 527 rebus
865 497 953 527 veris
985 501 1018 527 et
1053 496 1151 526 bonis
1293 495 1391 528 Aliae
1416 502 1494 528 sunt
1517 497 1739 538 appetitiones
1763 507 1825 529 suo
1851 508 1980 539 genere
1997 497 2149 536 vitiosae,
2172 503 2208 529 ut

150 541 244 582 quasi
270 541 401 582 pictura
424 547 575 572 ostensa:
599 547 631 571 et
656 539 845 571 referuntur
870 540 911 570 ad
936 539 1025 571 hunc
1040 538 1151 577 finem,
1204 538 1355 571 fremitus
1391 541 1556 571 adversus
1580 539 1706 578 Deum,
1743 541 1791 572 ira
1827 541 1858 572 in
1884 540 1983 579 cain,
2017 541 2208 573 incendium

149 590 185 615 ut
208 585 338 625 prosint
362 583 447 622 aliis,
471 590 506 616 ut
526 585 601 626 quid
627 591 703 614 sunt
727 583 817 614 aliud
843 582 1061 614 Cet-emoniae
1080 583 1152 614 Mo·
1204 584 1387 615 inordinati
1413 584 1536 615 amoris
1561 584 1592 614 in
1617 583 1760 622 Davide‚
1787 592 1819 615 et,
1844 595 1959 615 omnes
1984 582 2071 615 tales
2095 591 2207 616 motus

151 629 264 658 saicae
288 628 350 658 nisi
375 627 460 659 tales
485 627 625 669 figurae,
650 627 738 657 aliud
764 626 1015 667 significantes,
1053 636 1152 668 quam
1205 634 1394 669 pugnantes
1431 638 1504 659 cum
1528 627 1620 669 Lege
1644 627 1719 659 Dei.
1768 627 1844 659 Ideo
1870 628 2098 670 AugustinuS‚
2133 639 2208 661 cum

151 671 239 712 quod
276 670 386 703 oculis
421 672 577 702 cernitur.
631 670 712 701 Vult
747 671 833 700 enim
869 669 962 701 Deus
997 671 1151 701 homines
1180 672 1340 729 'damnat
1367 671 1687 712 concupiscentiam,
1712 672 1804 702 addit
1826 672 2084 710 restrictionem,
2104 678 2137 703 et
2149 683 2207 704 no-

150 715 294 754 docere,
319 722 375 747 aut
398 716 534 757 proprio
560 724 734 751 sermone,
759 720 815 744 aut
840 713 1000 755 figurato,
1025 718 1081 745 aut
1104 713 1152 754 pi·
1179 730 1183 773 ¹
1205 715 1307 746 minat
1331 713 1450 746 malam
1475 715 1794 757 concupiscentiam.

151 759 263 790 cturis.

1292 800 1365 842 Ego
1402 802 1539 832 brevius
1575 801 1742 833 vocabulo
1773 801 1900 841 ἀταξίας
1918 808 2014 840 utor,
2050 814 2126 834 cum
2149 803 2206 834 da-

1205 850 1337 875 mnatur
1373 846 1664 887 concupiscentia,
1700 846 1774 876 dico
1809 845 1933 884 ἀταξίαν
1969 846 2151 888 significari
2174 847 2207 878 in

1206 889 1360 919 onmibns
1386 889 1525 928 viribus,
1550 890 1581 920 in
1606 889 1671 920 hac
1696 890 1880 930 depravata
1895 895 2024 927 natura.
2050 891 2137 921 sieut
2159 889 2208 921 lo-

1206 932 1317 974 quitur
1340 931 1516 964 Ieremias:
1550 932 1618 963 for
1637 932 1782 964 hominis
1802 944 1997 975 perversum
2022 940 2076 965 est
2099 940 2131 965 et.
2154 944 2208 965 ae—

1177 969 1181 1028 Ι
1205 986 1400 1007 rumnosum
1424 977 1457 1007 in
1482 977 1650 1008 omnihus.

1178 1034 1182 1051 Ι

250 923 311 955 DE
336 923 461 955 NONO
486 922 542 954 ET
566 922 740 954 Dlicmo
766 921 1048 953 PRAECEPTO.

238 1061 400 1094 NONUM
423 1060 480 1092 ET
493 1060 703 1092 DEOEMUM
730 1067 948 1103 praeceptum
972 1061 1153 1093 ostendunt

151 1107 330 1138 discrimen
346 1105 470 1147 Legum
488 1104 698 1136 Politicarum
726 1112 755 1135 et
781 1105 884 1147 Legis
909 1105 1051 1135 divinae.
1090 1104 1153 1135 Le-
1207 1107 1313 1147 ceptis
1349 1114 1553 1148 repetuntur.
1613 1107 1786 1139 Pharisaei
1823 1114 1853 1138 et
1889 1106 2047 1139 Monachi
2083 1112 2208 1150 negant

152 1161 213 1193 ges
238 1149 399 1180 Politicae
434 1156 559 1180 tantum
581 1150 784 1191 praeripiunt
813 1150 853 1179 de
878 1149 1024 1179 externis
1050 1149 1152 1179 actio·
1207 1157 1347 1191 peccata
1371 1161 1449 1181 esse
1474 1152 1620 1182 radicem
1641 1152 1836 1182 vitiosorum
1858 1151 2047 1189 affectuum,
2063 1158 2093 1182 et
2114 1152 2207 1183 vitio-

150 1195 263 1231 nibus,
298 1204 363 1223 non
390 1192 572 1235 loquuntur
597 1193 637 1223 de
658 1194 802 1223 motibus
827 1199 882 1223 aut
908 1193 1020 1223 cordis
1044 1193 1152 1234 pravi·
1178 1189 1182 1218 i
1204 1204 1264 1224 sos
1301 1193 1452 1226 affectus.
1515 1195 1619 1226 Stoici
1665 1195 1790 1236 pariter
1826 1194 1944 1226 volunt
1980 1194 2053 1226 tolli
2089 1205 2206 1226 omnes

149 1244 228 1276 tate,
254 1243 285 1268 ut
311 1248 376 1268 non
403 1237 514 1277 rapias
539 1247 594 1267 res
618 1235 765 1275 alienas,
792 1237 867 1278 quia
893 1234 1019 1278 reliqua
1044 1242 1095 1267 est
1120 1236 1151 1267 in
1205 1237 1364 1277 affectus,
1401 1249 1475 1270 cum
1504 1249 1647 1269 necesse
1671 1240 1714 1270 sit
1742 1239 1887 1270 discerni
1913 1239 2069 1270 conditos
2094 1239 2125 1270 in
2150 1249 2207 1271 na-

150 1288 268 1312 natura
302 1279 439 1311 libertas
475 1279 625 1311 frenandi
661 1288 799 1311 externa
827 1281 985 1318 membra,
1016 1290 1076 1310 seu
1102 1290 1152 1310 re·
1178 1276 1181 1316 Ξ
1205 1288 1279 1313 tura
1303 1288 1334 1313 et
1358 1280 1444 1312 alios
1468 1288 1659 1325 pugnantes
1684 1294 1758 1314 cum
1782 1282 1872 1325 Lege
1899 1282 1975 1314 Dei.

151 1326 250 1367 gcndi
286 1323 534 1357 locotnotivam.
582 1323 627 1354 At
653 1324 762 1365 Leges
788 1325 920 1354 divinae
943 1324 1151 1365 praecipiunt

150 1370 192 1400 de
212 1369 341 1409 integra
366 1368 568 1405 obedientia,
593 1368 634 1397 de
660 1368 817 1398 intc1iorc
835 1374 866 1397 et
887 1368 1065 1405 exteriore,
1089 1377 1151 1398 seu

150 1413 192 1443 de
226 1412 355 1453 integra
393 1410 627 1441 conformitate
662 1411 805 1441 onmium
843 1412 959 1442 virium
995 1411 1151 1449 hominis,

149 1456 269 1487 mentis
294 1461 325 1485 et
351 1453 533 1485 voluntatis
559 1460 588 1485 et
615 1454 725 1485 cordis
741 1466 814 1485 cum
829 1454 916 1493 Deo,
939 1460 973 1486 ut
987 1460 1149 1486 accusent

149 1505 182 1530 et
206 1499 362 1530 (latnnent
400 1509 465 1529 non
490 1504 615 1529 tantum
641 1505 780 1529 externa
804 1497 944 1537 delicta,
968 1499 1027 1529 sed
1053 1499 1150 1529 etiam
1175 1488 1178 1536 i
1203 1492 1538 1535 ADEIONITIO
1587 1492 1893 1535 ΟΟᾈῙᾈΙΗΝΙΞ
1926 1494 2001 1534 DE
2034 1494 2207 1535 PRAE-

149 1543 307 1574 tenebras
332 1542 465 1580 mentis,
502 1547 534 1573 et
569 1543 764 1583 pravitatem
790 1543 914 1573 cordis.
963 1542 1041 1573 idco
1065 1541 1150 1573 haec
1175 1539 1178 1590 J

149 1587 215 1618 duo
239 1592 420 1627 praet-epta
444 1591 613 1626 postrema
632 1585 756 1636 addunt
780 1585 867 1617 ham:
892 1584 1150 1637 declarationem
1175 1591 1178 1625 ξ
1203 1572 1320 1630 MHS
1367 1572 1437 1613 ET
1483 1572 1686 1614 POENIS
1732 1572 1834 1614 SEU
1868 1572 1942 1612 DE
1974 1571 2207 1615 PROMIS·

149 1630 391 1672 ¹³¹
448 1629 524 1660 Ν”
571 1639 793 1670 Η
1001 1628 1149 1661 “¹¹³⁸''¹¹¹⁵·
1204 1650 1464 1693 slomssus
1520 1651 1590 1691 ET
1645 1650 2205 1693 ooMMINATIONtBUs.

148 1674 223 1705 Non
250 1674 472 1714 concupisces
493 1683 548 1704 res
571 1672 710 1704 alienas.
742 1672 784 1703 Et
808 1674 967 1714 repetitur
986 1672 1070 1705 hacc
1095 1673 1150 1704 de-

150 1717 292 1748 claratio
316 1716 432 1748 matth.
453 1716 484 1748 5.
845 1735 848 1738 ,

1293 1062 1365 1094 Hae
1388 1063 1634 1096 admonitiones
1657 1069 1796 1105 propter
1820 1064 1968 1095 iuniores
1992 1064 2023 1094 in
2048 1063 2100 1095 his
2113 1073 2208 1105 prae-

238 1803 411 1835 Pharisaei
434 1810 464 1834 et
487 1802 644 1834 Monachi
669 1804 826 1835 dixerunt
850 1810 977 1835 tantum
1003 1804 1152 1835 damnari

151 1848 291 1879 vitiosos
316 1847 475 1885 affectus,
501 1858 574 1878 cum
598 1848 728 1879 accedit
756 1858 960 1885 consensus,
985 1858 1053 1879 non
1077 1859 1152 1890 προ·

149 1892 297 1929 arianae,
318 1890 384 1922 hoc
408 1892 493 1922 enim
517 1892 649 1922 nomine
674 1889 773 1933 aliqui
799 1893 849 1922 usi
874 1898 968 1922 sunt.
994 1891 1090 1922 Hunc
1103 1901 1153 1922 er·
1207 1895 1318 1926 (licant
1345 1891 1535 1924 Aeschines
1560 1899 1590 1924 et
1617 1892 1884 1930 Demosthenes,
1916 1892 2002 1923 οὐδὲν
2025 1891 2133 1933 ὄφελος
2156 1894 2208 1931 τῆς

150 1946 261 1967 rorem
284 1941 372 1966 taxat
401 1934 524 1966 Paulus
549 1936 590 1966 ad
615 1935 786 1966 Romanos
811 1936 950 1976 septimo
975 1942 1005 1966 et
1031 1942 1152 1967 octavo
1205 1933 1358 1973 πρλιτζείιις
1380 1936 1421 1976 μή
1445 1936 1572 1976 ἐχούσης
1597 1937 1686 1979 νεῦρα
1710 1939 1760 1967 ἐπὶ
1791 1936 1979 1975 ἀδικοῦινιας,
2025 1936 2073 1968 lta
2098 1937 2206 1968 consi-

151 1980 273 2020 capite,
309 1984 341 2009 et
375 1978 520 2010 affirmat
539 1985 681 2020 peccata
705 1989 782 2010 csse
803 1990 919 2010 onmes
940 1979 1080 2010 vitiosos
1106 1977 1152 2010 af·
1207 1982 1363 2013 dei-emus
1395 1982 1427 2011 in
1451 1980 1544 2024 Lege
1569 1981 1681 2012 divina
1704 1981 1947 2022 promissiones
1972 1987 2002 2011 et
2027 1981 2206 2012 commina-

153 2023 283 2060 sectus,
315 2023 413 2053 etiam
439 2033 513 2054 cum
538 2023 684 2053 nondum
708 2023 850 2054 accessit
877 2033 1085 2062 consensus,
1122 2029 1154 2054 et
1206 2026 1331 2057 tiones:
1379 2031 1409 2056 et
1437 2022 1540 2066 longa
1564 2024 1836 2055 connnemoratio
1861 2030 1913 2055 est,
1938 2025 2206 2056 benedictionum

151 2067 296 2098 radicem
330 2076 467 2104 eurum,
503 2065 632 2097 scilicet
667 2073 841 2108 peccatum
878 2067 1030 2108 originis,
1064 2067 1153 2109 quod
1206 2076 1239 2101 et
1262 2067 1533 2100 maledictionum
1553 2069 1585 2099 in
1609 2068 1674 2099 fine
1698 2067 1959 2099 Deuteronomii.
2006 2067 2058 2098 De
2083 2068 2204 2110 quibus

153 2109 405 2152 comprehendit
441 2111 598 2141 tenebras
635 2110 668 2141 in
704 2117 825 2149 mente,
861 2111 1087 2142 dubitationes
1113 2111 1154 2142 de
1205 2114 1344 2154 primum
1364 2111 1429 2143 hoc
1453 2113 1620 2150 sciamus,
1649 2112 1739 2153 quod
1764 2122 1879 2142 onmes
1904 2110 2056 2143 homines
2081 2112 2148 2143 nati
2172 2111 2206 2143 in

150 2154 239 2191 Deo,
265 2160 297 2184 et
320 2154 352 2184 in
379 2152 551 2184 voluntate
575 2159 607 2185 et
631 2155 663 2185 in
689 2154 1153 2193 cordeavet-sioiletnaDet),
1205 2158 1270 2188 hac
1304 2157 1472 2197 pravitate
1496 2162 1647 2193 naturae,
1672 2156 1739 2186 sint
1763 2155 1810 2186 rei
1835 2156 1977 2197 peccati,
2002 2161 2035 2187 et
2060 2166 2205 2187 commu-

151 2196 281 2229 scilicet
312 2198 401 2239 quod
437 2207 496 2228 cor
530 2202 581 2228 est
615 2198 687 2228 sine
723 2199 839 2229 timore
874 2198 958 2236 Dei,
1004 2204 1036 2229 et
1082 2199 1154 2229 sine
1204 2211 1281 2232 nem
1303 2210 1446 2241 poenam
1469 2199 1674 2238 sustineant,
1700 2197 1830 2230 scilicet
1854 2205 1993 2231 mortem
2017 2199 2181 2241 corporis.

152 2241 331 2273 dilectione
373 2240 450 2280 Dei,
497 2247 529 2272 et
563 2240 662 2272 habet
695 2240 873 2274 horribiles
910 2241 1062 2273 fremitus
1096 2243 1153 2273 ad-

152 2295 272 2317 versus
286 2285 395 2316 Deum
409 2286 441 2316 in
465 2285 586 2317 iudicio
612 2296 673 2316 seu
697 2287 825 2327 poenis.
859 2284 1102 2327 Complectitur
1121 2292 1153 2318 et
1293 2287 1374 2319 Item
1410 2298 1485 2319 cum
1519 2297 1615 2318 nemo
1630 2286 1714 2328 Legi
1738 2284 1935 2325 satisfaciat,
1961 2286 2116 2328 quaestio
2140 2292 2202 2325 est,

151 2330 321 2371 ingentem
346 2327 579 2360 confusionem
604 2328 799 2368 affectuum,
830 2330 1046 2372 pugnantium
1078 2340 1152 2361 cum
1205 2331 1284 2374 quid
1319 2331 1449 2373 prosint
1484 2331 1761 2362 comminationes
1796 2336 1828 2361 et
1850 2330 2103 2371 promissiones.
2150 2328 2204 2361 De

1294 1805 1337 1836 Ut
1363 1811 1472 1836 autem
1496 1805 1530 1836 in
1555 1805 1800 1847 gubernatione
1822 1804 1966 1837 humana
1979 1805 2129 1837 videmus
2143 1805 2206 1837 Le—

1207 1859 1269 1892 ges
1294 1849 1472 1886 contemni,
1498 1849 1525 1880 si
1550 1859 1615 1880 non
1642 1848 1874 1890 delinquentes
1899 1850 2090 1890 puniantur,
2115 1849 2206 1881 sicut

1175 1630 1181 1789 Ξ

1177 1796 1182 1926 ἱ

127 2372 246 2414 ‘Lege
271 2372 344 2403 Dei.
392 2371 445 2403 De
479 2371 532 2403 his
568 2370 662 2403 maiis
700 2374 870 2412 omnibus,
907 2374 947 2404 de
976 2373 1089 2404 radice
1120 2380 1152 2406 et
1205 2376 1270 2407 hac
1305 2375 1503 2417 quaestione
1537 2380 1657 2416 postea
1686 2374 1855 2412 dicemus,
1885 2374 1962 2415 quia
1984 2383 2126 2404 necesse
2149 2378 2203 2404 est

152 2415 315 2447 fructibus
339 2417 443 2457 inquit
457 2415 602 2448 Paulus:
627 2416 756 2448 Sensus
781 2418 890 2448 carnis
913 2417 1080 2448 inimicitia
1101 2423 1153 2449 est
1177 2428 1181 2455 ι
1205 2419 1352 2451 discerni
1386 2419 1643 2460 promissionem
1667 2416 1907 2460 Evangelicam
1942 2416 2097 2448 videlicet
2127 2427 2202 2459 gra-

155 2460 320 2491 adversus
356 2458 477 2491 Deum.
546 2459 640 2491 Haec
674 2459 762 2491 mala
797 2462 997 2492 damnantur
1031 2461 1064 2492 in
1099 2460 1151 2493 his
1177 2457 1181 2516 l
1204 2464 1281 2502 tiae,
1307 2470 1338 2494 et
1362 2462 1604 2504 promissiones
1626 2460 1777 2504 legaleS‚
1801 2467 1833 2492 et
1857 2461 1996 2502 exponi,
2035 2461 2202 2503 quomodo

154 2505 354 2546 praeceptis.
1204 2506 1268 2538 hae
1291 2516 1426 2549 qnoque
1449 2506 1579 2546 prosint
1601 2504 1837 2537 reconciliatis.

242 2590 386 2622 Discant
419 2596 530 2622 autem
564 2590 712 2622 iuniores
745 2590 831 2623 haec
860 2590 1029 2623 vocabula
1059 2597 1151 2624 recte

154 2633 349 2677 intelligere,
374 2641 406 2666 et
431 2635 624 2666 discernant
647 2634 799 2667 affectus.
834 2634 1047 2668 Vocabulum
1071 2646 1150 2667 con-

1293 2595 1391 2626 Prius
1415 2599 1525 2625 autem
1548 2594 1589 2624 de
1613 2591 1903 2624 maledictionibus
1927 2598 1959 2623 et
1981 2592 2100 2634 poenis
2113 2592 2201 2623 dica-

1205 2648 1292 2677 mus,
1319 2644 1351 2669 et
1374 2638 1462 2669 sicut
1485 2648 1569 2669 usus
1595 2637 1695 2679 Legis
1720 2635 1806 2668 alius
1830 2643 1882 2668 est
1906 2635 2081 2678 politicus,
2115 2634 2201 2667 alius

314 2704 462 2723 mutamur
479 2704 562 2725 orta.
579 2704 642 2723 vot..
658 2705 743 2724 xxm.
1993 2697 2025 2720 ³¹¹
