2383 2990
119 118 185 152 393

119 220 201 253 18111,
223 215 300 257 quia
323 223 387 244 nec
409 213 498 254 pium
521 218 573 244 est
597 213 646 245 sic
671 213 793 251 dicere,
813 223 876 245 nee
900 212 1000 244 nobis
1023 211 1115 250 utile,

119 269 228 300 neque
251 256 333 289 talia
357 257 446 289 dicta
469 266 585 288 secum
609 257 683 299 ipsa
707 257 929 288 consentiunt.

272 407 556 451 SssCUHdUID
595 414 958 464 argumentUnl.

204 519 313 551 Amos
348 518 379 550 3.
433 518 508 550 Non
543 524 596 550 est
630 516 752 549 malum
786 518 819 548 in
855 518 989 548 civitate
1025 517 1115 560 quod

117 574 185 596 non
219 562 298 594 tecit
326 562 504 594 Dominus.
550 562 745 593 Huiusmodi
781 562 870 593 dicta
905 560 1115 593 cumulantur

116 609 160 640 ab
183 607 223 639 iis
248 608 303 649 qui
329 605 556 639 vociferantur
578 605 688 638 Deum
713 615 790 636 esse
811 615 948 637 causam
972 606 1114 647 peccati.

116 651 180 683 Hic
204 658 316 682 autem
340 658 420 682 nota
454 651 497 681 sit
531 650 685 681 omnibus
722 654 818 681 vetus
854 656 885 681 et
920 650 1116 680 necessaria

117 695 300 727 distinctio.
336 694 505 726 Differunt
527 700 703 736 peccatum
729 700 761 724 et
785 703 906 734 poena,
930 703 971 724 ac
994 693 1116 724 usitate

115 744 294 782 peccatum
317 739 506 769 nominatur
528 736 650 769 malum
671 736 802 778 culpae,
831 737 920 779 quod
945 743 997 768 est
1020 747 1116 767 aver-

116 784 169 814 sio
192 793 212 814 a
234 781 310 813 Deo
336 788 368 813 et
388 781 498 813 odium
522 781 597 819 Dei,
634 782 723 823 quod
759 791 972 823 nequaquam
996 780 1114 818 efficit,

116 826 185 859 Sed
199 836 328 868 poenae
341 832 419 857 sunt
443 825 690 857 destructiones
715 835 825 856 rerum
844 831 899 855 aut
921 835 1114 866 corporum,

115 876 153 902 ut
175 870 341 908 incendia,
366 868 503 907 diluvia,
530 869 648 907 morbi,
684 867 810 900 sames:
846 875 901 900 aut
938 869 969 899 in
1006 868 1115 899 anima

114 924 224 955 pavor
248 919 305 945 aut
328 911 427 944 dolor
449 911 652 943 horribiliter
676 913 818 954 puniens
839 923 891 949 ea,
916 911 993 943 talis
1007 921 1115 953 poena

116 963 168 989 est
191 968 277 998 opus
302 956 446 988 iustitiae
459 955 535 994 Dei,
555 963 587 987 et
611 957 801 987 nominatur
825 954 946 987 malum
971 965 1114 997 poenae,

115 1011 219 1043 saepe
253 1001 354 1042 igitur
389 1000 439 1032 sic
474 998 658 1042 loquuntur
682 999 873 1042 Prophetae
897 998 1006 1031 Deum
1030 998 1115 1030 haec

115 1043 205 1077 mala
239 1044 400 1083 efficere,
444 1043 476 1074 id
506 1050 578 1083 est,
613 1042 676 1074 has
708 1054 836 1085 poenas
874 1042 962 1075 velle
998 1043 1116 1074 ordine

115 1089 275 1121 iustitiae.

204 1158 259 1190 Sic
284 1157 442 1189 Ieremias
470 1157 576 1199 inquit
606 1157 638 1188 in
662 1155 805 1188 Threnis
825 1157 934 1198 capite
957 1155 986 1188 3.
1034 1155 1116 1192 Quis

116 1202 213 1234 dixit:
245 1212 286 1232 ex
310 1212 369 1233 ore
392 1200 545 1232 altissimi
570 1211 632 1232 1188
656 1201 744 1231 bona
769 1211 832 1231 1188
855 1198 942 1231 111313
966 1201 1114 1231 veniunt.

115 1244 182 1277 Ubi
206 1246 363 1288 obiurgat
376 1244 574 1287 Epicureos,
599 1244 655 1286 qui
679 1245 846 1275 somniant
868 1254 925 1276 res
949 1244 1115 1276 secundas

116 1295 148 1322 et
170 1289 336 1321 adversas
362 1298 446 1320 casu
469 1288 634 1320 accidere.

205 1357 330 1390 Similis
355 1359 545 1399 obiurgatio
570 1363 623 1389 est
646 1357 842 1398 Zophoniae
865 1357 989 1399 primo:
1014 1357 1116 1390 Scru-

114 1402 213 1434 tabor
236 1400 418 1434 Ierusalem
443 1400 602 1439 lucernis,
638 1408 671 1432 et
706 1401 850 1432 visitabo
886 1412 989 1442 super
1023 1402 1115 1432 viros

114 1445 246 1478 defixos
269 1446 304 1477 in
328 1444 459 1477 fecibus
479 1446 561 1483 suis,
586 1445 642 1487 qui
667 1445 780 1476 dicunt
803 1445 834 1475 in
853 1445 1013 1476 cordibus
1033 1445 1114 1479 suis,

113 1500 182 1522 non
206 1487 306 1521 saciet
329 1490 414 1521 bene
438 1488 624 1528 Dominus,
660 1494 692 1520 et
721 1499 789 1520 non
817 1487 918 1520 saciet
942 1487 1048 1527 male,
1084 1494 1116 1519 et

116 1533 180 1566 erit
202 1534 322 1565 domus
347 1544 463 1565 eorum
488 1533 625 1565 deserta
649 1538 712 1564 etc.

205 1603 265 1636 Sic
288 1609 321 1636 et
344 1604 467 1635 dictum
490 1603 598 1635 Amos
622 1601 845 1644 intelligatur:
880 1602 1000 1634 Tristis
1036 1613 1115 1645 que-

115 1646 191 1679 rela
215 1653 267 1679 est
293 1648 335 1680 de
360 1657 528 1680 concursu
553 1645 733 1679 multarum
758 1644 996 1678 calamitatum.
1040 1646 1115 1678 Non

117 1697 169 1723 est
191 1690 315 1723 malum
350 1702 499 1734 poenae,
535 1691 624 1733 quod
659 1701 725 1722 non
751 1689 867 1722 fecerit
890 1689 1057 1722 Dominus
1083 1691 1115 1721 in

116 1735 264 1774 civitate,
297 1735 330 1766 id
365 1742 439 1774 est,
486 1735 581 1767 Deus
617 1735 771 1766 omnibus
808 1735 989 1777 generibus
1027 1733 1116 1766 cala-

115 1778 276 1818 mitatum,
310 1777 413 1818 bello,
447 1777 548 1817 fame,
582 1776 638 1810 lue
668 1784 701 1810 et
730 1778 833 1810 variis
858 1778 1028 1810 aerumnis
1053 1788 1115 1809 nos

115 1823 220 1865 punit.

205 1892 259 1924 Sic
293 1897 327 1923 et
361 1891 450 1933 apud
485 1890 571 1923 lesa.
608 1891 718 1933 capite
740 1891 794 1922 45.
840 1890 914 1933 Ego
940 1890 1036 1923 Deus
1067 1888 1115 1923 sa-

115 1936 211 1969 ciens
235 1945 351 1977 pacem
376 1942 408 1966 et
432 1946 555 1967 creans
578 1934 722 1974 malum,
758 1936 799 1967 de
830 1936 931 1967 rebus
955 1936 1114 1968 secundis

114 1985 149 2012 et
171 1980 288 2022 poenis
313 1977 529 2022 intelligatur.

299 2148 533 2189 Tertium
566 2155 928 2204 argumentum.

175 2243 476 2286 Determinatio
510 2245 647 2285 divina
681 2252 744 2286 est
774 2246 1052 2297 immutabilis,

177 2304 328 2347 Omnia
377 2306 657 2361 contingentia
704 2314 800 2348 sunt:
839 2308 1115 2348 determinata

236 2368 278 2407 in
310 2374 450 2407 mente
484 2367 634 2418 divina,

174 2428 283 2484 Ergo
324 2429 461 2469 omnia
508 2429 786 2484 contingentia
831 2437 926 2471 sunt,
965 2430 1115 2471 immu-

235 2489 386 2541 tabilia,
421 2496 463 2530 et,
494 2505 567 2545 per
589 2505 844 2546 consequens
875 2492 1113 2533 necessaria.

201 2581 407 2624 Respondeo
431 2583 473 2614 ad
497 2583 675 2615 maiorem:
698 2583 750 2615 Ex
771 2585 1048 2616 determinatione
1068 2585 1115 2617 di-

113 2627 202 2667 vina,
233 2633 361 2658 tantum
385 2628 576 2659 necessitas
601 2630 861 2670 consequentiae
886 2630 1054 2672 sequitur,
1082 2636 1115 2661 et

772 116 815 148 V.
838 115 1106 148 EXPLICATIO
1131 114 1334 148 SYMBOLI
1356 114 1518 148 NlCENl.

2098 117 2163 149 394

1170 211 1265 242 aliter
1299 210 1513 254 intelligenda
1549 217 1600 243 851
1634 211 1864 244 determinatio
1896 219 2075 245 eventuum
2105 214 2164 245 bo-

1170 266 1299 286 norum.
1325 267 1408 298 quos
1433 254 1503 287 vult
1522 254 1632 287 Deus:
1657 254 1761 288 Aliter
1784 254 1947 288 malorum
1972 263 2164 296 eventuum,

1170 310 1255 341 quos
1278 310 1345 330 non
1370 298 1452 338 vult,
1475 301 1536 331 sed
1560 300 1729 341 permittit.

1257 376 1352 408 Deus
1394 378 1618 409 determinans
1656 377 1761 410 hanc:
1807 378 1932 411 Mortui
1967 385 2162 421 resurgentt

1170 419 1243 453 vult
1266 419 1352 453 113118
1377 423 1668 461 resurrectionem,
1705 430 1737 454 et
1771 424 1885 454 condit
1921 424 2094 455 decretum
2123 433 2165 454 ne

1170 464 1227 496 fiat
1252 466 1453 506 oppositum,
1489 465 1535 496 At
1559 467 1781 497 determinans
1804 467 1918 498 istam:
1950 467 2041 499 Nero
2065 468 2165 498 inter-

1170 509 1259 540 ficiet
1285 507 1438 546 Paulum,
1474 519 1542 539 non
1570 508 1640 541 vult
1671 510 1757 541 113118
1781 511 1970 550 saevitiam,
2007 512 2066 543 5811
2090 521 2164 552 per-

1170 554 1264 584 mittit
1289 559 1322 584 et
1346 554 1543 584 determinat
1567 560 1670 585 metas
1695 552 1845 586 surorum
1868 554 2031 594 Neronis,
2062 562 2098 587 ut
2122 555 2164 586 de

1171 595 1399 628 Sennacherib
1424 597 1543 628 dieitur
1566 598 1596 628 4.
1622 597 1752 640 Regum
1784 598 1834 630 19.
1860 598 1986 630 Ponam
2031 598 2165 631 hamum

1169 642 1204 672 in
1227 639 1326 672 labiis
1349 641 1415 672 tuis
1440 646 1471 672 et
1494 641 1653 673 reducam
1677 649 1718 673 te.

1345 809 1591 861 Quartum
1623 818 1981 865 argumentum.

1232 932 1392 973 Causae
1426 932 1630 973 secundae
1660 948 1742 973 non
1765 940 1894 988 agunt:
1917 934 2002 973 sine
2025 933 2166 988 prima,

1230 994 1339 1049 Ergo
1378 1008 1473 1034 cum
1517 994 1723 1035 secundae
1756 1001 1896 1050 agunt,
1936 995 2164 1035 necessario

1293 1055 1448 1110 primae
1481 1056 1600 1095 simul
1632 1063 1771 1111 agunt.

1259 1164 1511 1206 Simplicissima
1542 1172 1575 1197 et
1609 1166 1859 1207 expeditissima
1888 1167 2067 1208 responsio
2102 1173 2165 1205 est,

1172 1210 1342 1241 secundas
1367 1220 1434 1240 non
1459 1220 1561 1252 agere
1585 1210 1657 1241 sine
1680 1211 1787 1251 prima
1821 1216 2044 1248 sustentante,
2080 1220 2167 1252 quae

1170 1259 1281 1285 tamen
1306 1252 1475 1284 liberrime
1508 1254 1696 1292 concurrit,
1731 1255 1800 1296 agit
1835 1260 1994 1296 quantum
2029 1253 2100 1285 vult
2134 1260 2167 1286 et

1171 1304 1337 1339 quatenus
1363 1296 1445 1335 vult,
1469 1304 1501 1329 et
1526 1296 1621 1329 aliter
1639 1299 1809 1329 concurrit
1833 1299 1866 1329 in
1891 1298 2049 1340 regendis
2072 1298 2167 1329 moti-

1172 1342 1235 1373 bus
1259 1339 1482 1380 coelestibus,
1516 1342 1549 1372 in
1583 1342 1734 1383 regenda
1758 1342 1876 1373 dextra
1902 1341 2045 1373 Davidis
2070 1352 2166 1383 prae-

1170 1383 1301 1423 11311115,
1338 1391 1370 1416 81
1394 1384 1491 1416 aliter
1514 1386 1546 1416 in
1577 1386 1801 1417 sustentanda
1831 1387 2020 1417 substantia
2045 1385 2168 1424 Saulis,

1170 1429 1222 1460 cui
1254 1430 1395 1471 praebet
1426 1429 1527 1460 vitam
1561 1435 1709 1468 tantum,
1739 1430 1903 1470 tantisper
1939 1430 2048 1461 donec
2084 1428 2167 1469 vult,

1170 1473 1265 1504 cuius
1291 1472 1448 1505 voluntas
1473 1473 1574 1504 habet
1597 1483 1692 1504 suam
1727 1474 1895 1515 quandam
1929 1479 1960 1504 et
1995 1474 2166 1515 propriam

1169 1517 1347 1555 actionem,
1372 1527 1437 1547 non
1463 1516 1642 1558 impellitur
1665 1518 1708 1548 ad
1732 1517 1822 1548 mala
1845 1528 1865 1548 a
1890 1517 1984 1548 Deo:
2021 1527 2163 1549 necesse

1170 1567 1221 1591 est
1244 1561 1329 1592 enim
1354 1561 1499 1593 discerni
1523 1560 1632 1592 Deum
1660 1572 1679 1592 a
1712 1562 1890 1599 creaturis,
1915 1562 2096 1593 essentiam
2119 1562 2166 1593 in-

1170 1611 1316 1635 creatam
1339 1606 1382 1636 ab
1403 1605 1560 1636 essentiis
1584 1606 1717 1636 creatis.
1765 1605 1846 1637 118111
1866 1605 2023 1636 diversos
2047 1606 2168 1638 modos

1169 1648 1308 1689 agendi,
1346 1648 1481 1680 modum
1515 1648 1637 1690 agendi
1666 1648 1867 1681 naturaliter
1890 1659 1959 1681 uno
1984 1650 2102 1689 modo,
2137 1655 2170 1682 et

1170 1692 1304 1724 modum
1327 1693 1450 1734 agendi
1474 1691 1588 1724 libere.

1339 1859 1579 1911 Quintum
1618 1869 1995 1917 argumentum.

1258 1970 1409 2003 Citantur
1440 1972 1530 2004 dicta
1561 1978 1596 2004 ut
1619 1971 1723 2014 Ephe.
1764 1977 1791 2005 l.
1838 1972 1950 2004 Electi
1979 1973 2165 2006 secundnm

1168 2016 1377 2057 propositum
1402 2016 1484 2055 eius,
1509 2017 1564 2059 qui
1589 2015 1668 2048 facit
1699 2018 1808 2049 omnia
1840 2018 2025 2049 secundum
2058 2018 2167 2049 consi

1169 2059 1246 2092 lium
1272 2060 1455 2092 voluntatis
1489 2070 1583 2099 suae,
1617 2067 1650 2092 et
1677 2061 1704 2092 l.
1730 2060 1883 2093 Corinth.
1910 2061 1959 2093 12.
2009 2061 2089 2093 118111
2114 2067 2167 2093 est

1169 2104 1263 2135 Deus
1287 2114 1393 2146 agens
1418 2105 1528 2135 omnia
1552 2105 1584 2135 in
1609 2105 1773 2136 omnibus.
1821 2105 1881 2136 Hic
1911 2105 2067 2136 monendi
2091 2111 2168 2137 sunt

1169 2149 1329 2186 iuniores,
1364 2148 1448 2179 11388
1472 2148 1560 2180 111813
1592 2159 1657 2179 11011
1687 2147 1778 2191 loqui
1803 2149 1951 2192 Physico
1977 2159 2088 2188 more,
2125 2150 2167 2181 de

1169 2192 1322 2224 omnibus
1346 2192 1490 2223 motibus
1515 2193 1673 2224 materiae
1705 2200 1733 2224 81
1766 2194 1910 2224 omnium
1939 2194 2166 2225 animantium.

1169 2236 1238 2267 Sed
1262 2242 1387 2266 tantum
1419 2236 1460 2266 de
1496 2236 1592 2267 bonis
1624 2243 1656 2268 et
1689 2236 1893 2269 salutaribus
1918 2238 2108 2269 actionibus
2133 2238 2166 2268 in

1168 2278 1339 2311 Ecclesia:
1376 2279 1469 2311 Sicut
1492 2279 1558 2311 hoc
1582 2280 1724 2319 dictum,
1758 2280 1831 2324 Ego
1863 2291 1937 2312 sum
1973 2282 2068 2319 vitis,
2102 2291 2165 2313 vos

1168 2322 1337 2364 palmites,
1360 2323 1440 2355 Sine
1464 2334 1516 2355 me
1540 2322 1621 2355 nihil
1644 2325 1785 2366 potestis
1809 2324 1934 2363 facere,
1959 2323 2090 2356 scilicet
2112 2335 2166 2356 sa-

1168 2366 1276 2399 lutare
1301 2367 1398 2398 vobis
1425 2373 1457 2398 et
1479 2367 1664 2399 Ecclesiae.
1713 2369 1798 2400 Sunt
1833 2376 1943 2400 autem
1975 2368 2165 2400 testimonia

1169 2418 1201 2443 et
1226 2410 1478 2443 consolationes
1503 2410 1730 2450 dulcissimae,
1755 2423 1840 2454 quae
1863 2411 2032 2444 affirmant
2054 2412 2165 2444 Deum

1169 2461 1202 2486 et
1225 2455 1404 2486 Dominum
1436 2462 1587 2487 nostrum
1612 2456 1719 2487 lesum
1745 2455 1914 2488 Christum
1939 2467 2019 2487 vere
2041 2456 2166 2488 adesse

1170 2498 1357 2537 Ecclesiae,
1382 2506 1414 2530 et
1439 2500 1467 2530 ei
1492 2510 1588 2540 opem
1612 2499 1712 2538 ferre,
1735 2507 1767 2531 et
1791 2499 1878 2531 velle
1901 2506 1936 2531 111
1956 2506 2107 2541 petamus
2131 2505 2165 2532 et

1169 2550 1385 2584 expectemus
1414 2542 1570 2574 auxilium
1599 2545 1755 2583 divinum,
1791 2545 1878 2575 sicut
1912 2544 2018 2586 inquit
2048 2544 2165 2576 Domi-

1168 2598 1248 2618 nus:
1275 2587 1379 2618 Petite
1404 2594 1436 2618 et
1460 2588 1643 2629 accipietis.
1692 2588 1790 2626 lte-m,
1815 2588 1949 2624 Quanto
1973 2589 2080 2631 magis
2106 2598 2162 2629 pa-

1168 2637 1218 2662 ter
1241 2637 1354 2663 vester
1390 2629 1549 2663 coelestis
1579 2632 1669 2664 dabit
1693 2632 1851 2675 Spiritum
1875 2638 2028 2664 sanctum
2050 2638 2164 2674 peten-
