2383 2990
173 162 240 195 65⁷
976 156 1049 189 vlt.

173 258 330 301 privatim
364 256 577 296 absolvendi,
612 255 751 288 multum
786 254 945 288 conducit
969 253 1011 285 ad
1036 252 1179 283 retinen-

175 304 254 334 dum
278 300 483 333 intellectum
506 300 682 342 Evangelii
706 301 889 342 proprium,
911 298 1000 340 quod
1024 296 1180 337 Evange—

174 345 255 377 lium
269 346 437 377 contineat
452 346 711 386 promissionem
725 344 933 376 remissionis
954 347 1180 383 peccatorum.

173 388 233 421 Est
268 396 301 420 et
335 388 468 421 illustre
491 389 730 427 testimonium,
760 388 850 430 quod
875 393 951 428 post
979 385 1180 426 baptismum

174 432 261 475 lapsi
285 433 439 464 converti
463 433 606 474 possint,
642 439 674 464 et
705 432 860 463 conversi
896 429 1078 470 recipiendi
1102 427 1181 464 sint,

174 482 208 507 et
231 475 446 512 absolvendi,
466 488 507 504 oc
531 487 650 504 rursus
675 475 755 503 fiant
780 475 944 502 haenc-«les
970 474 1059 500 vitae
1072 477 1180 500 aeter-

175 529 248 550 nae.
280 518 375 549 Haec
399 527 504 549 causa
527 516 628 548 valde
651 524 788 547 movere
818 514 892 555 pias
917 520 1045 544 mentes
1069 513 1181 549 debet,

174 568 211 594 ut
233 568 344 593 ament
367 568 398 592 et
423 567 579 592 tueantur
602 559 754 601 privatim
778 556 1039 595 absolutionem,
1059 563 1092 588 et
1116 566 1180 588 suo

176 604 333 647 exemplo
358 605 428 637 eius
453 604 745 636 conservationem
767 602 936 633 adiuvent.

454 777 518 809 DE
541 774 906 809 SATISFACTIONE.

263 908 299 940 ln
323 907 388 940 hac
411 908 625 940 distinctione
647 907 788 948 partium
802 906 1039 948 poenitentiae,
1058 915 1180 936 nomen

175 952 431 990 satisfactionis,
468 957 502 983 ut
537 952 569 982 in
595 950 659 983 hoc
684 950 760 982 loco
785 958 981 991 usurpatum
1007 955 1077 987 est,
1113 959 1180 979 non

175 996 345 1038 significat
381 995 689 1036 compensationem
715 995 790 1025 Deo
826 1005 886 1035 pro
923 992 1022 1034 culpa
1046 990 1181 1023 satissa-

176 1040 330 1077 ‹·ientom‚
365 1045 397 1070 et
433 1038 623 1080 plac-antem
659 1039 740 1069 iram
766 1037 846 1075 Dei,
883 1048 968 1079 quae.
993 1035 1180 1067 satisfactio

173 1084 310 1125 proprie
332 1093 393 1125 per
416 1082 534 1114 Filium
559 1082 649 1114 sacta
672 1089 736 1119 est,
758 1081 829 1113 Nec
853 1080 1021 1112 sioniticat
1045 1078 1180 1111 satisfa-

175 1127 319 1158 ctionem
354 1126 549 1165 sorensem,
584 1137 651 1168 qua
685 1126 816 1157 debitor
852 1108 954 1156 soitit
990 1124 1178 1165 pec-uniam,

174 1180 273 1213 quam
298 1171 417 1209 (lebet,
451 1176 509 1202 aut
544 1171 572 1201 is
596 1170 652 1212 qui
677 1169 779 1201 alium
811 1169 929 1200 iniuria
952 1168 1080 1203 affecit,
1115 1167 1179 1198 sibi

174 1215 306 1256 ignosci
327 1221 415 1246 orat:
439 1214 523 1245 Nam
547 1213 632 1245 haec
646 1212 790 1245 lorensis
810 1211 998 1245 satisfactio
1019 1218 1071 1243 est
1092 1222 1178 1252 opus

174 1258 332 1296 debitum,
356 1264 388 1289 et
412 1259 555 1299 pertinet
578 1257 620 1288 ad
645 1258 892 1295 contritionem,
913 1267 953 1287 ac
968 1258 1088 1287 bonum
1103 1266 1179 1296 pro-

173 1303 334 1343 positum:
359 1300 405 1332 Ut
429 1308 544 1343 raptor
566 1300 696 1333 alienae
721 1301 892 1343 coniugis,
924 1301 952 1331 si
978 1310 1044 1331 non
1070 1299 1179 1330 reddit

174 1346 292 1377 marito
317 1346 507 1387 coniugem,
532 1351 643 1376 manet
666 1344 809 1377 adulter.
835 1351 867 1375 et
892 1351 943 1375 est
968 1344 1041 1374 sinc
1055 1343 1179 1374 contri-

173 1389 277 1427 tione,
302 1394 335 1420 et
358 1389 431 1420 sine
456 1390 544 1420 bono
570 1389 764 1430 proposito,
800 1388 848 1418 lta
873 1389 1005 1419 debitor
1029 1398 1096 1418 non
1121 1397 1179 1417 vo-

172 1430 248 1464 lens
261 1430 409 1469 solvere,
433 1443 507 1463 cum
532 1432 653 1473 possit,
678 1434 788 1463 manet
813 1430 879 1470 fur,
904 1438 935 1463 et
955 1430 1073 1473 regula
1099 1440 1179 1461 vera

173 1481 226 1507 est
246 1477 363 1507 dextre
387 1474 574 1507 intellecta:
609 1475 791 1508 Peccatum
814 1486 881 1507 non
906 1476 1091 1514 remittitur,
1116 1474 1179 1505 nisi

174 1517 323 1551 ablatum
346 1520 551 1551 restituatur.
1106 1518 1109 1524 ⁴

261 1605 332 1638 Sed
356 1605 445 1637 hanc
468 1606 601 1637 tertiam
619 1612 752 1647 partem
771 1606 996 1647 poenitentiae
1009 1606 1181 1637 nominant

172 1649 438 1682 satisfactionem
463 1648 681 1687 Canonicam,
705 1660 792 1691 quae
815 1648 894 1681 olim
917 1656 988 1681 erat
1011 1648 1182 1691 publicum

173 1692 419 1736 spectaculum,
453 1694 486 1724 in
522 1704 589 1735 quo
624 1694 759 1724 stabant
796 1700 889 1725 certo
926 1692 1002 1724 loco
1039 1700 1182 1735 agentes

173 1738 428 1779 poenitentiam,
463 1743 496 1768 et
531 1738 714 1768 servabant
749 1737 869 1768 ieiunia
903 1735 1030 1779 aliquot
1054 1738 1180 1768 dierum

174 1788 231 1812 aut
254 1782 418 1812 mensium
442 1787 519 1812 ante
542 1780 802 1819 absolutionem,
837 1786 868 1811 et
893 1780 1002 1821 palam
1027 1781 1182 1812 ostende-

176 1826 298 1856 bantur
322 1823 446 1866 populo
466 1831 622 1866 tanquam
647 1825 706 1862 rei,
727 1831 759 1855 et
784 1823 960 1866 lugenteS‚
994 1831 1027 1856 ut
1052 1831 1181 1855 extaret

175 1869 309 1911 signum
334 1879 401 1899 non
426 1867 601 1900 simulatae
624 1869 867 1910 poenitentiae,
903 1874 934 1899 et
970 1877 1005 1899 ut
1041 1867 1096 1899 alii
1128 1867 1180 1899 his

175 1911 338 1954 exemplis
364 1911 637 1950 commonefacti,
663 1911 855 1955 diligentius
874 1918 1030 1954 regerent
1053 1922 1179 1949 mores,

174 1967 217 1988 ne
239 1955 444 1988 laberentur.
491 1955 617 1987 Horum
653 1956 773 1987 rituum
799 1956 890 1986 initio
915 1956 1034 1987 modus
1057 1955 1179 1998 aliquis

174 1999 249 2038 fuit,
274 2008 306 2032 et
331 1998 438 2031 abfuit
462 2001 674 2041 superstitio,
706 2011 804 2031 nemo
830 1999 1004 2040 cogitabat
1039 2010 1078 2030 se
1113 2010 1178 2031 me-

173 2045 239 2076 reri
263 2043 330 2075 hoc
354 2042 552 2085 spectaculo
573 2044 803 2075 remissionem
829 2042 950 2084 culpae
971 2042 1021 2073 vel
1038 2054 1177 2084 poenae,

174 2088 235 2119 sed
259 2086 447 2127 exemplam
473 2094 545 2118 erat
569 2087 649 2118 utile
679 2086 894 2130 disciplinae,
928 2088 1100 2130 pertinens
1136 2088 1178 2119 ad

175 2130 325 2173 politiam
348 2130 640 2169 Ecclesiasticam.

263 2218 341 2250 Non
366 2217 501 2249 dubium
525 2228 578 2249 est
601 2223 724 2257 autem,
758 2219 822 2250 hos
846 2219 943 2257 ritus,
978 2219 1098 2255 quibus
1129 2219 1177 2264 rei

1235 523 1310 542 cum
1331 512 1361 541 in
1383 511 1504 542 iudicio
1528 509 1776 542 absolveretur.

1205 992 1209 1008 1

1087 155 1150 188 DE
1172 152 1484 186 POENITENTIA.
2169 148 2236 182 658

1230 248 1409 282 multorum
1444 246 1645 279 officiorum.
1689 246 1796 278 Nemo
1831 255 1898 276 una
1933 245 2043 276 cibum
2067 245 2235 286 capiebat,

1233 295 1343 325 donec
1367 292 1423 325 ille
1448 292 1629 329 homicida,
1655 289 1710 322 vel
1734 291 1885 321 incestus
1898 290 2037 331 gerebat
2051 289 2149 330 signa
2161 300 2234 321 rea-

1233 344 1300 375 tus,
1331 344 1363 368 et
1386 342 1480 368 erant
1505 344 1597 367 certa
1622 336 1726 366 verba
1747 334 2124 371 excommunicationis,
2148 344 2234 375 quae

1233 382 1444 412 vocabantur
1468 379 1583 417 Dirae,
1608 389 1732 421 graece
1756 378 1840 419 ἄραι,
1863 377 2067 408 Sicos-estes
2092 383 2234 419 vagatus

1235 432 1286 457 est
1310 426 1342 456 in
1368 424 1525 462 Graecia,
1551 423 1726 454 abstinens
1751 424 1793 454 ab
1817 421 1959 453 aliorum
1985 421 2159 459 convictu,
2194 431 2236 452 ae

1235 477 1359 510 gerens
1385 469 1483 508 signa
1507 474 1633 504 reatus,
1670 477 1757 508 quae
1791 472 1911 508 postea
1935 465 1965 496 ei
1988 465 2120 497 ademta
2143 470 2234 503 sunt,

1823 509 1865 540 Et
1899 508 2000 540 multa
2024 508 2105 541 talia
2125 519 2235 540 exeni-

1235 554 1291 596 pla
1315 555 1508 592 recitantur,
1532 561 1567 586 ut
1593 555 1728 585 Adrasti
1752 554 1840 596 apud
1861 553 2080 592 Herodotum,
2114 555 2171 595 qui
2194 553 2236 584 ad

1235 598 1401 630 Croesum
1426 599 1517 629 venit
1541 608 1665 640 gerens
1685 599 1784 640 signa
1807 604 1933 629 reatuS.

1322 684 1407 717 Cum
1430 691 1542 716 autem
1565 684 1665 716 huius
1689 685 1813 716 vetusti
1836 685 1940 716 moris
1954 685 2097 727 vestigia
2121 691 2236 716 essent

1234 728 1344 760 adhuc
1379 730 1411 760 in
1438 727 1561 771 populo
1588 729 1739 767 ludaico,
1774 735 1805 760 et
1829 728 1986 771 gentibus
2011 739 2078 760 non
2103 729 2237 760 omnino

1235 773 1434 811 barbaricis,
1470 779 1607 814 recepta
1643 779 1695 803 est
1731 772 1816 803 haec
1849 771 2026 814 disciplina
2060 774 2159 804 etiam
2194 774 2236 804 ab

1234 816 1402 854 Ecclesia,
1425 816 1553 858 luitque
1576 817 1666 847 initio
1691 817 1812 847 modus
1832 827 1946 848 earum
1961 817 2237 855 ceremoniarum,

1234 861 1295 892 sed
1321 868 1441 902 postea
1465 861 1660 903 superstitio
1687 860 1826 891 adfinxit
1861 860 2092 891 remissionem
2116 871 2238 902 pecca·

1235 912 1345 935 torum
1371 904 1441 935 dat-i
1462 912 1601 946 propter
1624 904 1712 935 lianc
1737 904 2005 946 castigationem.
2052 904 2143 935 Haec
2169 905 2238 945 opi-

1235 949 1289 979 nio
1314 949 1402 980 auxit
1430 947 1492 979 has
1515 948 1638 980 multas
1663 949 1767 986 adeo,
1791 954 1826 979 ut
1849 948 1982 979 tandem
2008 947 2238 980 intolerabiles

1235 999 1363 1023 essent.
1399 991 1541 1023 ‚Rursus
1577 993 1678 1035 igitur
1713 990 1845 1023 laxatae
1870 998 1960 1030 sunt,
1985 998 2017 1023 et
2046 991 2112 1023 hoc
2136 1003 2234 1032 yoca-

1237 1037 1315 1067 bant
1341 1035 1503 1077 Episcopi
1530 1036 1769 1078 indulgentias,
1793 1036 1826 1066 id
1850 1042 1915 1073 est,
1941 1036 2160 1067 remissiones
2192 1043 2237 1068 ta-

1233 1078 1312 1111 lium
1336 1079 1623 1120 spectaculorum,
1659 1081 1699 1111 de
1731 1080 1852 1122 quibus
1877 1078 2035 1111 Canones
2060 1090 2240 1122 praecepe-

1234 1130 1319 1154 rant.
1366 1123 1415 1154 lta
1450 1122 1608 1165 paulatim
1644 1123 1703 1155 illa
1738 1130 1855 1154 vetera
1889 1123 2088 1165 spectacula
2124 1134 2239 1156 cessa-

1233 1174 1320 1205 runt,
1356 1178 1477 1199 nomen
1512 1168 1635 1199 mansit
1665 1166 1911 1199 satisfactionis
1941 1178 2010 1200 non
2033 1167 2238 1201 intellectum

1232 1222 1252 1242 a
1274 1210 1412 1253 populo.

1321 1297 1389 1330 Sed
1414 1297 1560 1331 fatentur
1583 1297 1755 1337 Monachi,
1779 1298 2033 1331 satisfactiones
2067 1310 2136 1332 non
2171 1311 2238 1332 me-

1233 1343 1299 1374 reri
1323 1343 1555 1374 remissionem
1582 1341 1714 1384 culpae.
1761 1342 1805 1374 Ut
1830 1350 1940 1374 autem
1965 1342 2089 1386 aliquid
2113 1345 2238 1376 tribue-

1233 1393 1306 1417 rent
1331 1385 1456 1426 multis,
1476 1388 1643 1418 tinxerunt
1667 1397 1734 1418 non
1758 1387 1879 1418 remitti
1904 1398 2048 1429 poenam
2067 1395 2238 1420 aeternam

1233 1431 1295 1461 nisi
1322 1438 1462 1472 propter
1485 1431 1795 1472 compensationem
1831 1441 2016 1472 poenarum
2040 1433 2238 1474 purgatorii,

1235 1473 1289 1505 vel
1323 1472 1464 1506 aliarum
1497 1473 1738 1515 temporalium.
1785 1473 1951 1506 Dixerunt
1980 1476 2081 1518 igitur
2104 1475 2239 1508 satisfa-

1235 1518 1365 1550 ctiones
1402 1519 1520 1550 mereri
1555 1518 1787 1551 remissionem
1818 1529 2002 1561 poenarum
2038 1521 2236 1562 purgatorii,

1235 1560 1290 1593 vel
1309 1561 1450 1594 aliarum
1475 1573 1660 1604 poenarum
1684 1562 1782 1594 huius
1805 1564 1906 1602 vitae,
1929 1562 1994 1595 Hie
2017 1565 2238 1605 prudentiain

1235 1606 1413 1638 iudicando
1437 1606 1628 1638 adhibenda
1651 1612 1714 1638 est.

1235 1736 1477 1769 satisfactionis
1501 1736 1706 1777 canonicae,
1728 1748 1828 1780 quam
1848 1739 1911 1781 ipsi
1934 1739 2079 1771 tradunt.

1323 1692 1469 1724 Primum
1493 1699 1602 1725 autem
1626 1703 1769 1725 necesse
1798 1700 1849 1725 est
1883 1704 1990 1726 nosse
2013 1694 2237 1728 definitionem

1322 1823 1517 1857 Satissactio
1543 1824 1728 1864 Canonica,
1753 1822 1805 1857 est
1829 1824 1942 1857 facere
1966 1837 2069 1868 opera
2087 1837 2155 1858 non
2180 1828 2237 1859 de-

1235 1869 1315 1907 bita,
1339 1870 1370 1900 id
1396 1876 1459 1907 est,
1483 1880 1549 1901 non
1571 1870 1724 1901 mandata
1750 1868 1827 1912 lege
1849 1869 1932 1909 Dei,
1967 1872 2026 1902 sed
2051 1881 2156 1912 opera
2181 1882 2236 1903 su-

1202 1877 1464 1994 'perogationis
1498 1914 1647 1945 iniuncta
1682 1915 1723 1945 ab
1748 1913 1939 1955 Episcopis,
1974 1913 2028 1946 vel
2063 1915 2235 1956 ministris,

1234 1963 1264 1988 ut
1297 1966 1488 1988 mereantur
1523 1958 1750 1989 remissionem
1789 1969 1917 1999 poenae
1941 1959 2144 2001 purgatorii,
2180 1958 2235 1992 vel

1202 1996 1207 2055 Ι
1233 1999 1370 2032 aliarum
1392 2012 1574 2043 poenarum
1599 2000 1698 2033 huius
1718 2003 1816 2034 vitae.

1201 2058 1207 2123 i
1320 2087 1417 2120 Nunc
1442 2089 1635 2120 consideret
1661 2089 1795 2127 Lector,
1820 2089 1862 2120 de
1886 2090 2006 2131 quibus
2031 2091 2177 2122 materiis
2201 2092 2234 2123 in

1231 2131 1299 2163 hoc
1323 2131 1400 2163 loco
1425 2133 1602 2164 dicendum
1623 2133 1677 2171 sit,
1699 2132 1827 2164 scilicet
1852 2133 1894 2164 de
1918 2133 2109 2175 impletione
2134 2134 2233 2174 lewis,

1231 2176 1273 2206 de
1297 2177 1487 2207 discrimine
1511 2187 1649 2217 operum
1675 2188 1760 2218 quae
1774 2176 1866 2208 Deus
1893 2179 2074 2219 praecepit,
2097 2185 2130 2210 et
2153 2190 2172 2210 a
2189 2181 2234 2210 io-

1200 2231 1206 2265 Ι
1231 2231 1303 2251 rum
1328 2231 1413 2261 quae
1427 2219 1521 2251 Deus
1546 2231 1611 2251 non
1638 2222 1819 2262 praecepit,
1834 2222 1875 2252 de
1891 2222 2088 2253 remissione
2102 2233 2232 2264 poenae

173 2262 340 2294 atrocium
365 2261 564 2293 delictorum
589 2260 680 2293 velut
703 2263 808 2293 nctati
833 2262 1097 2294 ostendebantur
1120 2273 1178 2303 po-
1201 2271 1206 2286 ¹
1231 2271 1401 2301 aeternae,
1433 2265 1474 2294 de
1505 2264 1696 2295 discrimine
1732 2265 1938 2296 remissionis
1964 2265 2102 2307 culpae,
2126 2273 2158 2298 et
2181 2277 2232 2298 re-

174 2304 272 2347 pulo,
307 2312 401 2337 ortos
425 2315 503 2336 esse
528 2316 547 2336 a
572 2305 686 2347 primis
712 2307 875 2347 patribus.
923 2306 1065 2347 Semper
1090 2307 1175 2337 enim

173 2349 234 2381 fuit
258 2350 447 2381 ceremonia
471 2347 582 2390 aliqua
602 2350 954 2381 excommunicationis
980 2350 1178 2391 indensque

173 2404 193 2424 a
217 2392 313 2431 Cain,
339 2399 371 2424 et
396 2400 591 2424 manserunt
616 2393 761 2435 vestigia
784 2395 872 2435 apud
888 2394 1062 2432 Etlinicos,
1087 2393 1198 2425 sicut'

175 2438 216 2468 de
239 2436 322 2469 Cain
348 2437 480 2475 dicitur,
500 2437 633 2478 signum
658 2437 858 2470 eiadditum
883 2448 973 2469 esse.

262 2523 310 2555 lta
335 2529 454 2566 postea
478 2524 526 2554 rei
550 2524 827 2563 homicidiorum,
862 2530 1042 2567 gesserunt
1078 2525 1176 2565 signa

152 2573 289 2599 'reatus
312 2568 345 2599 in
369 2568 638 2606 vestitu,‘donec
664 2569 906 2609 reciperentur,
931 2578 963 2600 ut
980 2567 1174 2599 scirentalii
1198 2574 1203 2606 ,¹

173 2612 238 2643 hos
261 2621 339 2643 esse
362 2610 512 2654 pollutos
542 2618 575 2643 et
604 2610 795 2654 fugiendos.
841 2612 926 2643 Nam
951 2613 1174 2643 excommuni-

1230 2308 1401 2338 missionis
1427 2318 1609 2348 poenarum
1633 2308 1883 2349 temporalium,
1908 2309 1948 2340 (le
1973 2311 2084 2340 causis
2109 2321 2232 2351 poena-

1231 2362 1302 2382 rum
1328 2349 1572 2392 temporalium,
1608 2359 1639 2383 et
1674 2351 1894 2383 afflictionum
1928 2353 1961 2383 in
1987 2352 2142 2385 Ecclesia
2167 2360 2230 2385 etc.

1229 2395 1298 2425 Has
1335 2396 1492 2426 materias·
1529 2403 1620 2426 recte
1651 2402 1683 2427 et
1709 2406 1788 2427 vere
1813 2394 1975 2437 explicari
1999 2407 2143 2429 neeesse
2166 2405 2231 2438 est,

1230 2438 1309 2470 ldeo
1333 2438 1422 2470 hunc
1446 2437 1557 2470 locum
1582 2440 1624 2471 de
1647 2438 1881 2471 satisfactione
1900 2446 2028 2482 repeto.

1316 2570 1494 2607 Secundo,
1539 2580 1673 2612 semper
1705 2571 1796 2613 iungi
1832 2577 1964 2613 oportet
1997 2572 2229 2605 remissionem

1227 2612 1358 2656 culpae,
1383 2622 1413 2645 et
1448 2625 1578 2654 poenae
1613 2621 1783 2653 aeternae,
1819 2622 1938 2658 estque
1963 2627 2063 2648 unum
2088 2622 2120 2648 et
2142 2618 2228 2650 idem

175 2655 252 2696 cati,
277 2663 371 2688 erant
396 2654 524 2687 exclusi
549 2666 569 2687 a
592 2657 755 2688 societate
778 2666 966 2695 sacrorum,
992 2666 1130 2688 mensae
1144 2663 1175 2688 et
1197 2674 1202 2686 ι
1229 2658 1425 2689 beneficium
1449 2657 1521 2689 Filii
1545 2657 1609 2690 Dei
1643 2660 1836 2701 gratuitum,
1871 2658 1991 2692 tollere
2026 2660 2170 2703 culpam,
2195 2668 2228 2693 et

331 2726 480 2745 MELAb't‘u.
490 2726 565 2745 “PER
588 2726 652 2744 'r‘Olst
664 2726 739 2744 xtsstl

2013 2723 2046 2746 42
