2383 2990
199 152 259 183 199

281 247 322 278 Ut
347 254 456 279 autem
481 248 589 279 sciant
613 247 771 285 studiosi,
807 247 885 288 quid
909 247 972 278 sint
1006 245 1179 290 Symbola,

194 297 226 322 et
250 291 326 332 quid
351 298 449 332 agant
476 291 601 332 Synodi
627 291 808 321 condentes
835 289 1012 332 Symbola,
1047 292 1087 322 de
1114 290 1178 322 1136

194 345 230 365 re
253 345 358 374 pauca
381 334 613 375 praelabimur.
672 333 890 364 SYMBOLA
920 339 1084 365 vocarunt
1106 335 1180 364 bre-

193 388 267 408 vem
302 376 515 408 articulorum
552 387 613 408 seu
648 378 804 415 omnium,
839 388 899 408 seu
922 378 1180 419 praecipuorum

193 421 364 452 doctrinae
387 418 560 461 Evangelii
585 419 829 452 collectionem.
883 420 925 451 Et
946 420 1179 462 Apostolicum

192 464 354 495 vetustius
385 473 463 494 esse
492 463 621 494 Niceno
646 475 711 495 non
736 465 869 495 dublum
889 470 950 495 est.
1017 464 1179 495 Nicenum

191 514 299 538 autem
320 506 502 548 inSynodo
515 506 654 545 Nicena,
681 518 766 549 quae
789 518 809 538 3
829 506 1050 538 Constantino
1075 507 1180 547 1111116-

192 556 302 581 ratore
327 556 512 581 convocata
537 549 607 588 fuit,
632 551 800 582 conditum
825 558 887 588 est,
910 551 942 582 in
963 562 1027 592 qua
1040 550 1180 581 trecenti

191 600 222 624 et
247 593 433 624 octodecim
466 592 615 632 suerunt,
653 595 708 635 qui
732 595 915 625 sententias
940 595 1114 632 dixerunt,
1146 594 1179 624 in

190 637 310 678 quibus
333 635 426 667 multi
450 647 549 668 senes
570 636 715 676 fuerunt,
746 638 800 679 qui
824 638 885 668 sub
911 636 1122 669 Diocletiano
1146 637 1178 667 111

191 678 363 720 suppliciis
388 681 609 711 constantiam
633 691 727 712 suam
753 681 982 719 ostenderant,
1015 687 1046 711 61
1070 681 1179 711 ornati

190 728 281 753 erant
306 733 324 753 a
345 723 418 753 Deo
442 724 638 754 testimoniis
668 723 919 762 miraculorum,
945 723 1071 765 fuitque
1095 724 1180 765 Syn-

190 767 244 797 odi
281 776 427 797 summus
464 768 668 809 gubernator
708 767 904 798 Eustathius
946 766 1178 798 Antiochenus

189 809 390 850 Ε11ἱ56011115,
414 810 497 841 Nam
518 811 669 841 doctrina
693 811 733 841 de
757 810 839 841 Filio
864 811 928 841 Dei
959 812 1057 841 etiam
1080 816 1179 840 antea

190 852 390 884 Antiochiae
415 854 621 895 gravissimis
645 855 844 885 testimoniis
868 853 1035 885 illustrata
1058 852 1179 890 fuerat,

191 897 222 927 in
246 896 446 928 refutatione
472 896 566 928 Pauli
590 897 813 928 Samosateni.

279 974 458 1005 Sciendum
493 981 542 1005 est
579 981 700 1013 autem,
735 974 892 1016 Synodos
927 984 990 1005 066
1020 974 1177 1012 condere,

191 1028 253 1049 nec
276 1028 380 1058 posse
400 1018 543 1048 condere
565 1016 652 1049 ullos
677 1028 784 1049 novos
810 1017 970 1048 articulos
990 1017 1076 1055 fidei,
1101 1018 1178 1059 quia

191 1061 343 1092 doctrina
378 1062 418 1091 (16
442 1062 586 1091 essentia
610 1068 640 1092 et
665 1060 836 1092 voluntate
855 1061 919 1092 Dei
943 1071 1045 1102 supra
1071 1066 1102 1091 61
1123 1070 1177 1091 ex-

190 1112 241 1135 tra
266 1111 482 1145 conspectum
506 1104 670 1135 humanae
693 1105 829 1135 rationis
855 1105 982 1145 posita,
1018 1115 1083 1135 non
1119 1115 1178 1145 po-

192 1148 262 1185 tuit,
287 1158 348 1179 nec
373 1154 483 1188 potest
505 1149 547 1178 ab
572 1146 648 1178 ullis
662 1146 801 1189 Angelis
825 1154 880 1179 aut
904 1147 1091 1178 hominibus
1106 1147 1177 1178 acie

190 1192 308 1221 ment-is
334 1198 469 1222 creatae
494 1192 712 1231 deprehendi,
746 1191 813 1222 Sed
848 1202 865 1221 a
891 1191 965 1222 Deo
989 1192 1062 1231 ipso
1086 1201 1177 1221 mon-

190 1240 295 1265 strata
320 1240 370 1264 est
395 1233 555 1275 Angelis,
593 1240 623 1264 et
654 1233 820 1275 patefacta
842 1235 929 1265 edito
955 1241 1047 1265 certo
1073 1235 1176 1265 verbo

190 1284 221 1308 et
241 1276 425 1308 illustribus
450 1278 647 1308 testimoniis
668 1279 781 1319 generi
806 1278 963 1315 humano,
989 1278 1078 1319 quod
1104 1288 1177 1308 ver-

190 1322 266 1352 bum
289 1319 465 1351 Ecclesiae
490 1321 583 1351 Deus
609 1322 862 1360 commendavit,
888 1328 917 1352 et
943 1322 975 1351 in
995 1332 1033 1352 ea
1057 1331 1177 1362 propa-

190 1364 260 1405 gari
297 1365 410 1402 iussit,
445 1370 477 1395 et
513 1366 583 1395 eins
614 1366 707 1396 verbi
731 1365 796 1396 fide
820 1363 889 1396 vult
911 1366 1051 1407 agnosci
1077 1370 1107 1395 et
1132 1365 1177 1395 in-

189 1417 315 1438 vocari.

276 1476 354 1508 Ideo
392 1477 514 1508 dictum
546 1484 595 1508 est
620 1476 733 1508 1011311.
756 1478 781 1508 l.
829 1476 939 1507 Deum
965 1487 1062 1507 nemo
1098 1476 1178 1507 vidit

189 1530 345 1562 unquam,
380 1521 569 1562 unigenitus
604 1520 716 1558 Filius,
747 1521 801 1562 qui
827 1526 877 1551 est
902 1521 933 1551 in
958 1521 1032 1550 sinu
1056 1519 1176 1557 Patris,

187 1565 260 1605 ipse
284 1565 459 1595 6113113111.
505 1563 547 1594 Et
570 1564 601 1594 Q.
625 1564 696 1595 Pet.
724 1564 751 1594 1.
777 1565 913 1595 dicitur:
938 1563 1012 1594 Non
1034 1563 1177 1593 humana

191 1606 361 1638 voluntate
385 1606 483 1638 allata
509 1614 559 1638 est
578 1618 724 1649 unquam
749 1607 945 1647 prophetia,
976 1607 1035 1637 sed
1059 1618 1077 1637 a
1103 1606 1177 1647 Spi-

190 1651 253 1681 ritu
278 1657 394 1681 sancto
420 1652 510 1681 moti.
534 1649 636 1681 locuti
660 1656 736 1681 511111
761 1651 866 1681 sancti
893 1651 962 1681 1111.
1009 1650 1049 1680 lit
1072 1648 1176 1680 l.C0-

190 1693 285 1725 rinth.
312 1694 629 1725 ’(1.1’11011301611111111
654 1693 741 1725 aliud
765 1695 843 1735 poni
857 1699 1058 1734 0001101651,
1083 1703 1176 1733 prae-

190 1745 239 1769 ter
262 1738 305 1776 id,
331 1739 419 1780 quod
444 1738 586 1779 positum
613 1744 674 1775 est,
711 1738 798 1778 quod
820 1744 869 1767 est
894 1736 1046 1767 Christus
1071 1736 1175 1767 lesus.

188 1781 231 1813 Et
253 1781 377 1822 Ephes.
402 1782 433 1812 2.
457 1780 607 1812 Extructi
630 1791 732 1822 super
756 1779 1002 1819 fundamentum
1028 1779 1176 1820 Prophe-

188 1832 295 1856 tarum
331 1832 361 1856 et
397 1824 651 1866 Apostolorum,
687 1824 850 1855 existente
886 1824 997 1865 lapide
1024 1822 1177 1864 angulari

190 1868 265 1900 lesu
290 1868 436 1899 Christo.
461 1867 501 1899 Et
525 1868 604 1898 Esa.
628 1867 681 1899 51.
713 1867 813 1898 Posui
839 1868 941 1898 verba
965 1877 1037 1897 mea
1062 1867 1094 1896 in
1118 1877 1176 1897 ore

190 1918 256 1943 tuo.
304 1911 346 1942 Et
370 1912 476 1953 6311116
499 1911 551 1942 59.
599 1911 713 1942 Verba
737 1921 822 1949 mea,
848 1921 933 1952 quac
952 1910 1048 1951 posui
1072 1910 1176 1940 inore

191 1961 258 1987 tuo.

278 2031 370 2063 Haec
401 2038 432 2063 et
463 2030 580 2063 similia
605 2033 691 2064 dicta
715 2031 856 2072 plurima
879 2032 912 2062 in
936 2029 1176 2071 Prophetarum

194 2081 225 2107 et
258 2075 499 2116 Apostolorum
535 2076 752 2107 concionibus
789 2074 975 2106 clarissime
1003 2080 1176 2115 testantur,

194 2130 257 2150 non
278 2119 499 2160 recipiendam
524 2129 602 2150 6556
624 2119 728 2151 1111301
753 2119 937 2149 doctrinam
961 2119 1002 2148 de
1032 2118 1177 2148 essentia

193 2169 226 2194 et
260 2161 429 2193 voluntate
452 2161 528 2200 Dei,
562 2163 626 2193 nisi
649 2163 736 2193 hanc
760 2173 870 2200 unam,
905 2172 990 2203 quae
1013 2171 1072 2203 per
1096 2160 1176 2191 Pro-

191 2205 308 2247 phetas
339 2212 369 2236 et
401 2204 587 2246 Apostolos
618 2206 738 2237 tradita
767 2212 829 2236 651.
897 2205 956 2236 His
981 2205 1066 2236 enim
1090 2215 1178 2235 com-

193 2249 356 2280 mendavit
382 2250 517 2280 verbum
541 2260 655 2287 suum,
679 2260 743 2290 quo
770 2259 806 2279 se
829 2247 1003 2290 patefecit,
1034 2253 1063 2278 et
1088 2248 1178 2278 addit

193 2291 333 2326 illustria
367 2292 574 2330 testimonia,
614 2300 648 2323 ut
684 2299 776 2324 certo
811 2293 993 2330 sciremus,
1027 2291 1100 2332 quis
1136 2292 1179 2322 sit

192 2335 304 2374 Deus,
338 2335 394 2366 ubi
429 2336 656 2377 quaerendus,
691 2336 858 2377 quomodo
887 2334 1122 2377 agnoscendus
1147 2339 1179 2365 et

194 2379 399 2410 invocandus
424 2379 476 2417 sit,
511 2390 552 2410 ne
576 2390 595 2410 a
618 2390 698 2411 vero
722 2379 796 2410 Deo
820 2378 983 2410 humanae
1007 2378 1177 2419 cogitatio-

194 2432 254 2453 nes
289 2423 494 2460 aberrarent,
528 2423 616 2454 sicut
651 2421 783 2455 Ethnici
807 2423 898 2453 varie
922 2428 954 2453 et
975 2420 1178 2453 horribiliter

193 2466 405 2503 aberrarunt,
440 2471 472 2496 et
499 2467 640 2497 subinde
664 2476 753 2497 nova
787 2466 921 2497 numina
954 2465 1178 2497 audacissime

193 2507 367 2539 finxerunt.

282 2584 364 2616 Cum
387 2586 488 2627 igitur
510 2585 641 2618 arriculi
666 2586 742 2618 fidei
755 2596 820 2618 non
837 2584 891 2618 alii
905 2586 983 2625 sint,
1004 2586 1067 2617 nisi
1091 2596 1177 2628 quos

197 2633 321 2661 certum
355 2635 405 2659 est
440 2640 460 2659 a
493 2629 567 2661 Deo
602 2630 823 2670 patefaciente
851 2640 912 2671 per
935 2629 1122 2671 Prophetas
1145 2636 1178 2661 et

832 150 942 181 PfflL.
968 150 1071 182 MEL.
1094 150 1282 184 SCRlPTA
1302 150 1580 182 DoGMATlCA.

1202 2140 1209 2393 ¹
1231 2167 1262 2192 61
1286 2172 1328 2193 ex
1352 2161 1499 2202 ipsorum
1522 2158 1764 2201 Apostolorum
1788 2160 1911 2190 recenti
1936 2169 2102 2190 sermone.

2153 153 2219 185 200

1232 245 1420 288 Apostolos
1453 247 1595 277 traditos
1620 256 1707 285 esse,
1733 248 1845 288 quaeri
1867 254 1989 289 potest,
2013 249 2092 290 quid
2115 254 2216 290 agant

1233 290 1382 332 Synodi‘?
1427 289 1640 331 Respondeo.
1693 290 1819 332 Synodi
1854 302 1921 322 non
1957 292 2095 333 gignunt
2130 302 2219 324 nova

1234 335 1401 375 dogmata,
1438 334 1497 364 sed
1533 338 1658 364 tantum
1693 334 1890 374 profitentur
1922 336 2101 366 sententias
2125 336 2217 376 prius

1232 378 1265 408 in
1299 377 1433 418 scriptis
1465 376 1675 418 propheticis
1711 382 1742 407 et
1776 377 1983 418 Apostolieis
2013 379 2163 416 traditas,
2187 384 2219 409 et

1233 422 1424 458 ostendunt,
1451 420 1618 462 quomodo
1642 419 1827 461 intelligant
1849 420 1933 452 haec
1956 422 2042 452 dicta
2072 420 2218 463 Prophe-

1232 465 1297 495 tica
1321 470 1352 494 et
1370 462 1577 505 Apestolica,
1603 469 1635 494 et
1658 470 1821 495 testantur
1844 465 1933 495 hunc
1951 463 2153 496 intellectum
2175 465 2218 496 ab

1232 506 1407 548 Apostolis
1426 508 1468 538 ad
1492 513 1650 548 posteros
1675 508 1907 539 transmissum
1931 517 2018 539 esse.

1319 584 1405 616 Sunt
1427 585 1526 626 igitur
1539 585 1666 628 Synodi
1690 591 1795 616 testes
1819 595 1881 616 seu
1903 584 2154 616 testificationes
2177 585 2220 616 de

1231 627 1345 670 aliquo
1368 630 1472 660 veteri
1496 629 1665 671 dogmate,
1690 630 1780 671 quod
1804 634 1969 660 testantur
1992 638 2029 660 56
2051 627 2218 670 amplecti,

1232 672 1310 713 quia
1344 682 1410 702 non
1447 672 1488 703 sit
1513 674 1777 703 commenticium
1803 683 1863 703 seu
1886 682 2020 710 novum,
2056 673 2114 703 sed
2138 682 2219 703 vera

1232 715 1409 746 autoritate
1432 716 1465 746 in
1488 716 1569 756 ipsis
1594 717 1729 757 scriptis
1753 714 1961 756 propheticis
1986 721 2018 745 et
2047 713 2218 756 Apostoli-

1232 759 1280 789 cis
1305 759 1471 797 traditum,
1495 770 1635 800 quorum
1660 758 1838 790 collatione
1863 759 2015 789 convinci
2045 769 2082 790 se
2106 765 2219 790 osten-

1232 802 1323 839 dunt,
1359 812 1431 832 eam
1466 803 1682 841 sententiam,
1723 813 1818 844 quam
1854 802 2068 843 profitentur,
2101 812 2218 834 veram

1233 845 1320 876 esse.
1386 845 1547 876 Adiuvari
1571 852 1681 877 tamen
1711 846 1868 888 8111011115
1893 853 1923 876 61
1947 844 2021 876 31115
2045 846 2146 876 661115
2171 851 2216 876 16-

1231 889 1394 919 stimoniis
1418 895 1547 929 potest,
1583 900 1668 930 quae
1692 899 1751 930 per
1774 888 1958 930 Apostolos
1994 889 2115 920 tradita
2139 898 2217 920 esse

1231 941 1272 962 ex
1303 932 1390 962 veris
1420 933 1640 963 monumentis
1671 939 1813 963 constat.
1882 933 1935 964 Sic
1964 932 2039 963 dicit
2063 931 2217 963 Christus

1231 975 1272 1005 ad
1299 974 1483 1016 Apostolos
1506 975 1619 1006 Lucae
1642 975 1772 1007 ultimo:
1808 975 1878 1006 Vos
1910 976 2000 1006 eritis
2032 981 2135 1006 testes
2159 974 2217 1007 ho-

1201 1025 1313 1066 11010.
1369 1018 1444 1049 Non
1479 1017 1548 1049 vult
1583 1029 1753 1050 60511013
1777 1019 1933 1060 dogmata
1970 1019 2122 1061 gignere,
2156 1019 2218 1050 sed

1204 1067 1206 1070 ’
1230 1066 1335 1092 165165
1359 1071 1436 1092 6556
1460 1063 1500 1092 de
1525 1062 1675 1093 doctrina
1700 1063 1854 1093 divinitus
1879 1062 2010 1093 tradita.

1318 1138 1361 1170 Ut
1381 1145 1491 1170 autem
1514 1139 1620 1181 magis
1646 1140 1883 1180 conspiciatur,
1913 1138 2020 1181 qualis
2045 1140 2087 1170 sit
2111 1138 2219 1181 Syno-

1231 1183 1347 1213 dorum
1372 1182 1573 1220 diiudicatio,
1599 1181 1748 1223 exempla
1775 1184 1969 1213 intueamur.
2001 1182 2083 1213 Cum
2104 1182 2219 1214 Samo-

1202 1205 1366 1267 isatenus
1402 1227 1434 1256 in
1468 1227 1656 1256 narratione
1691 1225 1862 1256 Iohannis:
1899 1225 1932 1256 ln
1964 1226 2124 1267 principio
2149 1232 2221 1257 erat

1202 1272 1207 1291 ⁸
1230 1269 1393 1305 Verbum,
1424 1276 1563 1311 negaret
1593 1269 1678 1308 λόγον
1701 1268 1839 1311 intelligi
1864 1276 2018 1310 oportere
2043 1269 2084 1299 de
2103 1279 2219 1310 perso-

1202 1293 1207 1371 ι
1231 1323 1284 1349 na,
1304 1319 1335 1343 et
1359 1314 1667 1344 comminisceretur
1692 1311 1912 1354 corruptelas,
1936 1323 2021 1354 quae
2034 1312 2218 1354 prophanis

1203 1356 1359 1399 'iudiciis
1396 1357 1579 1387 concinnae
1614 1356 1823 1394 videbantur,
1858 1356 2082 1396 probatissimi
2117 1365 2218 1387 senes

1203 1403 1208 1450 ζ
1232 1405 1459 1430 convenerunt
1494 1410 1534 1430 ex
1569 1398 1678 1430 multis
1702 1400 1899 1440 provinciis,
1933 1405 1968 1430 ut
1991 1409 2139 1430 errorem
2162 1399 2218 1430 da-

1230 1448 1392 1473 nutarent.

1318 1519 1381 1550 Hic
1404 1530 1466 1550 nec
1490 1518 1654 1561 Dionysio
1680 1519 1920 1557 Alexandrino,
1955 1529 2018 1550 nec
2053 1519 2218 1560 Gregorio

1203 1559 1207 1581 ²
1230 1563 1519 1600 Neocaesariensi,
1545 1573 1607 1594 nec
1620 1562 1678 1593 ulli
1693 1562 1816 1593 homini
1829 1569 1883 1594 aut
1898 1561 2031 1604 Angelo
2046 1568 2218 1603 quantum-

1230 1608 1280 1638 vis
1305 1617 1424 1647 magna
1455 1606 1616 1646 sapientia
1640 1613 1673 1637 61
1696 1607 1817 1637 virtute
1844 1607 2012 1647 praeditO,
2047 1605 2131 1636 haec
2161 1615 2219 1646 po-

1230 1656 1335 1681 testas
1360 1650 1533 1681 tribuenda
1558 1648 1629 1687 fuit,
1663 1657 1697 1680 ut
1734 1650 1774 1680 de
1800 1661 1834 1679 re
1858 1656 1949 1680 tanta
1973 1655 2133 1679 statueret
2155 1658 2218 1680 suo

1202 1685 1206 1740 Ι
1230 1694 1363 1731 iudicio,
1387 1694 1459 1723 sine
1482 1693 1543 1723 Dei
1567 1703 1662 1730 voce,
1688 1692 1853 1730 videlieet,
1883 1698 1990 1724 mente
2010 1691 2074 1723 Dei
2098 1692 2140 1723 ab
2165 1701 2218 1722 36-

1230 1744 1323 1767 16100
1348 1743 1460 1767 113111111
1486 1746 1563 1767 esse
1583 1735 1712 1774 Filium,
1737 1743 1767 1767 et
1791 1735 1879 1766 hunc
1898 1736 1962 1767 dici
1986 1735 2083 1775 λόγον,
2108 1733 2218 1766 61311-

1202 1790 1206 1840 1
1230 1791 1282 1811 am
1306 1790 1382 1811 esse
1406 1779 1527 1817 Patris,
1553 1778 1651 1810 aliam
1676 1778 1746 1810 Filii
1776 1790 1972 1821 personam,
2004 1785 2035 1809 et
2059 1777 2147 1809 hunc
2166 1778 2218 1809 Fi-

1202 1844 1206 1873 Ι
1229 1823 1307 1854 lium
1331 1834 1404 1854 cum
1428 1822 1525 1853 Patre
1550 1823 1740 1853 condidisse
1764 1829 1948 1853 creaturas.
1974 1822 2069 1853 Hanc
2092 1827 2218 1852 tantam

1202 1882 1206 1895 t
1230 1878 1298 1898 rem
1321 1865 1411 1897 nulla
1446 1873 1599 1897 creatura
1630 1867 1702 1897 sine
1734 1865 1917 1897 illustribus
1941 1865 2137 1896 testimoniis
2161 1865 2217 1895 ad-

1202 1903 1206 1941 1
1230 1920 1387 1941 severare
1410 1911 1526 1951 potuit,
1551 1920 1613 1940 nec
1636 1910 1914 1940 311561613111111115
1935 1907 2062 1949 angelis
2085 1914 2141 1939 aut
2159 1907 2218 1938 ho-

1231 1954 1373 1984 minibus
1408 1954 1542 1994 propria
1575 1953 1773 1990 autoritate,
1809 1952 1850 1983 de
1884 1962 1920 1983 re
1953 1958 2046 1983 tanta
2079 1951 2217 1983 creden—

1231 1998 1307 2028 dum
1331 2003 1392 2028 est.

1317 2073 1458 2105 Tantum
1492 2073 1592 2115 igitur
1624 2072 1691 2103 hoc
1725 2073 1793 2114 agit
1828 2072 2006 2114 Synodus,
2040 2071 2214 2113 profitetur

1231 2118 1308 2160 quid
1333 2117 1481 2148 didicerit
1505 2127 1545 2147 ex
1569 2116 1702 2156 scriptis
1715 2116 1924 2157 propheticis
1945 2122 1977 2146 et
1995 2114 2214 2189 ΑΡο5101ἰΧί5,

1231 2204 1338 2236 firmat
1361 2205 1459 2246 igitur
1481 2213 1519 2234 56
1533 2204 1680 2241 credere,
1705 2202 1790 2242 λόγον
1814 2202 1868 2233 1116
1891 2201 2080 2244 significare
2099 2212 2215 2243 perso-

1230 2259 1319 2286 nam,
1351 2254 1382 2278 et
1407 2245 1538 2278 collatis
1563 2246 1638 2277 aliis
1663 2245 1771 2277 multis
1796 2247 1912 2283 dictis,
1948 2246 2092 2277 ostendit
2127 2245 2215 2276 hanc

1230 2297 1421 2332 perpetuam
1456 2300 1532 2321 esse
1565 2290 1763 2321 sententiam
1794 2290 1824 2320 in
1849 2290 1982 2330 scriptis
2006 2288 2214 2329 propheticis

1232 2340 1263 2365 et
1298 2333 1512 2375 Apostolicis.
1568 2332 1724 2364 Testatur
1758 2331 1855 2364 etiam
1890 2342 1927 2363 se
1961 2334 2003 2363 ab
2038 2331 2214 2373 Apostolis

1230 2377 1318 2408 hanc
1341 2379 1446 2419 ipsam
1470 2377 1665 2408 sententiam
1685 2377 1872 2416 accepisse,
1895 2382 1927 2407 et
1950 2376 2046 2407 huius
2070 2376 2214 2406 testimo-

1231 2422 1293 2452 niis
1317 2421 1507 2452 memoriam
1530 2421 1628 2451 tradit
1651 2420 1808 2461 posteris.

1317 2498 1435 2530 Reiicit
1466 2498 1565 2539 igitur
1587 2497 1717 2538 impiam
1741 2496 1951 2528 Samosateni
1979 2495 2214 2538 corruptelam,

1232 2543 1309 2583 quia
1333 2543 1393 2573 scit
1418 2552 1490 2572 eam
1513 2551 1665 2583 pugnare
1694 2551 1768 2572 61110
1799 2550 1878 2571 vera
1911 2539 2091 2577 sententia,
2115 2549 2214 2581 quam

1230 2585 1326 2617 Deus
1356 2586 1397 2616 de
1420 2584 1503 2615 Filio
1526 2582 1694 2625 patefecit,
1718 2590 1751 2614 et
1773 2582 1877 2615 voluit
1899 2588 2012 2614 extare
2034 2583 2065 2613 in
2099 2592 2214 2613 monu-

1231 2630 1349 2660 mentis
1374 2627 1579 2670 propheticis
1604 2633 1635 2659 et
1660 2625 1878 2668 Apostolicis,
1902 2632 1932 2657 et
1946 2626 2058 2657 statuit
2078 2635 2214 2657 execra-
