2383 2990
145 95 209 129 ⁷35

145 199 223 224 esse
245 188 454 231 impossibile
476 188 565 229 apud
587 187 704 219 Deum.
751 187 835 218 Nam
866 197 941 218 eum
971 185 1130 222 animales

144 238 271 271 essent,
290 238 327 264 ut
349 233 395 263 ait
418 230 554 269 Paulus,
578 228 960 272 spiritualiaintelligere
983 239 1050 260 non
1073 239 1131 270 po-

143 282 264 309 terant.
333 274 402 306 Sed
436 273 571 306 fatuitas
605 274 767 315 quaedam
794 270 861 304 tam
885 283 1043 315 magnum
1067 272 1131 303 sibi

143 320 275 351 videtur
297 318 503 361 mysterium,
527 317 587 348 sed
611 327 673 348 nos
697 326 852 358 magnum
865 325 992 357 quaeso
1016 326 1036 346 a
1054 325 1131 356 pee-

144 363 227 395 catis
251 361 393 393 aliorum
417 359 602 401 profectum
625 358 799 397 faciamus,
830 364 862 390 et
885 360 1010 389 tirmam
1033 358 1131 389 fidem

143 406 307 448 mysteriis
336 404 551 441 adhibentes,
586 413 751 444 nunquam
784 403 815 433 in
844 408 911 433 tam
935 400 1131 433 sublimibus

143 450 264 487 rebus,
298 446 378 479 illud
402 447 583 489 quomodo,
608 453 664 477 aut
687 446 871 487 cogitemus
903 452 961 476 aut
984 443 1131 485 profera-

143 502 227 524 mus.
294 491 462 522 ludaieum
485 490 571 520 enim
594 488 658 520 hoe
682 490 821 520 verbum
845 495 915 526 est,
937 494 972 519 et
994 487 1131 519 extremi

144 534 296 577 supplicii
320 544 433 565 causa.
491 532 570 564 Ideo
602 532 805 564 Nicodemus
829 532 925 563 etiam
945 542 1020 563 cum
1045 531 1132 562 dice-

144 586 207 617 ret,
242 578 410 620 quomodo
444 576 530 607 haec
554 575 625 606 fieri
649 576 811 617 possunt?
845 575 962 606 merito
989 574 1130 605 audivit:

144 621 194 654 Tu
217 631 254 653 es
277 620 440 662 Magister
463 620 495 650 in
519 616 636 657 lsrael,
671 625 704 650 et
726 619 811 649 haec
834 618 996 660 ignoras?
1041 615 1132 648 Alio-

146 675 217 696 rum
240 665 357 706 igitur,
390 669 426 694 ut
450 662 610 701 diximus,
636 660 736 702 culpa
765 661 914 702 perdocti
939 672 1011 692 cum
1037 659 1132 691 Deus
1156 673 1161 710 Ι

144 713 311 748 operetur,
334 716 401 739 non
421 715 620 747 quaeramus
644 705 830 747 quomodo,
864 704 924 734 sed
948 704 1059 745 operis
1082 703 1133 734 sui
1156 711 1162 765 Ε

146 752 232 782 viam
266 756 365 792 atque
388 749 561 780 scientiam
585 747 631 779 illi
661 746 724 779 soli
748 747 983 778 concedamus.
1048 746 1133 777 Nam

147 794 440 836 quemadmodum,
475 792 626 833 quamvis
654 789 764 822 nullus
787 791 880 822 novit
903 791 1058 831 quidnam
1082 799 1133 819 se-

146 838 290 869 cundum
324 842 475 867 naturam
510 834 603 866 Deus
626 834 685 872 sit,
720 833 916 864 iustificatur
940 839 1049 863 tamen
1073 842 1133 873 per

144 880 260 918 fidem,
284 890 359 911 cum
383 879 497 910 credat
520 878 666 919 praemia
688 876 780 908 illum
804 877 1008 907 redditurum
1032 885 1132 917 quae-

146 925 294 955 rentibus
319 933 406 960 eum,
430 922 479 952 sic
503 926 535 951 et
558 932 696 961 operum
721 921 791 951 eius
804 920 964 950 rationem
989 919 1132 960 ignorat,

146 978 220 999 cum
243 972 352 997 tamen
376 965 441 996 tide
454 964 563 995 omnia
576 963 668 995 illum
692 973 794 1004 posse
813 973 879 993 11011
903 962 1042 999 dubitet,
1066 971 1133 992 non

145 1009 388 1042 contemnenda
410 1008 587 1050 probitatis
611 1007 708 1038 huius
731 1006 876 1048 praemia
897 1011 1133 1046 consequetur,

146 1055 190 1084 ita
213 1051 365 1094 profecto
388 1061 451 1082 nos
474 1048 564 1081 aftici
583 1061 643 1091 per
666 1050 867 1090 Prophetam
891 1048 1042 1085 Esaiam,
1064 1047 1133 1078 Do-

144 1146 179 1171 ut
192 1138 328 1171 consilia
352 1143 483 1174 vestra,
503 1147 566 1168 nee
586 1137 673 1168 sicut
695 1137 771 1167 viae
795 1141 929 1167 vestrae
949 1136 1021 1166 viae
1041 1144 1134 1165 meae

143 1189 233 1221 sunt,
247 1183 323 1213 dicit
336 1180 586 1217 Dominus‚Sed
600 1176 995 1211 sicutexaltaturcoelum
1006 1189 1023 1209 a
1034 1183 1134 1215 terra,

144 1227 192 1258 sic
211 1224 353 1257 exaltata
365 1229 462 1255 esunt
475 1223 548 1254 viae
561 1233 654 1254 meae
667 1233 687 1254 a
699 1223 761 1254 viis
771 1222 904 1260 vestris,
916 1221 1134 1262 01008110ῐὶ0-

144 1280 204 1301 nes
227 1278 321 1300 meae
344 1278 363 1299 a
377 1267 633 1308 cogitationibus
646 1267 779 1304 vestris,
800 1265 862 1300 Qut
881 1270 991 1295 autem
1003 1265 1134 1305 sapien-

144 1314 187 1345 tia
212 1318 242 1343 et
260 1312 384 1343 virtute
407 1311 493 1341 adeo
517 1308 666 1348 excellit,
700 1309 868 1351 quomodo
892 1318 958 1339 non
983 1307 1134 1348 operabi-

144 1362 197 1388 tur
221 1356 265 1386 ita
289 1353 507 1390 miraculose,
542 1358 577 1384 ut
608 1363 746 1394 operum
775 1362 913 1383 suorum
937 1351 1021 1381 ratio
1046 1349 1134 1381 11100-Ι

144 1405 210 1430 10111
233 1404 384 1429 nostram
407 1396 564 1437 effugiat?
604 1396 724 1427 Nonne
748 1396 854 1433 vides,
879 1394 956 1436 quid
981 1404 1063 1435 sepe
1077 1405 1134 1425 nu-

144 1453 235 1474 mero
260 1440 445 1472 mechanici
468 1439 617 1471 i'acinnt‘?
662 1436 870 1470 Incredibilia
898 1438 1053 1469 videntur
1075 1447 1134 1468 no-

145 1486 196 1516 his
219 1494 455 1525 nonnunquam
480 1492 648 1520 enarrare,
672 1483 732 1513 sed
756 1488 884 1519 tamen,
914 1481 992 1522 quia
1015 1480 1134 1511 similia

145 1530 238 1571 ipsos
263 1526 384 1558 fecisse
408 1527 561 1564 vidimus,
586 1536 689 1567 posse
712 1525 828 1566 peragi
851 1525 893 1555 ab
925 1524 1007 1564 ipsis
1034 1523 1134 1555 facile

146 1572 322 1604 eredimus.
370 1569 548 1605 Quomodo
572 1569 672 1611 igitur
696 1571 832 1600 summis
862 1578 890 1598 01
902 1567 1063 1598 uciatibus
1088 1567 1133 1597 di-

146 1615 202 1657 gni
226 1624 292 1645 non
315 1618 428 1651 erant,
462 1613 516 1654 qui
541 1622 649 1643 rerum
673 1612 817 1643 omnium
847 1610 998 1652 opificem
1023 1610 1133 1641 Deum

146 1659 191 1689 ita.
215 1662 447 1694 contemnunt,
470 1661 521 1693 ut,
545 1655 732 1693 Quomodo,
756 1656 787 1686 in
808 1655 966 1695 operibus
990 1654 1060 1684 suis
1087 1653 1134 1683 di-

147 1711 224 1732 cere
258 1700 423 1731 audeant?
458 1709 554 1740 quem
589 1699 691 1729 totius
725 1698 907 1739 sapientiae
941 1695 1134 1738 largitorem

147 1754 224 1775 esse
257 1754 324 1775 non
357 1745 528 1785 ignorant,
564 1752 660 1783 quem
695 1742 805 1772 omnia
839 1750 942 1781 posse
966 1740 1132 1781 scriptura

147 1797 210 1818 nos
234 1787 357 1819 docuit.
403 1786 438 1817 Si
465 1796 546 1816 vero
570 1791 606 1816 tu
629 1795 649 1815 0
674 1784 806 1821 ludaee,
830 1784 1010 1825 quomode,
1035 1783 1134 1813 etiam

147 1841 236 1862 nunc
273 1829 409 1867 clamas,
445 1828 531 1859 hane
561 1837 652 1859 tuam
685 1828 879 1869 imperitiam
908 1836 972 1867 ego
1002 1835 1135 1867 quoque

147 1879 297 1911 secutuS‚
329 1872 471 1903 libenter
495 1872 662 1913 quomodo
689 1882 729 1902 ex
753 1871 909 1912 Aegypto
929 1870 1058 1900 exixisti
1084 1880 1135 1899 ro-

149 1918 249 1960 gabo,
283 1916 452 1957 quomodo
476 1915 507 1945 in
542 1920 730 1954 serpentem
762 1913 914 1945 Mosaica
948 1911 1007 1943 suit
1042 1912 1136 1953 virga

149 1970 333 1997 conversa,
367 1958 535 2000 quomodo
555 1957 648 1998 lepra
671 1967 789 1988 manus
812 1956 942 1993 affecta,
978 1966 1043 1986 uno
1068 1951 1135 1985 mo-

148 2008 260 2034 mento
280 2002 438 2042 temporis
463 2002 495 2031 in
519 2001 693 2042 pristinum
708 2006 829 2031 statum
848 2000 997 2030 restituta
1020 2000 1135 2028 iterum

149 2044 232 2078 suit?
256 2045 423 2087 quomodo
443 2044 475 2075 111
499 2051 649 2075 naturam
673 2044 846 2085 sanguinis
870 2052 977 2083 aquae
997 2041 1135 2072 trans-ie-

150 2088 247 2120 runt?
270 2088 437 2129 quomodo
460 2093 573 2129 patres
598 2087 642 2118 tui
668 2097 727 2126 per
752 2086 858 2117 media
889 2085 989 2115 maria
1020 2090 1054 2115 ut
1076 2094 1136 2124 per

150 2132 275 2163 aridam
299 2130 506 2172 effugerunt?
530 2130 697 2171 quomodo
722 2140 781 2170 per
803 2128 928 2171 lignum
952 2128 1136 2159 amaritudo

150 2185 312 2216 aquarum
335 2174 367 2204 in
391 2172 600 2207 dnlcedinem
624 2173 759 2211 recidit,
794 2172 960 2213 quoinodo
985 2181 1003 2202 e
1026 2169 1136 2212 lapide

150 2216 260 2249 sontes
284 2228 442 2259 aquarum
468 2217 635 2248 tinebant?
660 2216 825 2257 quomodo
850 2215 939 2246 stetit
964 2214 1136 2246 tot-danis?

151 2262 316 2302 quomodo
341 2259 415 2291 solo
440 2259 586 2290 clamore
610 2258 874 2301 inexpugnabilis
901 2258 1027 2288 lericlio
1052 2259 1135 2288 ceci·
1159 2256 1164 2275 ¹

151 2304 219 2335 dit?
285 2302 538 2334 Innumerabilia
561 2308 655 2340 sunt,
689 2303 721 2333 in
746 2303 866 2343 quibus
889 2302 930 2339 si,
954 2301 1134 2342 (1001110110,
1159 2279 1164 2366 Ι

152 2349 296 2388 quaeris,
321 2347 509 2377 universam
534 2353 686 2376 evertere
711 2347 767 2376 tibi
791 2346 989 2385 serip⁴uram
1019 2355 1135 2375 neees—

152 2400 190 2421 se
214 2391 286 2426 erit,
312 2389 551 2430 Prophetarum
566 2389 748 2420 doctrinam
773 2395 806 2420 ct
830 2389 932 2429 ipsius
948 2387 1033 2417 Most
1053 2387 1136 2417 scri-

151 2438 209 2474 pta
232 2433 463 2463 contemnenti.
519 2432 630 2467 Quare
653 2432 836 2463 credidisse
861 2431 995 2463 christo
1024 2430 1135 2471 potius

153 2486 215 2507 vos
239 2475 408 2515 oportuit?
426 2482 458 2506 et
482 2476 511 2506 si
535 2476 611 2517 quid
635 2475 774 2506 arduum
798 2475 983 2511 videbatur,
1017 2474 1060 2504 ab
1095 2483 1135 2504 eo

153 2517 318 2549 humiliter
341 2524 463 2559 petere,
487 2529 585 2560 quam
599 2517 690 2550 velut
707 2517 916 2549 itemulentos
930 2518 1134 2548 exclamare:

153 2561 321 2602 quomoda
361 2567 471 2601 potest
509 2561 562 2593 hic
595 2562 691 2593 nobis
725 2571 820 2593 suam
855 2571 988 2592 carnem
1032 2559 1136 2590 dare?

773 92 885 124 PfflL.
904 91 1008 124 MEL.
1027 91 1215 124 SCRIPTA
1231 90 1511 123 DOGMATICA.

146 1098 252 1128 minus
265 1094 511 1137 ipsehortatur‚
524 1104 589 1125 non
603 1094 687 1124 enim
701 1090 924 1124 suntconsilia
933 1102 1003 1122 mea
1019 1092 1133 1132 inquit,

2106 90 2171 124 ⁷36

1183 186 1303 217 Nonne
1325 186 1457 224 videtis,
1491 186 1567 227 quia
1590 195 1665 217 cum
1687 185 1772 217 haec
1795 185 1926 224 dicatis,
1960 186 2071 218 statim
2094 196 2170 219 cum

1182 230 1248 261 ista
1271 239 1368 268 voce,
1390 229 1583 271 arrogantia
1601 239 1722 272 magna
1745 228 1976 271 significatur?

1547 373 1598 405 Et
1629 372 1808 406 Deinde.

1270 443 1377 474 Amen
1412 452 1509 473 amen
1543 443 1619 474 dico
1652 442 1768 480 vobis,
1805 442 1867 473 nisi
1890 442 2171 474 manducaveritis

1185 497 1319 519 carnem
1354 484 1411 517 11111
1446 486 1601 524 hominis,
1637 491 1670 516 et
1694 485 1842 516 biberitis
1867 485 1938 517 eius
1962 486 2172 528 sanguinem,

1184 540 1252 562 non
1274 529 1440 561 habebitis
1464 529 1562 561 vitam
1586 529 1618 559 in
1643 529 1738 560 vobis
1763 535 1827 560 etc.

1271 615 1466 647 Misericors
1501 620 1592 646 certe
1625 625 1667 646 ac
1701 615 1789 645 mitis
1819 612 1974 645 Christus
1998 619 2061 653 est,
2094 620 2131 646 ut
2152 624 2175 647 a

1186 660 1287 690 rebus
1312 659 1394 700 ipsis
1416 659 1530 689 videre
1554 657 1642 696 lieet,
1666 667 1732 688 non
1758 658 1843 688 enim
1863 667 1986 698 aspere
1998 658 2039 688 ad
2054 657 2173 689 crude·

1185 702 1310 733 litatem
1334 712 1448 733 eorum
1472 701 1656 742 respondit,
1680 711 1743 732 nec
1766 699 1836 731 ullo
1860 701 1959 731 modo
1989 701 2173 739 contendit,

1186 746 1247 777 sed
1271 744 1493 776 vivificantem
1515 744 1613 775 liuius
1638 745 1786 786 mysterii
1809 744 2032 785 cognitionem
2055 744 2174 775 iterum

1186 796 1287 830 atquc
1316 789 1434 819 iterum
1463 788 1495 818 111
1519 787 1684 818 mentibus
1708 797 1821 818 eorum
1845 787 2031 827 imprimere
2049 787 2173 826 studet,

1187 837 1219 862 et
1243 831 1412 873 quomodo
1437 831 1567 872 quidem
1593 841 1726 862 carnem
1750 841 1845 861 suam
1868 831 1959 861 dabit
1983 830 2024 861 ad
2038 830 2175 861 mandu-

1186 875 1342 913 candum,
1368 884 1432 904 non
1456 874 1566 911 docet,
1591 874 1668 915 quia
1690 872 1877 915 intelligere
1901 872 1945 904 illi
1975 883 2041 904 non
2060 879 2175 914 potue-

1186 924 1272 949 runt.
1297 919 1301 924 ¹
1341 916 1447 952 Quam
1471 927 1592 958 magna
1614 927 1695 947 vero
1720 917 1826 955 bona,
1850 917 1878 947 si
1903 927 1977 948 eum
1997 915 2062 947 fide
2085 926 2175 947 man·

1186 962 1367 999 ducabunt,
1391 960 1626 1000 adipiscentur.
1651 959 1686 991 ld
1709 960 1824 991 iterum
1847 966 1947 1001 atque
1969 960 2085 991 iterum
2098 969 2177 1000 ape-

1186 1006 1239 1042 rit,
1256 1011 1292 1035 ut
1315 1010 1472 1035 aeternae
1495 1003 1660 1034 desiderio
1684 1003 1772 1033 vitae
1796 1004 1837 1033 ad
1858 1002 1954 1034 fidem
1972 1001 2175 1043 compellan-

1187 1055 1251 1086 tur,
1276 1058 1337 1088 per
1360 1057 1458 1088 qnam
1483 1047 1579 1077 etiam
1604 1046 1718 1077 doceri
1748 1044 1880 1077 facilius
1904 1051 2070 1086 poterunt.
2117 1045 2176 1077 Sic

1187 1092 1273 1122 enim
1297 1090 1415 1121 Esaias
1440 1090 1530 1127 dixit,
1554 1089 1581 1119 si
1606 1089 1704 1125 enim,
1727 1089 1842 1130 inquit,
1865 1099 1932 1119 non
1956 1089 2176 1127 credideritis,
2204 1104 2207 1107 ·

1187 1145 1250 1165 nec
1272 1133 1476 1175 intelligetis.
1525 1133 1709 1173 Oportebat
1733 1132 1833 1172 igitur
1856 1131 1933 1162 fidei
1962 1132 2101 1172 primum
2124 1142 2176 1163 ra-

1189 1178 1282 1208 dices
1319 1178 1350 1207 in
1382 1177 1491 1207 animo
1523 1176 1644 1213 iacere,
1679 1175 1799 1206 deinde
1822 1174 1879 1206 illa
1903 1185 2064 1216 quaerere
2088 1183 2178 1216 quae

1187 1220 1311 1251 homini
1335 1219 1527 1261 quaerenda
1545 1225 1633 1250 sunt.
1690 1217 1740 1250 1111
1765 1228 1843 1249 vero
1867 1225 2042 1259 antequam
2061 1217 2176 1249 crede-

1188 1270 1270 1301 rent,
1306 1264 1491 1304 importune
1515 1263 1738 1303 quaerebant:
1792 1261 1865 1293 Hac
1888 1261 1986 1303 igitur
2009 1261 2050 1292 de
2073 1270 2178 1293 causa

1188 1307 1370 1344 DominuS,
1407 1306 1576 1347 quomodo
1600 1306 1624 1336 it
1651 1304 1722 1336 fieri
1751 1305 1876 1345 possit,
1911 1315 1976 1336 non
2007 1304 2177 1343 enodavit,

1188 1351 1248 1381 sed
1273 1350 1338 1380 tide
1357 1350 1387 1380 id
1413 1349 1637 1390 quaerendum
1672 1347 1842 1384 hortatur,
1879 1348 1929 1378 sic
1962 1348 2177 1379 credentibus

1187 1392 1379 1434 discipiil'S,
1415 1392 1602 1433 fragmenta
1625 1391 1720 1433 panis
1742 1391 1830 1421 dedit
1853 1391 1986 1422 dicens:
2022 1390 2177 1432 Accipite

1187 1443 1220 1468 et
1243 1437 1451 1473 manducate,
1473 1435 1536 1466 1100
1561 1442 1612 1465 est
1637 1444 1758 1475 corpus
1782 1445 1900 1465 meum.
1947 1432 2095 1465 Calicem
2119 1434 2177 1465 eti-

1187 1491 1239 1511 am
1279 1478 1428 1510 similiter
1469 1476 1670 1509 circumtulit
1710 1478 1848 1508 dicens:
1892 1476 1999 1507 Bibite
2034 1487 2076 1507 ex
2110 1475 2178 1507 1100

1187 1533 1315 1560 omnes,
1339 1523 1391 1553 1110
1415 1526 1466 1553 est.
1489 1520 1573 1551 calix
1597 1521 1769 1562 sanguinis
1792 1521 1869 1557 mei,
1903 1520 1958 1562 qui
1981 1529 2042 1561 pro
2065 1518 2178 1552 multis

1188 1566 1375 1597 effundetur
1398 1566 1430 1595 in
1455 1564 1686 1595 remissionem
1712 1569 1937 1605 peccatorum.
1994 1561 2178 1604 Perspicis,

1187 1610 1263 1651 quia
1286 1610 1359 1639 sine
1383 1608 1447 1638 fide
1469 1607 1706 1649 quaerentibus
1730 1606 1880 1648 mysterii
1903 1606 2035 1637 modum
2053 1616 2176 1648 nequa-

1187 1663 1284 1694 quam
1299 1649 1499 1693 explanavit,
1525 1650 1740 1681 credentibus
1753 1656 1861 1681 autem
1874 1650 1974 1680 etiam
1992 1659 2058 1680 non
2074 1659 2175 1691 quae·

1187 1696 1336 1736 rentibus
1361 1695 1524 1735 exposuit.
1593 1694 1739 1724 Audiant
1762 1693 1846 1724 haec
1871 1693 1926 1734 qui
1949 1703 1991 1723 ex
2015 1702 2176 1734 arrogan-

1187 1739 1233 1769 tia
1268 1738 1413 1770 nondum
1449 1736 1574 1768 Christi
1609 1736 1707 1767 11110111
1741 1737 1915 1776 suscipere
1949 1733 2078 1773 volunt,
2112 1735 2177 1766 uisi

1188 1781 1481 1818 manducaveritis,
1505 1780 1620 1821 inquit,
1639 1790 1773 1811 earnem
1799 1779 1855 1810 filii
1878 1778 2038 1817 hominis,
2073 1784 2106 1810 et
2129 1779 2176 1810 bi—

1188 1826 1302 1856 beritis
1327 1825 1399 1855 eius
1423 1824 1631 1866 sanguinem,
1657 1834 1723 1853 1100
1749 1823 1913 1853 habebitis
1936 1822 2037 1853 vitam
2060 1822 2093 1852 in
2117 1831 2175 1853 vo·

1188 1869 1250 1899 bis.
1297 1868 1371 1899 Non
1396 1868 1480 1898 enim
1503 1872 1644 1907 possunt
1667 1877 1741 1897 cum
1766 1865 2032 1897 sanctificatione
2058 1866 2177 1896 beatae

1188 1913 1274 1943 vitae
1298 1911 1367 1942 sieri
1393 1911 1582 1952 participes,
1607 1910 1662 1951 qui
1687 1919 1745 1950 per
1775 1910 1949 1950 mysticam
1974 1908 2176 1939 benedictio-

1188 1965 1263 1986 nem
1298 1954 1406 1985 lesum
1429 1963 1496 1984 non
1520 1958 1759 1993 susceperunt,
1794 1953 1861 1983 vita
1885 1952 1969 1982 enim
1993 1951 2176 1982 secundum

1188 2006 1338 2029 naturam
1363 1996 1418 2028 1110
1441 2003 1504 2034 est,
1528 1997 1583 2037 qui
1603 2006 1644 2026 ex
1664 1997 1740 2026 vivo
1764 2002 1857 2036 patre
1875 1995 2006 2036 genitus
2027 1999 2089 2032 est,
2114 1994 2177 2025 sed

1188 2052 1255 2072 non
1290 2042 1396 2071 minus
1432 2050 1555 2081 corpus
1585 2049 1718 2079 quoque
1742 2049 1839 2068 suum
1862 2037 2019 2068 vivificat.
2088 2036 2176 2068 Con-

1190 2085 1335 2116 iunctum
1359 2083 1445 2114 0111111
1468 2081 1677 2114 ineffabiliter
1701 2087 1752 2112 est
1776 2080 1843 2112 filio
1868 2080 1947 2117 Dei,
1977 2091 1997 2111 a
2016 2091 2082 2121 quo
2105 2080 2177 2111 uni-

1190 2138 1288 2159 versa
1312 2126 1532 2164 vivificantur,
1556 2125 1586 2155 id
1609 2125 1699 2155 circo
1724 2134 1845 2165 corpus
1871 2134 1966 2155 suum
1990 2124 2118 2161 dicitur,
2143 2128 2176 2154 et

1189 2182 1274 2202 unus
1298 2181 1372 2202 cum
1397 2180 1436 2200 00
1461 2175 1523 2201 est.
1569 2168 1695 2209 Nempe
1718 2175 1791 2209 post
1815 2167 2075 2198 incarnationem
2089 2175 2176 2197 unus

1189 2220 1252 2252 est,
1277 2219 1310 2245 et
1332 2224 1419 2244 unus
1443 2217 1551 2243 manet
1574 2212 1703 2252 absque
1727 2211 1889 2242 divisione
1912 2208 1997 2247 ulla,
2027 2216 2177 2250 practer-

1189 2268 1286 2299 quam
1310 2258 1399 2299 quod
1423 2255 1485 2287 Dei
1509 2255 1613 2296 patris
1638 2255 1773 2285 verbum
1798 2260 1830 2285 ct
1853 2252 2010 2294 templum
2033 2263 2053 2283 a
2077 2252 2176 2294 virgi·

1189 2311 1230 2331 ne
1254 2306 1430 2341 sumptum,
1455 2300 1538 2330 idem
1563 2304 1680 2328 natura
1694 2308 1759 2328 non
1784 2303 1869 2328 sunt.
1916 2297 1991 2327 Non
2015 2296 2100 2326 enim
2124 2301 2177 2326 est

1189 2344 1336 2375 eiusdem
1371 2343 1578 2373 substantiae
1615 2342 1716 2371 verbo
1752 2340 1816 2375 Dei
1841 2340 1939 2371 homo
1970 2344 2174 2379 assumptus,

1188 2389 1273 2417 nnus
1310 2393 1418 2417 tamen
1454 2396 1528 2416 cum
1564 2382 1621 2414 illo
1657 2390 1707 2414 est
1739 2384 1881 2414 eoninnc
1897 2384 1972 2413 inne
2005 2379 2173 2412 ineffabili.

1189 2430 1350 2465 Quoniam
1385 2430 1483 2470 igitur
1517 2426 1696 2458 salvatoris
1732 2437 1810 2457 caro
1846 2427 1950 2457 verbo
1974 2424 2049 2461 Dei,
2085 2424 2175 2465 quod

1188 2471 1383 2504 naturaliter
1408 2472 1475 2502 vita
1497 2477 1561 2506 est,
1596 2470 1785 2507 coniuncta,
1817 2468 1948 2499 vivifica
1969 2467 2087 2499 ess'ecta
2111 2473 2174 2504 est,

1188 2517 1320 2557 quando
1344 2525 1415 2545 eam
1441 2514 1655 2553 comedimus
1676 2519 1752 2543 tnnc
1764 2513 1863 2542 vitam
1878 2512 2038 2543 habemus
2062 2511 2092 2540 in
2117 2519 2176 2540 no-

1190 2559 1253 2596 bis,
1277 2557 1324 2589 illi
1348 2557 1528 2595 coniuncti,
1553 2566 1640 2598 quae
1664 2556 1731 2587 vita
1755 2554 1876 2587 effecta
1906 2560 1967 2586 est.
2036 2553 2110 2585 Hac
2132 2552 2176 2583 de
