2383 2990
151 148 217 182 3⁶29
781 146 838 177 IV.
882 144 1144 177 ENARRATIO
1169 144 1371 177 SYMBOLI
1395 144 1557 176 NlCENI.
2127 142 2192 174 330

238 243 337 274 Addo
374 248 406 274 et
439 242 528 274 hane
561 242 830 273 admonitionem.
888 241 972 272 Vult
999 240 1095 271 Deus
1125 250 1144 270 a

151 289 249 320 nobis
274 293 306 318 et
330 285 471 328 intelligi
496 292 527 317 et
551 286 653 316 amari
677 286 863 323 veritatem,
888 291 923 316 ut.
942 286 1088 317 sciamus
1113 289 1145 314 et

150 333 259 373 ipsum
283 341 437 361 veracem
462 340 552 367 esse,
576 331 662 360 sit-ut
687 328 812 360 Paulus
837 329 960 369 inquit:
997 328 1057 359 Est
1088 338 1145 358 au-

151 382 217 407 tem
240 373 335 405 Deus
362 384 473 405 verax.
520 373 633 415 ltaque
658 379 690 403 et
715 372 987 403 comminationes
1013 377 1044 402 et
1068 381 1144 412 pro-

150 418 458 458 missionesipsius
483 418 628 448 sciamus
654 422 745 447 ratas
767 422 798 447 et
822 416 1028 446 firmissimas
1055 425 1144 453 esse,

151 468 185 493 et
207 462 248 492 de
269 463 339 492 eius
366 460 536 492 voluntate
561 471 602 491 ex
632 460 736 501 ipsius
769 469 926 490 ¹sermone
950 460 1144 496 iudicemus,

151 516 193 537 ac
229 506 377 536 sciamus
414 505 486 536 sine
521 502 589 534 ulla
625 503 843 539 dubitatione,
881 501 968 533 velle
1003 513 1077 533 eum
1114 503 1145 533 id

150 548 241 591 quod
265 549 369 580 verba
393 554 526 579 sonant.
576 546 760 578 Promissio
799 546 1002 577 remissionis
1028 556 1146 587 pet-ca-

151 599 259 624 torum
284 591 486 623 universalis
512 598 573 629 est,
599 600 698 632 quam
719 588 816 620 offert
840 590 993 620 omnibus
1020 590 1146 631 agenti-

146 637 214 668 ·bus
250 636 488 677 poenitentiam
520 641 551 666 et
576 634 792 665 credentibus
829 632 1146 671 reconciliationem,

151 678 194 711 Et
229 680 361 721 quidem
393 679 520 709 sancita
557 684 607 709 est
645 677 869 708 iureiurando.
938 677 1012 709 Non
1047 677 1147 719 igitur

150 722 249 755 aliam
273 724 343 755 eius
368 733 526 754 arcanam
546 720 752 752 volunta-cm
778 731 854 751 esse
880 727 1046 762 putemus,
1071 721 1147 762 quia

150 767 244 798 Deus
269 774 321 798 est
345 777 463 805 verax,
495 776 557 797 nec
587 771 665 796 sunt
696 765 728 795 in
759 763 835 796 Deo
867 765 1147 796 contradictoriae

152 809 356 842 voluntates.

238 889 401 920 Adfirmat
426 889 524 919 etiam
547 887 642 918 Deus
667 886 881 927 saepissime,
912 898 949 917 se
975 897 1038 917 nec
1062 885 1148 917 velle

151 943 215 964 nec
255 933 445 974 approbare
480 940 665 973 peccatum.
725 930 767 960 Et
797 941 871 971 cap.
897 931 928 960 S.
965 930 1147 961 Zachariae

152 987 315 1018 expresse
339 976 470 1014 dicitur,
494 976 534 1005 de
559 975 726 1017 peccatis:
754 973 843 1005 Haec
868 980 945 1005 sunt
970 985 1054 1015 quae
1080 975 1146 1013 odi,

152 1021 230 1051 (licit
262 1019 438 1051 Dominus.
496 1020 579 1050 (luni
611 1025 720 1050 autem
754 1028 857 1049 verax
883 1019 924 1049 sit
951 1018 1061 1055 Deus,
1095 1018 1147 1048 tir-

150 1065 298 1096 missime
334 1064 549 1094 statuendum
584 1070 652 1100 est,
689 1062 798 1093 Deum
834 1074 1045 1103 nequaquam
1070 1072 1147 1093 esse

151 1119 288 1139 causam
320 1107 491 1138 el'licacem
519 1108 646 1147 {eci-aii
672 1108 702 1138 in
728 1106 928 1137 bominibus.
967 1106 1025 1137 {fist
1050 1106 1148 1148 igitur

151 1151 290 1183 libertas
314 1150 426 1192 aliqua
449 1157 481 1181 et
506 1151 743 1192 contingentia.

239 1229 345 1260 Vides
369 1236 401 1259 at
426 1227 621 1259 refutandos
636 1228 770 1259 Stoicos
796 1227 1044 1266 surorcs‚lianc
1069 1239 1148 1258 con-

153 1274 389 1304 siderationem
424 1272 575 1303 veritatis
612 1273 643 1302 in
671 1272 764 1308 Deo,
800 1272 936 1303 multum
972 1273 1146 1313 prodesse.

152 1317 248 1348 Hanc
274 1317 371 1359 igitur
394 1316 653 1347 admonitionem
679 1317 720 1347 de
744 1317 884 1347 veritate
908 1317 939 1346 in
963 1315 1056 1354 Deo,
1081 1322 1149 1346 stu-

153 1361 238 1391 diosi
262 1370 366 1401 saepe
390 1360 550 1401 cogitent.

238 1437 284 1469 Ut
308 1444 418 1470 autem
443 1439 474 1468 in
499 1437 643 1468 caeteris¹
678 1438 867 1479 praeceptis
898 1436 1001 1468 multo
1026 1436 1148 1468 fuimus

150 1483 342 1519 breviores,
374 1492 473 1524 quam
498 1482 671 1512 doctrinae
704 1481 802 1512 liuius
825 1480 1008 1522 amplitudo
1033 1488 1149 1522 postu-

150 1525 209 1565 lat,
238 1527 300 1557 sed
329 1525 414 1557 haec
446 1526 594 1556 brevitas
619 1525 660 1555 ad
682 1526 779 1556 huius
804 1526 991 1566 compendii
1016 1525 1150 1556 modum

154 1570 412 1602 accommodata
447 1575 510 1607 est,
546 1569 591 1600 ita
616 1579 704 1600 nune
727 1580 861 1611 quoque
897 1569 1045 1599 omittam
1079 1568 1150 1599 lon-

151 1615 265 1656 giores
301 1612 567 1651 declarationes,
604 1624 691 1654 quae
726 1612 781 1643 hic
812 1613 994 1644 recitantur
1028 1613 1070 1643 de
1105 1613 1150 1643 di-

151 1658 328 1689 stinctione
352 1658 613 1695 mendaciorum,
633 1657 674 1688 de
700 1657 857 1695 vanitate,
883 1658 924 1688 de
944 1655 1148 1695 adulatione,

152 1701 193 1732 de
217 1702 474 1740 obtrectatione,
499 1701 542 1732 de
565 1701 673 1741 pactis
693 1700 844 1731 honestis
870 1707 901 1732 et
920 1700 1120 1732 inhonestis.

239 1778 454 1810 Excusantur
489 1778 773 1810 dissimulationes
815 1778 868 1811 vel
904 1777 1149 1818 occultationes

153 1821 328 1854 officiosae
363 1823 395 1853 in
427 1823 524 1854 dictis
559 1830 615 1854 aut
650 1824 855 1861 actionibus,
890 1823 922 1853 in
958 1823 1079 1864 quibus
1111 1833 1149 1854 ea

153 1866 382 1905 occultantur,
418 1868 449 1898 in
486 1867 606 1910 quibus
648 1866 817 1898 consessio
853 1877 919 1897 non
955 1867 1150 1898 necessaria

152 1917 216 1949 est,
235 1911 300 1942 imo
326 1916 357 1941 et
381 1909 456 1941 aliis
481 1921 565 1953 quos
591 1918 706 1953 tegere
732 1911 911 1948 debemus,
936 1916 1087 1949 noceret,
1111 1915 1147 1942 ut

152 1954 272 1986 losuae
295 1954 326 1986 2.
375 1953 470 1986 Raab
508 1960 620 1985 narrat
654 1955 780 1985 abiisse
816 1953 1058 1996 speculatores.
1105 1953 1148 1984 Et

153 1999 183 2029 1.
218 1998 303 2040 Reg.
338 1998 388 2029 19.
446 1997 575 2030 Micliol
610 1999 766 2040 imposita
801 2004 912 2030 statua
947 1999 979 2028 in
1015 2000 1148 2037 lectum,

151 2043 336 2083 respondet
361 2041 518 2074 militibus
543 2044 660 2084 patris,
686 2049 867 2085 aegrotare
890 2041 1067 2073 Davidem.
1107 2041 1148 2073 Et

151 2086 182 2117 2.
203 2085 287 2129 Reg.
315 2086 365 2116 17.
390 2087 508 2118 mulier
530 2087 563 2117 in
587 2085 747 2118 Baliurim
770 2092 886 2118 narrat
897 2086 1022 2117 abiisse
1046 2085 1150 2118 Davi-

152 2131 203 2162 dis
228 2130 379 2162 comites,

240 2207 341 2240 Tales
367 2207 610 2240 occultationes
630 2214 685 2240 aut
709 2207 893 2248 elusiones,
922 2218 990 2239 non
1014 2219 1034 2240 a
1057 2209 1149 2239 vani-

152 2257 219 2283 tate
244 2258 354 2291 ortae,
386 2253 446 2284 sed
470 2258 505 2284 ut
534 2251 608 2284 aliis
632 2253 779 2293 prosint,
802 2260 870 2284 ‘non
895 2257 973 2284 sunt
997 2258 1147 2294 peccata,

151 2306 215 2328 nec
246 2302 338 2328 reete
369 2304 535 2328 vocantur
564 2297 754 2335 mendacia,
785 2298 845 2328 sed
876 2296 1004 2339 figurae
1023 2297 1146 2338 potius,

153 2346 185 2371 et
209 2338 385 2372 officiosae
410 2339 706 2372 dissimulationes.
758 2340 814 2372 Sic
839 2347 872 2373 et
897 2342 1024 2383 figuras
1049 2350 1146 2382 voco,

152 2382 319 2426 apologos
359 2390 392 2415 et
427 2387 581 2425 poemata
617 2384 759 2415 docendi
803 2395 908 2417 causa
947 2386 1145 2426 composita,

152 2437 238 2469 quae
273 2429 314 2458 ab
350 2426 424 2458 aliis
459 2429 577 2459 iocosa
602 2429 776 2459 mendacia
800 2429 974 2467 dicuntur,
999 2439 1072 2459 cum
1097 2439 1146 2459 re-

153 2481 234 2502 vera
268 2471 334 2502 sint
369 2470 545 2503 officiosae
580 2472 809 2511 narrationes,
851 2484 937 2515 quae
976 2472 1147 2503 continent

152 2515 315 2557 imagines
341 2521 373 2546 et
396 2515 558 2557 picturas,
592 2526 659 2546 non
685 2516 727 2547 ad
761 2517 949 2548 nocendum
976 2517 1146 2558 excogita·
1171 2512 1173 2531 ²

153 2564 216 2597 tas,
241 2559 300 2589 sed
325 2564 359 2590 ut
393 2559 594 2601 significatio
626 2560 668 2590 sit
692 2557 874 2598 illustrior,
905 2567 940 2592 ut
971 2558 1080 2602 qualis
1104 2560 1146 2590 sit

152 2607 328 2643 tyrannuS,
354 2602 476 2634 clarius
502 2603 723 2645 conspicitur,
754 2615 829 2636 cum
853 2603 923 2645 lupi
948 2610 1004 2636 aut
1029 2604 1147 2635 draco-

153 2646 204 2676 nis
228 2646 370 2688 imagine
393 2640 551 2690 pingitur.

1173 1371 1176 1376 ,
1203 1356 1284 1377 mae.
1333 1345 1411 1377 ldeo
1432 1353 1530 1387 pacta
1555 1351 1611 1376 aut
1636 1351 1730 1383 vota,

1286 240 1354 271 Sed
1378 241 1585 271 mendacium
1608 241 1743 281 proprie
1767 244 1830 277 est,
1856 249 1930 270 cum
1955 239 2112 277 vanitate,
2136 243 2193 269 aut

1199 284 1379 325 cupiditate
1404 285 1545 315 nocendi
1570 284 1653 315 falsa
1678 284 1849 321 dicuntur,
1880 288 1936 314 aut
1960 293 2041 313 vera
2067 292 2192 323 negan-

1198 333 1261 365 tur,
1286 338 1346 358 seu
1371 326 1493 368 palam,
1518 338 1579 358 seu
1602 326 1801 369 labyrinthis
1833 326 2075 367 sophismatum
2100 326 2193 356 invo-

1197 370 1268 402 luta
1304 372 1454 408 veritate,
1490 382 1588 412 quani
1624 370 1777 401 confiteri
1812 371 2000 412 oportebat.
2057 369 2098 400 Ut
2126 380 2193 400 non

1198 413 1308 445 solum
1342 420 1495 456 peccant,
1530 415 1583 456 qui
1619 414 1803 445 manifestis
1839 414 2022 445 mendaciis
2054 412 2196 444 aliorum

1199 458 1304 496 vitae,
1328 458 1456 496 famae,
1481 465 1538 488 aut
1563 459 1663 488 rebus
1689 458 1903 495 insidiantur,
1927 463 1961 488 ut
1988 457 2069 487 Siba
2095 467 2194 487 vene-

1200 510 1278 533 nata
1302 500 1465 533 calumn'a
1490 501 1576 542 apud
1595 500 1754 532 Davidem
1774 500 1876 531 laedit
1895 502 2062 532 dominum
2086 510 2195 538 suum,

1200 546 1260 576 sed
1281 546 1380 576 etiam
1405 544 1573 576 cumulant
1598 543 1746 582 scelera,
1782 546 1836 586 qui
1861 550 1892 575 et
1917 545 2138 583 mentiuntur,
2163 549 2196 574 et

1199 595 1395 630 praetextus
1419 588 1602 631 astingunt,
1638 595 1674 620 ut
1704 589 1818 629 specie
1847 589 1997 619 veritatis
2021 588 2196 619 mendacia

1201 632 1409 664 confirment.

1289 723 1394 755 Plena
1419 730 1469 755 est
1500 730 1610 755 autem
1636 724 1702 754 vita
1727 722 1840 754 talium
1864 723 2104 764 sophismatum
2129 733 2196 753 non

1201 768 1233 799 in
1257 768 1386 799 iudiciis
1411 775 1548 805 tantum,
1569 768 1629 799 sed
1653 767 1751 798 etiam
1777 768 1806 797 in
1833 765 2060 808 religionibus.
2105 766 2198 797 llaec

1170 814 1173 818 “
1201 811 1373 843 horribilia
1408 813 1582 843 mendacia
1618 811 1770 842 execrari
1797 816 1827 842 e‘t
1861 812 1964 841 vitare
2000 821 2121 851 magna
2145 821 2198 841 sa-

1202 856 1324 897 pientia
1348 863 1412 894 est,
1438 863 1470 887 et
1498 856 1599 887 virtus
1625 856 1830 891 necessaria,
1855 866 1895 886 ac
1919 853 1994 885 Deo
2019 860 2124 896 grata.

1289 947 1342 979 De
1373 948 1499 989 pactis,
1534 948 1611 978 item
1647 947 1688 978 de
1725 947 1811 978 votis
1846 945 1964 988 regula
1996 943 2198 977 universalis

1202 997 1373 1030 teneatur,
1409 991 1533 1022 lniusta
1568 1001 1630 1022 nec
1665 991 1885 1032 promittenda
1922 1001 2017 1021 csse.
2055 1000 2117 1020 nec
2152 988 2199 1019 fa-

1202 1036 1332 1074 cienda,
1368 1036 1497 1067 etiamsi
1532 1035 1597 1066 sint
1632 1035 1816 1076 promissa,
1852 1036 1929 1076 quia
1960 1045 2027 1064 non
2051 1038 2129 1064 sunt
2153 1031 2199 1063 sa-

1203 1079 1320 1110 cicnda
1356 1079 1462 1117 mala,
1498 1085 1533 1110 ut
1570 1080 1700 1110 veniant
1739 1079 1842 1116 bona,
1882 1077 1922 1108 Et
1958 1085 2049 1108 recte
2086 1077 2200 1107 dicunt

1172 1135 1174 1156 3
1203 1122 1449 1160 Iurisconsulti,
1473 1121 1599 1154 nullam
1622 1121 1736 1154 valere
1761 1123 1950 1163 pactionem
1974 1121 2198 1162 turpitudinis.

1203 1166 1281 1197 ltem
1319 1167 1537 1199 iuramentum
1574 1177 1640 1197 non
1676 1167 1801 1197 debere
1832 1176 1910 1197 esse
1940 1163 2110 1197 vinculum
2141 1165 2199 1195 ini-

1172 1228 1175 1238 .
1202 1211 1346 1252 quitatis.

1291 1301 1361 1332 llae
1394 1312 1588 1333 communes
1618 1300 1757 1342 regulae
1789 1300 1854 1331 sint
1885 1301 2038 1331 omnibus
2065 1299 2200 1330 notissi-

1665 1342 1669 1343 ⁷
1761 1355 1846 1386 quae
1872 1343 2022 1386 obligant
2047 1342 2199 1374 homines

1203 1389 1246 1419 ad
1271 1395 1431 1430 peccata,
1463 1395 1495 1420 ut
1521 1389 1562 1419 ad
1589 1389 1706 1429 impios
1738 1387 1867 1426 cultus,
1896 1394 1933 1420 ut
1956 1387 2021 1419 alia
2045 1392 2198 1429 peccata,

1203 1442 1346 1464 necesse
1371 1439 1422 1464 est
1445 1433 1601 1464 rescindi.

1290 1524 1441 1556 Necesse
1472 1530 1523 1555 est
1554 1524 1653 1566 igitur
1677 1534 1736 1555 eos
1768 1524 1822 1565 qui
1852 1524 1884 1555 in
1915 1524 1982 1555 vita
2012 1522 2200 1554 monastica

1204 1575 1372 1610 coguntur
1394 1570 1436 1599 ad
1461 1566 1657 1600 societatem
1681 1568 1854 1609 impiorum
1879 1566 2047 1605 cultuum,
2077 1567 2119 1597 ab
2144 1564 2201 1597 illa

1204 1613 1365 1643 societate
1399 1613 1591 1651 discedere,
1631 1612 1719 1643 sicut
1748 1613 1964 1643 severissime
1994 1610 2202 1652 praecipiunt

1203 1655 1288 1687 haec
1323 1657 1414 1687 dicta
1446 1657 1540 1698 primi
1574 1656 1754 1698 praecepti.
1820 1656 1896 1687 Non
1927 1654 2068 1686 habebis
2104 1653 2199 1684 Deos

1203 1698 1343 1731 alienos-
1397 1700 1477 1732 Item
1506 1700 1625 1743 Fugite
1653 1698 1753 1730 idola.
1808 1699 1907 1739 ltem,
1939 1699 1974 1730 Si
2005 1699 2081 1740 quis
2108 1696 2200 1730 aliud

1202 1742 1424 1786 Evangelium
1449 1745 1559 1783 docet,
1585 1743 1764 1776 anathema
1786 1744 1840 1775 sit.

1302 1926 1363 1965 DE
1386 1927 1512 1959 NONO
1538 1926 1595 1958 ET
1618 1926 1793 1959 DECIMO
1819 1924 2098 1958 PRAECEPTO.

1290 2031 1421 2064 Nonum
1447 2037 1478 2063 et
1503 2032 1667 2063 decimum
1691 2032 1817 2063 addunt
1847 2030 2126 2071 declarationem,
2163 2036 2198 2063 ut

1203 2076 1350 2108 sciamus
1381 2075 1457 2119 lege
1481 2076 1546 2108 Dei
1576 2086 1643 2107 non
1668 2075 1777 2107 solum
1801 2077 1842 2107 (le
1866 2076 2014 2106 externis
2039 2076 2197 2117 operibus

1202 2121 1369 2162 praecipi,
1405 2121 1465 2152 sed
1507 2120 1663 2152 accusari
1698 2126 1729 2151 et
1765 2120 1916 2153 damnari
1951 2121 2048 2151 etiam
2084 2120 2198 2151 vitium

1202 2163 1346 2195 haerens
1377 2165 1409 2195 in
1442 2163 1504 2194 hac
1534 2164 1715 2205 depravata
1744 2163 1915 2195 hominum
1939 2170 2075 2201 natura,
2108 2163 2199 2204 quod

1201 2214 1325 2240 vocant
1357 2219 1494 2249 pravam
1522 2208 1842 2248 concupiscentiam.
1889 2208 1999 2248 Supra
2022 2213 2132 2238 autem
2157 2208 2198 2238 de

1201 2250 1370 2284 vocabulo
1403 2252 1527 2283 dictum
1559 2258 1629 2290 est,
1670 2249 1905 2295 intelligendos
1935 2261 2014 2282 esse
2045 2249 2196 2281 defectus

1202 2303 1235 2327 et
1259 2295 1383 2335 ἀταξίαν
1402 2296 1434 2326 in
1458 2296 1612 2327 omnibus
1631 2296 1757 2327 viribus
1777 2302 1808 2327 ct,
1830 2295 2105 2337 appetitionibus:
2131 2305 2197 2325 non

1200 2341 1424 2382 appetitiones
1448 2340 1554 2381 ipsa-5,
1579 2338 1697 2381 quales
1721 2341 1753 2371 in
1778 2345 1895 2371 natura
1928 2339 2082 2371 conditae
2107 2344 2196 2369 sunt.

1287 2428 1359 2459 Nec
1382 2433 1510 2459 tantum
1535 2428 1735 2459 damnantur
1758 2426 1835 2458 mali
1859 2425 2018 2463 affectus,
2044 2425 2085 2456 ad
2110 2435 2196 2467 quos

1201 2473 1347 2503 accessit
1378 2481 1584 2510 consensus,
1616 2476 1650 2502 ut
1680 2471 1834 2502 monachi
1871 2477 1903 2501 et
1936 2469 2107 2501 Pharisaei
2139 2470 2197 2501 do-

1201 2523 1358 2554 cuerunt,
1395 2516 1454 2546 sed
1484 2514 1540 2546 illa
1568 2515 1640 2556 ipsa
1675 2513 1764 2545 mala
1798 2515 1973 2545 nobiscum
2008 2514 2194 2552 nascentia,

1201 2557 1330 2590 scilicet
1353 2557 1504 2590 defectus
1530 2565 1562 2590 et
1585 2568 1709 2600 pravae
1732 2556 1976 2594 inclinatione&
2000 2558 2032 2588 id
2058 2564 2121 2596 est,
2143 2568 2196 2588 ca-

1199 2601 1268 2645 ligo
1300 2603 1342 2634 de
1365 2603 1440 2634 Deo
1471 2604 1502 2634 in
1535 2609 1660 2640 mente,
1693 2602 1826 2633 aversio
1857 2600 2038 2633 voluntatis
2063 2612 2083 2632 a
2106 2600 2196 2640 Deo,

1201 2652 1234 2677 et
1257 2648 1468 2678 contumacia
1491 2647 1525 2678 in
1549 2646 1652 2678 corde
1676 2656 1869 2688 repugnans
1892 2644 1960 2688 legi
1983 2644 2058 2677 Dei.
