<?xml version="1.0" encoding="UTF-8"?>
<!DOCTYPE html PUBLIC "-//W3C//DTD XHTML 1.0 Transitional//EN"
    "http://www.w3.org/TR/xhtml1/DTD/xhtml1-transitional.dtd">
<html xmlns="http://www.w3.org/1999/xhtml" xml:lang="en" lang="en">
 <head>
  <title>
</title>
<meta http-equiv="Content-Type" content="text/html;charset=utf-8" />
  <meta name='ocr-system' content='tesseract 3.04.00' />
  <meta name='ocr-capabilities' content='ocr_page ocr_carea ocr_par ocr_line ocrx_word'/>
</head>
<body>
  <div class='ocr_page' id='page_1' title='image "./operaquaesupersu23melauoft_0425.png"; bbox 0 0 2383 2990; ppageno 0'>
   <div class='ocr_carea' id='block_1_1' title="bbox 0 1338 41 2990">
    <p class='ocr_par' dir='ltr' id='par_1_1' title="bbox 0 1338 41 2990">
     <span class='ocr_line' id='line_1_1' title="bbox 0 1338 41 2990; baseline 0 0"><span class='ocrx_word' id='word_1_1' title='bbox 0 1338 41 2990; x_wconf 95' lang='lat' dir='ltr'><strong> </strong></span> 
     </span>
    </p>
   </div>
   <div class='ocr_carea' id='block_1_2' title="bbox 111 151 174 183">
    <p class='ocr_par' dir='ltr' id='par_1_2' title="bbox 111 151 174 183">
     <span class='ocr_line' id='line_1_2' title="bbox 111 151 174 183; baseline -0.032 0"><span class='ocrx_word' id='word_1_2' title='bbox 111 151 174 183; x_wconf 82' lang='lat'><strong>717</strong></span> 
     </span>
    </p>
   </div>
   <div class='ocr_carea' id='block_1_3' title="bbox 110 241 1110 766">
    <p class='ocr_par' dir='ltr' id='par_1_3' title="bbox 110 241 1110 766">
     <span class='ocr_line' id='line_1_3' title="bbox 114 241 1105 285; baseline -0.009 -7"><span class='ocrx_word' id='word_1_3' title='bbox 114 246 145 278; x_wconf 93' lang='lat' dir='ltr'><strong>bi</strong></span> <span class='ocrx_word' id='word_1_4' title='bbox 169 251 202 277; x_wconf 82' lang='lat' dir='ltr'><strong>et</strong></span> <span class='ocrx_word' id='word_1_5' title='bbox 225 243 290 276; x_wconf 89' lang='lat' dir='ltr'><strong>alia</strong></span> <span class='ocrx_word' id='word_1_6' title='bbox 314 253 464 280; x_wconf 89' lang='lat' dir='ltr'><strong>munera,</strong></span> <span class='ocrx_word' id='word_1_7' title='bbox 500 252 584 285; x_wconf 88' lang='lat' dir='ltr'><strong>quae</strong></span> <span class='ocrx_word' id='word_1_8' title='bbox 619 242 904 273; x_wconf 69' lang='lat' dir='ltr'><strong>distribuebantur</strong></span> <span class='ocrx_word' id='word_1_9' title='bbox 927 241 959 271; x_wconf 89' lang='lat' dir='ltr'><strong>in</strong></span> <span class='ocrx_word' id='word_1_10' title='bbox 983 248 1105 280; x_wconf 85' lang='lat' dir='ltr'><strong>paupe-</strong></span> 
     </span>
     <span class='ocr_line' id='line_1_4' title="bbox 112 281 1107 324; baseline -0.009 -3"><span class='ocrx_word' id='word_1_11' title='bbox 112 299 180 321; x_wconf 88' lang='lat' dir='ltr'><strong>res.</strong></span> <span class='ocrx_word' id='word_1_12' title='bbox 225 287 319 319; x_wconf 87' lang='lat' dir='ltr'><strong>Haec</strong></span> <span class='ocrx_word' id='word_1_13' title='bbox 352 287 562 318; x_wconf 76' lang='lat' dir='ltr'><strong>vocabantur</strong></span> <span class='ocrx_word' id='word_1_14' title='bbox 597 284 784 317; x_wconf 87' lang='lat' dir='ltr'><strong>oblationes</strong></span> <span class='ocrx_word' id='word_1_15' title='bbox 821 291 852 315; x_wconf 90' lang='lat' dir='ltr'><strong>et</strong></span> <span class='ocrx_word' id='word_1_16' title='bbox 882 283 1008 324; x_wconf 78' lang='grc' dir='ltr'><em>ἅγάπω.</em></span> <span class='ocrx_word' id='word_1_17' title='bbox 1055 281 1107 313; x_wconf 85' lang='lat' dir='ltr'><strong>De</strong></span> 
     </span>
     <span class='ocr_line' id='line_1_5' title="bbox 110 325 1107 373; baseline -0.01 -8"><span class='ocrx_word' id='word_1_18' title='bbox 110 333 178 365; x_wconf 90' lang='lat' dir='ltr'><strong>hoc</strong></span> <span class='ocrx_word' id='word_1_19' title='bbox 199 342 292 364; x_wconf 83' lang='lat' dir='ltr'><strong>more</strong></span> <span class='ocrx_word' id='word_1_20' title='bbox 314 329 462 373; x_wconf 86' lang='lat' dir='ltr'><strong>loquitur</strong></span> <span class='ocrx_word' id='word_1_21' title='bbox 484 327 722 367; x_wconf 83' lang='lat' dir='ltr'><strong>Tertullianus,</strong></span> <span class='ocrx_word' id='word_1_22' title='bbox 747 328 801 370; x_wconf 91' lang='lat' dir='ltr'><strong>qui</strong></span> <span class='ocrx_word' id='word_1_23' title='bbox 825 327 934 358; x_wconf 86' lang='lat' dir='ltr'><strong>adhuc</strong></span> <span class='ocrx_word' id='word_1_24' title='bbox 958 325 1107 367; x_wconf 86' lang='lat' dir='ltr'><strong>reliquus</strong></span> 
     </span>
     <span class='ocr_line' id='line_1_6' title="bbox 112 369 1108 415; baseline -0.009 -7"><span class='ocrx_word' id='word_1_25' title='bbox 112 382 183 409; x_wconf 86' lang='lat' dir='ltr'><strong>erat</strong></span> <span class='ocrx_word' id='word_1_26' title='bbox 207 376 250 407; x_wconf 90' lang='lat' dir='ltr'><strong>ab</strong></span> <span class='ocrx_word' id='word_1_27' title='bbox 263 375 397 406; x_wconf 89' lang='lat' dir='ltr'><strong>ethnico</strong></span> <span class='ocrx_word' id='word_1_28' title='bbox 412 374 486 412; x_wconf 92' lang='lat' dir='ltr'><strong>ritu,</strong></span> <span class='ocrx_word' id='word_1_29' title='bbox 511 373 610 415; x_wconf 89' lang='lat' dir='ltr'><strong>quiin</strong></span> <span class='ocrx_word' id='word_1_30' title='bbox 625 370 794 404; x_wconf 77' lang='lat' dir='ltr'><strong>natalibus</strong></span> <span class='ocrx_word' id='word_1_31' title='bbox 813 377 844 401; x_wconf 90' lang='lat' dir='ltr'><strong>et</strong></span> <span class='ocrx_word' id='word_1_32' title='bbox 864 370 1039 402; x_wconf 82' lang='lat' dir='ltr'>funeribus</span> <span class='ocrx_word' id='word_1_33' title='bbox 1052 369 1108 399; x_wconf 89' lang='lat' dir='ltr'><strong>da-</strong></span> 
     </span>
     <span class='ocr_line' id='line_1_7' title="bbox 111 413 1108 461; baseline -0.009 -9"><span class='ocrx_word' id='word_1_34' title='bbox 111 422 193 452; x_wconf 84' lang='lat' dir='ltr'><strong>bant</strong></span> <span class='ocrx_word' id='word_1_35' title='bbox 215 417 332 461; x_wconf 77' lang='lat' dir='ltr'>epulas</span> <span class='ocrx_word' id='word_1_36' title='bbox 355 418 388 449; x_wconf 92' lang='lat' dir='ltr'><strong>in</strong></span> <span class='ocrx_word' id='word_1_37' title='bbox 413 415 566 459; x_wconf 85' lang='lat' dir='ltr'><strong>templis,</strong></span> <span class='ocrx_word' id='word_1_38' title='bbox 602 416 663 447; x_wconf 88' lang='lat' dir='ltr'><strong>scd</strong></span> <span class='ocrx_word' id='word_1_39' title='bbox 687 414 750 446; x_wconf 88' lang='lat' dir='ltr'><strong>hae</strong></span> <span class='ocrx_word' id='word_1_40' title='bbox 783 420 902 456; x_wconf 90' lang='lat' dir='ltr'><strong>postea</strong></span> <span class='ocrx_word' id='word_1_41' title='bbox 920 413 1108 455; x_wconf 86' lang='lat' dir='ltr'><strong>prohibitae</strong></span> 
     </span>
     <span class='ocr_line' id='line_1_8' title="bbox 114 456 1107 501; baseline -0.008 -7"><span class='ocrx_word' id='word_1_42' title='bbox 114 467 202 495; x_wconf 89' lang='lat' dir='ltr'><strong>sunt.</strong></span> <span class='ocrx_word' id='word_1_43' title='bbox 249 461 303 492; x_wconf 81' lang='lat' dir='ltr'><strong>Ac</strong></span> <span class='ocrx_word' id='word_1_44' title='bbox 337 471 377 492; x_wconf 80' lang='lat' dir='ltr'><strong>ex</strong></span> <span class='ocrx_word' id='word_1_45' title='bbox 401 461 476 501; x_wconf 73' lang='lat' dir='ltr'><strong>ipso</strong></span> <span class='ocrx_word' id='word_1_46' title='bbox 499 458 707 491; x_wconf 77' lang='lat' dir='ltr'><strong>Tertulliano</strong></span> <span class='ocrx_word' id='word_1_47' title='bbox 731 464 763 490; x_wconf 91' lang='lat' dir='ltr'><strong>et</strong></span> <span class='ocrx_word' id='word_1_48' title='bbox 787 456 860 489; x_wconf 85' lang='lat' dir='ltr'><strong>aliis</strong></span> <span class='ocrx_word' id='word_1_49' title='bbox 885 456 1107 498; x_wconf 81' lang='lat' dir='ltr'><strong>scriptoribus</strong></span> 
     </span>
     <span class='ocr_line' id='line_1_9' title="bbox 112 501 1107 548; baseline -0.008 -10"><span class='ocrx_word' id='word_1_50' title='bbox 112 511 264 548; x_wconf 87' lang='lat' dir='ltr'><strong>apparet,</strong></span> <span class='ocrx_word' id='word_1_51' title='bbox 288 503 456 536; x_wconf 85' lang='lat' dir='ltr'><strong>sacrificia</strong></span> <span class='ocrx_word' id='word_1_52' title='bbox 479 514 539 534; x_wconf 85' lang='lat' dir='ltr'><strong>seu</strong></span> <span class='ocrx_word' id='word_1_53' title='bbox 563 501 767 534; x_wconf 85' lang='lat' dir='ltr'><strong>oblationem</strong></span> <span class='ocrx_word' id='word_1_54' title='bbox 793 511 852 542; x_wconf 86' lang='lat' dir='ltr'><strong>pro</strong></span> <span class='ocrx_word' id='word_1_55' title='bbox 878 501 1016 532; x_wconf 81' lang='lat' dir='ltr'>mortuis</span> <span class='ocrx_word' id='word_1_56' title='bbox 1040 509 1107 531; x_wconf 85' lang='lat' dir='ltr'><strong>non</strong></span> 
     </span>
     <span class='ocr_line' id='line_1_10' title="bbox 112 543 1108 587; baseline -0.007 -6"><span class='ocrx_word' id='word_1_57' title='bbox 112 550 176 581; x_wconf 88' lang='lat' dir='ltr'><strong>dici</strong></span> <span class='ocrx_word' id='word_1_58' title='bbox 202 559 298 581; x_wconf 88' lang='lat' dir='ltr'><strong>usum</strong></span> <span class='ocrx_word' id='word_1_59' title='bbox 321 547 469 586; x_wconf 78' lang='lat' dir='ltr'><strong>Missae,</strong></span> <span class='ocrx_word' id='word_1_60' title='bbox 504 547 566 578; x_wconf 90' lang='lat' dir='ltr'><strong>sed</strong></span> <span class='ocrx_word' id='word_1_61' title='bbox 601 555 720 587; x_wconf 80' lang='lat' dir='ltr'><strong>preces</strong></span> <span class='ocrx_word' id='word_1_62' title='bbox 745 552 776 576; x_wconf 90' lang='lat' dir='ltr'><strong>et</strong></span> <span class='ocrx_word' id='word_1_63' title='bbox 801 545 983 587; x_wconf 83' lang='lat' dir='ltr'><strong>gratiarum</strong></span> <span class='ocrx_word' id='word_1_64' title='bbox 1006 543 1108 575; x_wconf 90' lang='lat' dir='ltr'><strong>actio-</strong></span> 
     </span>
     <span class='ocr_line' id='line_1_11' title="bbox 112 586 1108 633; baseline -0.008 -8"><span class='ocrx_word' id='word_1_65' title='bbox 112 603 198 625; x_wconf 86' lang='lat' dir='ltr'>nem.</span> <span class='ocrx_word' id='word_1_66' title='bbox 247 592 304 624; x_wconf 89' lang='lat' dir='ltr'><strong>Sic</strong></span> <span class='ocrx_word' id='word_1_67' title='bbox 327 592 413 623; x_wconf 88' lang='lat' dir='ltr'><strong>enim</strong></span> <span class='ocrx_word' id='word_1_68' title='bbox 447 591 551 633; x_wconf 90' lang='lat' dir='ltr'><strong>inquit</strong></span> <span class='ocrx_word' id='word_1_69' title='bbox 585 587 811 621; x_wconf 83' lang='lat' dir='ltr'><strong>Tertullianus</strong></span> <span class='ocrx_word' id='word_1_70' title='bbox 845 588 889 619; x_wconf 87' lang='lat' dir='ltr'><strong>ad</strong></span> <span class='ocrx_word' id='word_1_71' title='bbox 913 586 1108 629; x_wconf 85' lang='lat' dir='ltr'><strong>Scapulam:</strong></span> 
     </span>
     <span class='ocr_line' id='line_1_12' title="bbox 111 629 1108 676; baseline -0.006 -9"><span class='ocrx_word' id='word_1_72' title='bbox 111 635 362 669; x_wconf 85' lang='lat' dir='ltr'><strong>Sacrificiamus</strong></span> <span class='ocrx_word' id='word_1_73' title='bbox 385 644 447 676; x_wconf 91' lang='lat' dir='ltr'><strong>pro</strong></span> <span class='ocrx_word' id='word_1_74' title='bbox 477 632 587 665; x_wconf 87' lang='lat' dir='ltr'><strong>salute</strong></span> <span class='ocrx_word' id='word_1_75' title='bbox 610 632 844 674; x_wconf 65' lang='lat' dir='ltr'><strong>Imperatofis,</strong></span> <span class='ocrx_word' id='word_1_76' title='bbox 881 630 1011 663; x_wconf 86' lang='lat' dir='ltr'><strong>scilicet</strong></span> <span class='ocrx_word' id='word_1_77' title='bbox 1032 629 1108 662; x_wconf 82' lang='lat' dir='ltr'><strong>Deo</strong></span> 
     </span>
     <span class='ocr_line' id='line_1_13' title="bbox 112 674 1110 720; baseline -0.007 -8"><span class='ocrx_word' id='word_1_78' title='bbox 112 685 231 712; x_wconf 87' lang='lat' dir='ltr'><strong>nostro</strong></span> <span class='ocrx_word' id='word_1_79' title='bbox 255 684 288 710; x_wconf 88' lang='lat' dir='ltr'><strong>et</strong></span> <span class='ocrx_word' id='word_1_80' title='bbox 310 678 429 720; x_wconf 83' lang='lat' dir='ltr'><strong>ipsius,</strong></span> <span class='ocrx_word' id='word_1_81' title='bbox 454 677 515 709; x_wconf 89' lang='lat' dir='ltr'><strong>sed</strong></span> <span class='ocrx_word' id='word_1_82' title='bbox 539 677 706 719; x_wconf 87' lang='lat' dir='ltr'><strong>quomodo</strong></span> <span class='ocrx_word' id='word_1_83' title='bbox 729 675 889 717; x_wconf 84' lang='lat' dir='ltr'><strong>praecipit</strong></span> <span class='ocrx_word' id='word_1_84' title='bbox 912 674 1021 713; x_wconf 85' lang='lat' dir='ltr'><strong>Deus,</strong></span> <span class='ocrx_word' id='word_1_85' title='bbox 1044 674 1110 705; x_wconf 80' lang='lat' dir='ltr'><strong>fide</strong></span> 
     </span>
     <span class='ocr_line' id='line_1_14' title="bbox 112 717 1109 766; baseline -0.007 -11"><span class='ocrx_word' id='word_1_86' title='bbox 112 733 207 766; x_wconf 85' lang='lat' dir='ltr'><strong>pura.</strong></span> <span class='ocrx_word' id='word_1_87' title='bbox 254 722 311 753; x_wconf 89' lang='lat' dir='ltr'><strong>Sic</strong></span> <span class='ocrx_word' id='word_1_88' title='bbox 335 728 368 753; x_wconf 90' lang='lat' dir='ltr'><strong>et</strong></span> <span class='ocrx_word' id='word_1_89' title='bbox 392 721 433 753; x_wconf 90' lang='lat' dir='ltr'><strong>de</strong></span> <span class='ocrx_word' id='word_1_90' title='bbox 456 721 660 763; x_wconf 75' lang='lat' dir='ltr'><strong>martyribus</strong></span> <span class='ocrx_word' id='word_1_91' title='bbox 684 720 729 750; x_wconf 84' lang='lat' dir='ltr'><strong>ait</strong></span> <span class='ocrx_word' id='word_1_92' title='bbox 743 718 952 761; x_wconf 63' lang='lat' dir='ltr'><strong>Cyprianus:</strong></span> <span class='ocrx_word' id='word_1_93' title='bbox 977 717 1109 751; x_wconf 78' lang='lat' dir='ltr'><strong>Sacrifi-</strong></span> 
     </span>
    </p>
   </div>
   <div class='ocr_carea' id='block_1_4' title="bbox 611 139 1641 178">
    <p class='ocr_par' dir='ltr' id='par_1_4' title="bbox 611 139 1641 178">
     <span class='ocr_line' id='line_1_15' title="bbox 611 139 1641 178; baseline -0.008 0"><span class='ocrx_word' id='word_1_94' title='bbox 611 145 666 178; x_wconf 85' lang='lat' dir='ltr'><strong>tx.</strong></span> <span class='ocrx_word' id='word_1_95' title='bbox 714 144 966 177; x_wconf 72' lang='lat' dir='ltr'><strong>REFIJTATto</strong></span> <span class='ocrx_word' id='word_1_96' title='bbox 997 141 1221 174; x_wconf 56' lang='lat' dir='ltr'>ABUSUUM</span> <span class='ocrx_word' id='word_1_97' title='bbox 1249 139 1436 173; x_wconf 70' lang='lat' dir='ltr'>COENAE</span> <span class='ocrx_word' id='word_1_98' title='bbox 1461 139 1641 172; x_wconf 75' lang='lat' dir='ltr'><strong>DoMtM.</strong></span> 
     </span>
    </p>
   </div>
   <div class='ocr_carea' id='block_1_5' title="bbox 2089 140 2153 172">
    <p class='ocr_par' dir='ltr' id='par_1_5' title="bbox 2089 140 2153 172">
     <span class='ocr_line' id='line_1_16' title="bbox 2089 140 2153 172; baseline 0.016 -1"><span class='ocrx_word' id='word_1_99' title='bbox 2089 140 2153 172; x_wconf 72' lang='lat'><strong>718</strong></span> 
     </span>
    </p>
   </div>
   <div class='ocr_carea' id='block_1_6' title="bbox 1159 235 2156 759">
    <p class='ocr_par' dir='ltr' id='par_1_6' title="bbox 1159 235 2156 759">
     <span class='ocr_line' id='line_1_17' title="bbox 1159 235 2153 280; baseline -0.004 -11"><span class='ocrx_word' id='word_1_100' title='bbox 1159 238 1211 269; x_wconf 88' lang='lat' dir='ltr'><strong>cia</strong></span> <span class='ocrx_word' id='word_1_101' title='bbox 1233 247 1294 280; x_wconf 90' lang='lat' dir='ltr'><strong>pro</strong></span> <span class='ocrx_word' id='word_1_102' title='bbox 1319 237 1367 268; x_wconf 90' lang='lat' dir='ltr'><strong>eis</strong></span> <span class='ocrx_word' id='word_1_103' title='bbox 1392 235 1561 268; x_wconf 86' lang='lat' dir='ltr'><strong>offerimus</strong></span> <span class='ocrx_word' id='word_1_104' title='bbox 1585 242 1650 268; x_wconf 88' lang='lat' dir='ltr'><strong>etc.</strong></span> <span class='ocrx_word' id='word_1_105' title='bbox 1674 236 1750 278; x_wconf 86' lang='lat' dir='ltr'><strong>quia</strong></span> <span class='ocrx_word' id='word_1_106' title='bbox 1773 235 1805 266; x_wconf 92' lang='lat' dir='ltr'><strong>in</strong></span> <span class='ocrx_word' id='word_1_107' title='bbox 1824 236 2073 277; x_wconf 74' lang='lat' dir='ltr'><strong>precationibus</strong></span> <span class='ocrx_word' id='word_1_108' title='bbox 2098 235 2153 266; x_wconf 68' lang='lat' dir='ltr'><strong>tie-</strong></span> 
     </span>
     <span class='ocr_line' id='line_1_18' title="bbox 1160 279 2152 323; baseline -0.003 -11"><span class='ocrx_word' id='word_1_109' title='bbox 1160 283 1215 312; x_wconf 87' lang='lat' dir='ltr'><strong>bat</strong></span> <span class='ocrx_word' id='word_1_110' title='bbox 1245 286 1426 323; x_wconf 75' lang='lat' dir='ltr'><strong>martyrum</strong></span> <span class='ocrx_word' id='word_1_111' title='bbox 1455 280 1590 317; x_wconf 77' lang='lat' dir='ltr'><strong>mentio,</strong></span> <span class='ocrx_word' id='word_1_112' title='bbox 1624 286 1657 311; x_wconf 91' lang='lat' dir='ltr'><strong>et</strong></span> <span class='ocrx_word' id='word_1_113' title='bbox 1691 280 1878 321; x_wconf 78' lang='lat' dir='ltr'><strong>agebantur</strong></span> <span class='ocrx_word' id='word_1_114' title='bbox 1913 280 2039 320; x_wconf 86' lang='lat' dir='ltr'><strong>gratiae</strong></span> <span class='ocrx_word' id='word_1_115' title='bbox 2064 279 2152 317; x_wconf 90' lang='lat' dir='ltr'><strong>Deo,</strong></span> 
     </span>
     <span class='ocr_line' id='line_1_19' title="bbox 1159 322 2153 366; baseline -0.004 -10"><span class='ocrx_word' id='word_1_116' title='bbox 1159 325 1248 366; x_wconf 93' lang='lat' dir='ltr'><strong>quod</strong></span> <span class='ocrx_word' id='word_1_117' title='bbox 1273 334 1333 355; x_wconf 92' lang='lat' dir='ltr'><strong>eos</strong></span> <span class='ocrx_word' id='word_1_118' title='bbox 1356 324 1550 355; x_wconf 76' lang='lat' dir='ltr'><strong>adiuvisset.</strong></span> <span class='ocrx_word' id='word_1_119' title='bbox 1574 322 1615 354; x_wconf 90' lang='lat' dir='ltr'><strong>Et</strong></span> <span class='ocrx_word' id='word_1_120' title='bbox 1638 323 1849 365; x_wconf 77' lang='lat' dir='ltr'><strong>Augustinus</strong></span> <span class='ocrx_word' id='word_1_121' title='bbox 1873 323 1915 353; x_wconf 90' lang='lat' dir='ltr'><strong>ad</strong></span> <span class='ocrx_word' id='word_1_122' title='bbox 1940 323 2153 364; x_wconf 81' lang='lat' dir='ltr'><strong>quaestiones</strong></span> 
     </span>
     <span class='ocr_line' id='line_1_20' title="bbox 1159 365 2155 408; baseline -0.003 -9"><span class='ocrx_word' id='word_1_123' title='bbox 1159 366 1311 400; x_wconf 81' lang='lat' dir='ltr'><strong>Dulcitii:</strong></span> <span class='ocrx_word' id='word_1_124' title='bbox 1348 367 1431 398; x_wconf 87' lang='lat' dir='ltr'><strong>Cum</strong></span> <span class='ocrx_word' id='word_1_125' title='bbox 1455 366 1622 398; x_wconf 66' lang='lat' dir='ltr'><strong>sacrificia</strong></span> <span class='ocrx_word' id='word_1_126' title='bbox 1646 367 1717 397; x_wconf 83' lang='lat' dir='ltr'><strong>sive</strong></span> <span class='ocrx_word' id='word_1_127' title='bbox 1739 365 1873 404; x_wconf 82' lang='lat' dir='ltr'><strong>altaris,</strong></span> <span class='ocrx_word' id='word_1_128' title='bbox 1908 367 1980 398; x_wconf 70' lang='lat' dir='ltr'><strong>sive</strong></span> <span class='ocrx_word' id='word_1_129' title='bbox 2004 376 2155 408; x_wconf 81' lang='lat' dir='ltr'><strong>quarum·</strong></span> 
     </span>
     <span class='ocr_line' id='line_1_21' title="bbox 1160 408 2155 454; baseline -0.003 -11"><span class='ocrx_word' id='word_1_130' title='bbox 1160 421 1292 454; x_wconf 88' lang='lat' dir='ltr'><strong>cunque</strong></span> <span class='ocrx_word' id='word_1_131' title='bbox 1315 409 1606 453; x_wconf 67' lang='lat' dir='ltr'><strong>eleemosynarum</strong></span> <span class='ocrx_word' id='word_1_132' title='bbox 1629 421 1690 452; x_wconf 88' lang='lat' dir='ltr'><strong>pro</strong></span> <span class='ocrx_word' id='word_1_133' title='bbox 1716 410 1892 452; x_wconf 83' lang='lat' dir='ltr'><strong>baptizatis</strong></span> <span class='ocrx_word' id='word_1_134' title='bbox 1917 408 2082 441; x_wconf 86' lang='lat' dir='ltr'><strong>defunctis</strong></span> <span class='ocrx_word' id='word_1_135' title='bbox 2107 408 2155 440; x_wconf 85' lang='lat' dir='ltr'><strong>of-</strong></span> 
     </span>
     <span class='ocr_line' id='line_1_22' title="bbox 1161 453 2156 497; baseline 0 -12"><span class='ocrx_word' id='word_1_136' title='bbox 1161 454 1309 493; x_wconf 61' lang='lat' dir='ltr'><strong>fer-imm,</strong></span> <span class='ocrx_word' id='word_1_137' title='bbox 1335 455 1514 497; x_wconf 86' lang='lat' dir='ltr'><strong>gratiarum</strong></span> <span class='ocrx_word' id='word_1_138' title='bbox 1538 454 1692 486; x_wconf 78' lang='lat' dir='ltr'><strong>actiones</strong></span> <span class='ocrx_word' id='word_1_139' title='bbox 1715 460 1793 486; x_wconf 74' lang='lat' dir='ltr'><strong>suu!</strong></span> <span class='ocrx_word' id='word_1_140' title='bbox 1825 459 1889 486; x_wconf 73' lang='lat' dir='ltr'><strong>etc.</strong></span> <span class='ocrx_word' id='word_1_141' title='bbox 1936 453 2028 486; x_wconf 87' lang='lat' dir='ltr'><strong>Sicut</strong></span> <span class='ocrx_word' id='word_1_142' title='bbox 2057 460 2089 485; x_wconf 78' lang='lat' dir='ltr'><strong>et</strong></span> <span class='ocrx_word' id='word_1_143' title='bbox 2115 453 2156 485; x_wconf 79' lang='lat' dir='ltr'><strong>de</strong></span> 
     </span>
     <span class='ocr_line' id='line_1_23' title="bbox 1162 497 2154 541; baseline 0 -11"><span class='ocrx_word' id='word_1_144' title='bbox 1162 499 1357 531; x_wconf 83' lang='lat' dir='ltr'><strong>ceremoniis</strong></span> <span class='ocrx_word' id='word_1_145' title='bbox 1392 497 1546 530; x_wconf 81' lang='lat' dir='ltr'><strong>funerum</strong></span> <span class='ocrx_word' id='word_1_146' title='bbox 1570 499 1687 530; x_wconf 82' lang='lat' dir='ltr'><strong>scribit</strong></span> <span class='ocrx_word' id='word_1_147' title='bbox 1714 497 1914 541; x_wconf 86' lang='lat' dir='ltr'><strong>Dionysius,</strong></span> <span class='ocrx_word' id='word_1_148' title='bbox 1937 498 2026 541; x_wconf 88' lang='lat' dir='ltr'><strong>quod</strong></span> <span class='ocrx_word' id='word_1_149' title='bbox 2049 509 2154 540; x_wconf 88' lang='lat' dir='ltr'><strong>popu-</strong></span> 
     </span>
     <span class='ocr_line' id='line_1_24' title="bbox 1161 542 2155 584; baseline -0.001 -10"><span class='ocrx_word' id='word_1_150' title='bbox 1161 542 1214 574; x_wconf 92' lang='lat' dir='ltr'><strong>lus</strong></span> <span class='ocrx_word' id='word_1_151' title='bbox 1239 543 1354 574; x_wconf 88' lang='lat' dir='ltr'><strong>iussus</strong></span> <span class='ocrx_word' id='word_1_152' title='bbox 1378 542 1418 573; x_wconf 85' lang='lat' dir='ltr'><strong>sit</strong></span> <span class='ocrx_word' id='word_1_153' title='bbox 1445 542 1574 584; x_wconf 83' lang='lat' dir='ltr'><strong>gratias</strong></span> <span class='ocrx_word' id='word_1_154' title='bbox 1597 552 1701 584; x_wconf 86' lang='lat' dir='ltr'><strong>agere</strong></span> <span class='ocrx_word' id='word_1_155' title='bbox 1723 542 1755 573; x_wconf 91' lang='lat' dir='ltr'><strong>in</strong></span> <span class='ocrx_word' id='word_1_156' title='bbox 1778 543 1955 584; x_wconf 88' lang='lat' dir='ltr'><strong>precibus,</strong></span> <span class='ocrx_word' id='word_1_157' title='bbox 1987 542 2075 584; x_wconf 91' lang='lat' dir='ltr'><strong>quod</strong></span> <span class='ocrx_word' id='word_1_158' title='bbox 2100 543 2155 584; x_wconf 80' lang='lat' dir='ltr'><strong>qui</strong></span> 
     </span>
     <span class='ocr_line' id='line_1_25' title="bbox 1162 584 2156 627; baseline -0.001 -9"><span class='ocrx_word' id='word_1_159' title='bbox 1162 584 1339 618; x_wconf 88' lang='lat' dir='ltr'><strong>defunctus</strong></span> <span class='ocrx_word' id='word_1_160' title='bbox 1363 592 1453 624; x_wconf 86' lang='lat' dir='ltr'><strong>erat,</strong></span> <span class='ocrx_word' id='word_1_161' title='bbox 1487 586 1540 627; x_wconf 88' lang='lat' dir='ltr'><strong>pie</strong></span> <span class='ocrx_word' id='word_1_162' title='bbox 1564 586 1771 617; x_wconf 81' lang='lat' dir='ltr'><strong>decessisset</strong></span> <span class='ocrx_word' id='word_1_163' title='bbox 1795 596 1834 617; x_wconf 65' lang='lat' dir='ltr'><strong>ex</strong></span> <span class='ocrx_word' id='word_1_164' title='bbox 1859 585 1924 617; x_wconf 88' lang='lat' dir='ltr'><strong>hac</strong></span> <span class='ocrx_word' id='word_1_165' title='bbox 1944 586 2018 617; x_wconf 78' lang='lat' dir='ltr'><strong>vita.</strong></span> <span class='ocrx_word' id='word_1_166' title='bbox 2065 585 2156 617; x_wconf 88' lang='lat' dir='ltr'><strong>Haec</strong></span> 
     </span>
     <span class='ocr_line' id='line_1_26' title="bbox 1160 629 2155 672; baseline 0 -11"><span class='ocrx_word' id='word_1_167' title='bbox 1160 629 1262 672; x_wconf 87' lang='lat' dir='ltr'><strong>plane</strong></span> <span class='ocrx_word' id='word_1_168' title='bbox 1286 629 1485 660; x_wconf 86' lang='lat' dir='ltr'><strong>dissentiunt</strong></span> <span class='ocrx_word' id='word_1_169' title='bbox 1509 629 1551 660; x_wconf 90' lang='lat' dir='ltr'><strong>ab</strong></span> <span class='ocrx_word' id='word_1_170' title='bbox 1582 630 1690 670; x_wconf 85' lang='lat' dir='ltr'><strong>impiis</strong></span> <span class='ocrx_word' id='word_1_171' title='bbox 1714 630 1909 661; x_wconf 88' lang='lat' dir='ltr'><strong>commentis</strong></span> <span class='ocrx_word' id='word_1_172' title='bbox 1933 630 2155 661; x_wconf 79' lang='lat' dir='ltr'><strong>recentiorum</strong></span> 
     </span>
     <span class='ocr_line' id='line_1_27' title="bbox 1161 671 2156 716; baseline -0.001 -11"><span class='ocrx_word' id='word_1_173' title='bbox 1161 674 1204 705; x_wconf 85' lang='lat' dir='ltr'><strong>de</strong></span> <span class='ocrx_word' id='word_1_174' title='bbox 1225 673 1422 716; x_wconf 83' lang='lat' dir='ltr'><strong>purgatorio</strong></span> <span class='ocrx_word' id='word_1_175' title='bbox 1441 679 1471 704; x_wconf 84' lang='lat' dir='ltr'><strong>et</strong></span> <span class='ocrx_word' id='word_1_176' title='bbox 1497 671 1666 704; x_wconf 84' lang='lat' dir='ltr'><strong>oblatione</strong></span> <span class='ocrx_word' id='word_1_177' title='bbox 1688 672 1885 711; x_wconf 73' lang='lat' dir='ltr'><strong>missarum,</strong></span> <span class='ocrx_word' id='word_1_178' title='bbox 1922 673 1963 704; x_wconf 84' lang='lat' dir='ltr'><strong>ad</strong></span> <span class='ocrx_word' id='word_1_179' title='bbox 1992 673 2156 705; x_wconf 87' lang='lat' dir='ltr'><strong>redimen-</strong></span> 
     </span>
     <span class='ocr_line' id='line_1_28' title="bbox 1162 717 1615 759; baseline -0.002 -11"><span class='ocrx_word' id='word_1_180' title='bbox 1162 717 1222 748; x_wconf 77' lang='lat' dir='ltr'><strong>das</strong></span> <span class='ocrx_word' id='word_1_181' title='bbox 1246 726 1374 759; x_wconf 86' lang='lat' dir='ltr'><strong>poenas</strong></span> <span class='ocrx_word' id='word_1_182' title='bbox 1399 722 1615 748; x_wconf 86' lang='lat' dir='ltr'><strong>mortuorum.</strong></span> 
     </span>
    </p>
   </div>
   <div class='ocr_carea' id='block_1_7' title="bbox 779 862 1436 910">
    <p class='ocr_par' dir='ltr' id='par_1_7' title="bbox 779 862 1436 910">
     <span class='ocr_line' id='line_1_29' title="bbox 779 862 1436 910; baseline -0.003 0"><span class='ocrx_word' id='word_1_183' title='bbox 779 869 853 910; x_wconf 87' lang='lat' dir='ltr'><strong>DE</strong></span> <span class='ocrx_word' id='word_1_184' title='bbox 886 862 1057 910; x_wconf 72' lang='lat' dir='ltr'>MISSA</span> <span class='ocrx_word' id='word_1_185' title='bbox 1089 867 1436 909; x_wconf 87' lang='lat' dir='ltr'><strong>THEATRICA.</strong></span> 
     </span>
    </p>
   </div>
   <div class='ocr_carea' id='block_1_8' title="bbox 108 1023 1108 1414">
    <p class='ocr_par' dir='ltr' id='par_1_8' title="bbox 108 1023 1108 1414">
     <span class='ocr_line' id='line_1_30' title="bbox 199 1023 1106 1058; baseline -0.004 0"><span class='ocrx_word' id='word_1_186' title='bbox 199 1025 434 1058; x_wconf 84' lang='lat' dir='ltr'><strong>Existimamus</strong></span> <span class='ocrx_word' id='word_1_187' title='bbox 469 1030 581 1056; x_wconf 83' lang='lat' dir='ltr'><strong>autem</strong></span> <span class='ocrx_word' id='word_1_188' title='bbox 615 1023 827 1055; x_wconf 82' lang='lat' dir='ltr'><strong>mediocriter</strong></span> <span class='ocrx_word' id='word_1_189' title='bbox 857 1023 1006 1054; x_wconf 71' lang='lat' dir='ltr'><strong>erudltos</strong></span> <span class='ocrx_word' id='word_1_190' title='bbox 1042 1033 1106 1054; x_wconf 90' lang='lat' dir='ltr'><strong>non</strong></span> 
     </span>
     <span class='ocr_line' id='line_1_31' title="bbox 111 1065 1106 1110; baseline -0.003 -10"><span class='ocrx_word' id='word_1_191' title='bbox 111 1068 314 1102; x_wconf 74' lang='lat' dir='ltr'><strong>defensuros</strong></span> <span class='ocrx_word' id='word_1_192' title='bbox 337 1068 469 1110; x_wconf 78' lang='lat' dir='ltr'><strong>impiam</strong></span> <span class='ocrx_word' id='word_1_193' title='bbox 489 1067 680 1110; x_wconf 88' lang='lat' dir='ltr'><strong>opinionem</strong></span> <span class='ocrx_word' id='word_1_194' title='bbox 704 1067 746 1098; x_wconf 88' lang='lat' dir='ltr'><strong>de</strong></span> <span class='ocrx_word' id='word_1_195' title='bbox 769 1065 1012 1108; x_wconf 85' lang='lat' dir='ltr'><strong>applicatione,</strong></span> <span class='ocrx_word' id='word_1_196' title='bbox 1047 1066 1106 1098; x_wconf 88' lang='lat' dir='ltr'><strong>sed</strong></span> 
     </span>
     <span class='ocr_line' id='line_1_32' title="bbox 111 1109 1107 1153; baseline -0.005 -8"><span class='ocrx_word' id='word_1_197' title='bbox 111 1114 318 1146; x_wconf 75' lang='lat' dir='ltr'><strong>decursuros</strong></span> <span class='ocrx_word' id='word_1_198' title='bbox 333 1112 375 1143; x_wconf 88' lang='lat' dir='ltr'><strong>ad</strong></span> <span class='ocrx_word' id='word_1_199' title='bbox 389 1112 555 1153; x_wconf 85' lang='lat' dir='ltr'><strong>quandam</strong></span> <span class='ocrx_word' id='word_1_200' title='bbox 571 1109 777 1142; x_wconf 75' lang='lat' dir='ltr'><strong>subtiliorem</strong></span> <span class='ocrx_word' id='word_1_201' title='bbox 787 1110 1107 1152; x_wconf 81' lang='lat' dir='ltr'><strong>interpretationem,</strong></span> 
     </span>
     <span class='ocr_line' id='line_1_33' title="bbox 110 1152 1108 1195; baseline -0.005 -6"><span class='ocrx_word' id='word_1_202' title='bbox 110 1157 233 1195; x_wconf 83' lang='lat' dir='ltr'><strong>dicent,</strong></span> <span class='ocrx_word' id='word_1_203' title='bbox 258 1165 296 1187; x_wconf 84' lang='lat' dir='ltr'><strong>se</strong></span> <span class='ocrx_word' id='word_1_204' title='bbox 318 1154 406 1187; x_wconf 85' lang='lat' dir='ltr'><strong>hanc</strong></span> <span class='ocrx_word' id='word_1_205' title='bbox 431 1154 655 1187; x_wconf 82' lang='lat' dir='ltr'><strong>ceremoniam</strong></span> <span class='ocrx_word' id='word_1_206' title='bbox 679 1155 836 1191; x_wconf 86' lang='lat' dir='ltr'><strong>retinere,</strong></span> <span class='ocrx_word' id='word_1_207' title='bbox 854 1164 922 1185; x_wconf 87' lang='lat' dir='ltr'><strong>non</strong></span> <span class='ocrx_word' id='word_1_208' title='bbox 946 1159 979 1185; x_wconf 90' lang='lat' dir='ltr'><strong>ut</strong></span> <span class='ocrx_word' id='word_1_209' title='bbox 1003 1152 1108 1195; x_wconf 89' lang='lat' dir='ltr'><strong>appli-</strong></span> 
     </span>
     <span class='ocr_line' id='line_1_34' title="bbox 111 1196 1108 1241; baseline -0.005 -9"><span class='ocrx_word' id='word_1_210' title='bbox 111 1206 189 1233; x_wconf 85' lang='lat' dir='ltr'><strong>cent</strong></span> <span class='ocrx_word' id='word_1_211' title='bbox 212 1210 273 1241; x_wconf 88' lang='lat' dir='ltr'><strong>pro</strong></span> <span class='ocrx_word' id='word_1_212' title='bbox 297 1197 391 1237; x_wconf 84' lang='lat' dir='ltr'><strong>aliis,</strong></span> <span class='ocrx_word' id='word_1_213' title='bbox 428 1199 488 1230; x_wconf 84' lang='lat' dir='ltr'><strong>sed</strong></span> <span class='ocrx_word' id='word_1_214' title='bbox 511 1205 547 1230; x_wconf 93' lang='lat' dir='ltr'><strong>ut</strong></span> <span class='ocrx_word' id='word_1_215' title='bbox 570 1198 612 1229; x_wconf 88' lang='lat' dir='ltr'><strong>ibi</strong></span> <span class='ocrx_word' id='word_1_216' title='bbox 638 1204 739 1240; x_wconf 81' lang='lat' dir='ltr'><strong>agant</strong></span> <span class='ocrx_word' id='word_1_217' title='bbox 764 1197 901 1240; x_wconf 83' lang='lat' dir='ltr'><strong>gratias.</strong></span> <span class='ocrx_word' id='word_1_218' title='bbox 948 1196 1108 1239; x_wconf 87' lang='lat' dir='ltr'><strong>Disputa-</strong></span> 
     </span>
     <span class='ocr_line' id='line_1_35' title="bbox 111 1238 1106 1284; baseline -0.004 -9"><span class='ocrx_word' id='word_1_219' title='bbox 111 1245 193 1276; x_wconf 90' lang='lat' dir='ltr'><strong>bunt</strong></span> <span class='ocrx_word' id='word_1_220' title='bbox 215 1242 319 1274; x_wconf 87' lang='lat' dir='ltr'><strong>licere</strong></span> <span class='ocrx_word' id='word_1_221' title='bbox 341 1243 397 1273; x_wconf 90' lang='lat' dir='ltr'><strong>uni</strong></span> <span class='ocrx_word' id='word_1_222' title='bbox 423 1243 550 1284; x_wconf 85' lang='lat' dir='ltr'><strong>gratias</strong></span> <span class='ocrx_word' id='word_1_223' title='bbox 575 1251 676 1282; x_wconf 78' lang='lat' dir='ltr'><strong>agere</strong></span> <span class='ocrx_word' id='word_1_224' title='bbox 699 1241 763 1272; x_wconf 87' lang='lat' dir='ltr'><strong>hoc</strong></span> <span class='ocrx_word' id='word_1_225' title='bbox 787 1238 996 1283; x_wconf 81' lang='lat' dir='ltr'><strong>spectaculo,</strong></span> <span class='ocrx_word' id='word_1_226' title='bbox 1020 1247 1055 1272; x_wconf 83' lang='lat' dir='ltr'><strong>ut</strong></span> <span class='ocrx_word' id='word_1_227' title='bbox 1079 1240 1106 1271; x_wconf 85' lang='lat' dir='ltr'><strong>si</strong></span> 
     </span>
     <span class='ocr_line' id='line_1_36' title="bbox 108 1284 1108 1329; baseline -0.003 -10"><span class='ocrx_word' id='word_1_228' title='bbox 108 1297 196 1320; x_wconf 91' lang='lat' dir='ltr'><strong>unus</strong></span> <span class='ocrx_word' id='word_1_229' title='bbox 220 1285 350 1329; x_wconf 84' lang='lat' dir='ltr'><strong>legeret</strong></span> <span class='ocrx_word' id='word_1_230' title='bbox 372 1284 543 1318; x_wconf 84' lang='lat' dir='ltr'><strong>Psalmum</strong></span> <span class='ocrx_word' id='word_1_231' title='bbox 567 1284 720 1327; x_wconf 89' lang='lat' dir='ltr'><strong>aliquem.</strong></span> <span class='ocrx_word' id='word_1_232' title='bbox 745 1285 868 1316; x_wconf 83' lang='lat' dir='ltr'><strong>Postea</strong></span> <span class='ocrx_word' id='word_1_233' title='bbox 892 1284 1016 1315; x_wconf 84' lang='lat' dir='ltr'><strong>addunt</strong></span> <span class='ocrx_word' id='word_1_234' title='bbox 1035 1294 1108 1326; x_wconf 87' lang='lat' dir='ltr'><strong>pre-</strong></span> 
     </span>
     <span class='ocr_line' id='line_1_37' title="bbox 111 1326 1108 1372; baseline -0.004 -10"><span class='ocrx_word' id='word_1_235' title='bbox 111 1340 168 1362; x_wconf 90' lang='lat' dir='ltr'><strong>ces</strong></span> <span class='ocrx_word' id='word_1_236' title='bbox 192 1341 254 1372; x_wconf 89' lang='lat' dir='ltr'><strong>pro</strong></span> <span class='ocrx_word' id='word_1_237' title='bbox 278 1330 419 1361; x_wconf 88' lang='lat' dir='ltr'><strong>mortuis</strong></span> <span class='ocrx_word' id='word_1_238' title='bbox 443 1336 473 1361; x_wconf 90' lang='lat' dir='ltr'><strong>et</strong></span> <span class='ocrx_word' id='word_1_239' title='bbox 495 1327 581 1360; x_wconf 89' lang='lat' dir='ltr'><strong>aliis.</strong></span> <span class='ocrx_word' id='word_1_240' title='bbox 612 1328 684 1360; x_wconf 88' lang='lat' dir='ltr'><strong>Has</strong></span> <span class='ocrx_word' id='word_1_241' title='bbox 708 1329 798 1360; x_wconf 89' lang='lat' dir='ltr'><strong>aiunt</strong></span> <span class='ocrx_word' id='word_1_242' title='bbox 823 1326 937 1359; x_wconf 73' lang='lat' dir='ltr'><strong>valere</strong></span> <span class='ocrx_word' id='word_1_243' title='bbox 957 1338 1016 1368; x_wconf 85' lang='lat' dir='ltr'><strong>per</strong></span> <span class='ocrx_word' id='word_1_244' title='bbox 1040 1337 1108 1359; x_wconf 88' lang='lat' dir='ltr'><strong>mo·</strong></span> 
     </span>
     <span class='ocr_line' id='line_1_38' title="bbox 110 1372 366 1414; baseline -0.004 -10"><span class='ocrx_word' id='word_1_245' title='bbox 110 1374 186 1405; x_wconf 82' lang='lat' dir='ltr'><strong>dum</strong></span> <span class='ocrx_word' id='word_1_246' title='bbox 207 1372 366 1414; x_wconf 83' lang='lat' dir='ltr'><strong>suffragii.</strong></span> 
     </span>
    </p>
   </div>
   <div class='ocr_carea' id='block_1_9' title="bbox 105 1457 1108 2678">
    <p class='ocr_par' dir='ltr' id='par_1_9' title="bbox 137 1457 1108 1587">
     <span class='ocr_line' id='line_1_39' title="bbox 195 1457 1108 1500; baseline -0.003 -9"><span class='ocrx_word' id='word_1_247' title='bbox 195 1458 270 1491; x_wconf 87' lang='lat' dir='ltr'><strong>Hac</strong></span> <span class='ocrx_word' id='word_1_248' title='bbox 293 1457 477 1491; x_wconf 82' lang='lat' dir='ltr'><strong>subtilitate</strong></span> <span class='ocrx_word' id='word_1_249' title='bbox 499 1458 642 1500; x_wconf 85' lang='lat' dir='ltr'><strong>pingunt</strong></span> <span class='ocrx_word' id='word_1_250' title='bbox 665 1458 805 1496; x_wconf 85' lang='lat' dir='ltr'><strong>abusus,</strong></span> <span class='ocrx_word' id='word_1_251' title='bbox 825 1463 857 1489; x_wconf 88' lang='lat' dir='ltr'><strong>et</strong></span> <span class='ocrx_word' id='word_1_252' title='bbox 881 1467 1037 1500; x_wconf 86' lang='lat' dir='ltr'><strong>magnam</strong></span> <span class='ocrx_word' id='word_1_253' title='bbox 1060 1458 1108 1489; x_wconf 90' lang='lat' dir='ltr'><strong>in-</strong></span> 
     </span>
     <span class='ocr_line' id='line_1_40' title="bbox 152 1501 1106 1544; baseline -0.004 -9"><span class='ocrx_word' id='word_1_254' title='bbox 152 1503 198 1536; x_wconf 79' lang='lat' dir='ltr'><strong>nti</strong></span> <span class='ocrx_word' id='word_1_255' title='bbox 231 1501 366 1534; x_wconf 82' lang='lat' dir='ltr'><strong>laudem</strong></span> <span class='ocrx_word' id='word_1_256' title='bbox 399 1508 518 1544; x_wconf 84' lang='lat' dir='ltr'><strong>putant</strong></span> <span class='ocrx_word' id='word_1_257' title='bbox 538 1501 616 1533; x_wconf 89' lang='lat' dir='ltr'><strong>talia</strong></span> <span class='ocrx_word' id='word_1_258' title='bbox 652 1501 859 1544; x_wconf 83' lang='lat' dir='ltr'><strong>sophismata</strong></span> <span class='ocrx_word' id='word_1_259' title='bbox 901 1502 1106 1544; x_wconf 83' lang='lat' dir='ltr'><strong>excogitare.</strong></span> 
     </span>
     <span class='ocr_line' id='line_1_41' title="bbox 137 1544 1107 1587; baseline -0.002 -8"><span class='ocrx_word' id='word_1_260' title='bbox 137 1546 288 1579; x_wconf 84' lang='lat' dir='ltr'><strong>lamitant</strong></span> <span class='ocrx_word' id='word_1_261' title='bbox 312 1544 456 1578; x_wconf 86' lang='lat' dir='ltr'><strong>stolidos</strong></span> <span class='ocrx_word' id='word_1_262' title='bbox 480 1555 578 1583; x_wconf 85' lang='lat' dir='ltr'><strong>esse,</strong></span> <span class='ocrx_word' id='word_1_263' title='bbox 614 1545 670 1587; x_wconf 89' lang='lat' dir='ltr'><strong>qui</strong></span> <span class='ocrx_word' id='word_1_264' title='bbox 705 1546 767 1577; x_wconf 83' lang='lat' dir='ltr'><strong>lios</strong></span> <span class='ocrx_word' id='word_1_265' title='bbox 791 1545 890 1576; x_wconf 85' lang='lat' dir='ltr'><strong>sucos</strong></span> <span class='ocrx_word' id='word_1_266' title='bbox 915 1556 981 1576; x_wconf 90' lang='lat' dir='ltr'><strong>non</strong></span> <span class='ocrx_word' id='word_1_267' title='bbox 1005 1545 1107 1577; x_wconf 80' lang='lat' dir='ltr'><strong>admi-</strong></span> 
     </span>
    </p>

    <p class='ocr_par' dir='ltr' id='par_1_10' title="bbox 105 1588 1107 2678">
     <span class='ocr_line' id='line_1_42' title="bbox 107 1588 1107 1630; baseline -0.004 -7"><span class='ocrx_word' id='word_1_268' title='bbox 107 1597 236 1623; x_wconf 84' lang='lat' dir='ltr'><strong>rantur.</strong></span> <span class='ocrx_word' id='word_1_269' title='bbox 282 1588 413 1621; x_wconf 88' lang='lat' dir='ltr'><strong>Deinde</strong></span> <span class='ocrx_word' id='word_1_270' title='bbox 443 1589 615 1621; x_wconf 87' lang='lat' dir='ltr'><strong>saevitiam</strong></span> <span class='ocrx_word' id='word_1_271' title='bbox 644 1589 809 1620; x_wconf 80' lang='lat' dir='ltr'><strong>adversus</strong></span> <span class='ocrx_word' id='word_1_272' title='bbox 834 1589 910 1630; x_wconf 82' lang='lat' dir='ltr'><strong>pios</strong></span> <span class='ocrx_word' id='word_1_273' title='bbox 935 1594 1107 1627; x_wconf 83' lang='lat' dir='ltr'><strong>exercent,</strong></span> 
     </span>
     <span class='ocr_line' id='line_1_43' title="bbox 106 1630 1106 1677; baseline -0.003 -11"><span class='ocrx_word' id='word_1_274' title='bbox 106 1635 163 1677; x_wconf 89' lang='lat' dir='ltr'><strong>qui</strong></span> <span class='ocrx_word' id='word_1_275' title='bbox 187 1634 332 1675; x_wconf 85' lang='lat' dir='ltr'><strong>ingenue</strong></span> <span class='ocrx_word' id='word_1_276' title='bbox 354 1632 574 1675; x_wconf 86' lang='lat' dir='ltr'><strong>profitentur,</strong></span> <span class='ocrx_word' id='word_1_277' title='bbox 608 1643 646 1664; x_wconf 90' lang='lat' dir='ltr'><strong>se</strong></span> <span class='ocrx_word' id='word_1_278' title='bbox 679 1631 862 1664; x_wconf 81' lang='lat' dir='ltr'><strong>abhorrere</strong></span> <span class='ocrx_word' id='word_1_279' title='bbox 900 1633 943 1664; x_wconf 86' lang='lat' dir='ltr'><strong>ab</strong></span> <span class='ocrx_word' id='word_1_280' title='bbox 969 1630 1106 1663; x_wconf 79' lang='lat' dir='ltr'><strong>idolola-</strong></span> 
     </span>
     <span class='ocr_line' id='line_1_44' title="bbox 105 1674 1107 1710; baseline -0.003 -1"><span class='ocrx_word' id='word_1_281' title='bbox 105 1679 171 1710; x_wconf 80' lang='lat' dir='ltr'><strong>tria</strong></span> <span class='ocrx_word' id='word_1_282' title='bbox 190 1677 383 1709; x_wconf 75' lang='lat' dir='ltr'><strong>missarum.</strong></span> <span class='ocrx_word' id='word_1_283' title='bbox 429 1675 477 1708; x_wconf 87' lang='lat' dir='ltr'><strong>Te</strong></span> <span class='ocrx_word' id='word_1_284' title='bbox 505 1682 616 1708; x_wconf 86' lang='lat' dir='ltr'><strong>autem</strong></span> <span class='ocrx_word' id='word_1_285' title='bbox 646 1677 841 1708; x_wconf 85' lang='lat' dir='ltr'><strong>invocamus</strong></span> <span class='ocrx_word' id='word_1_286' title='bbox 865 1674 1009 1707; x_wconf 90' lang='lat' dir='ltr'><strong>Domine</strong></span> <span class='ocrx_word' id='word_1_287' title='bbox 1033 1677 1107 1707; x_wconf 84' lang='lat' dir='ltr'><strong>Iesu</strong></span> 
     </span>
     <span class='ocr_line' id='line_1_45' title="bbox 107 1718 1105 1761; baseline -0.003 -8"><span class='ocrx_word' id='word_1_288' title='bbox 107 1720 243 1753; x_wconf 89' lang='lat' dir='ltr'><strong>Christe</strong></span> <span class='ocrx_word' id='word_1_289' title='bbox 267 1719 327 1752; x_wconf 81' lang='lat' dir='ltr'><strong>Fili</strong></span> <span class='ocrx_word' id='word_1_290' title='bbox 351 1719 436 1758; x_wconf 84' lang='lat' dir='ltr'><strong>Dei,</strong></span> <span class='ocrx_word' id='word_1_291' title='bbox 469 1722 524 1761; x_wconf 92' lang='lat' dir='ltr'><strong>qui</strong></span> <span class='ocrx_word' id='word_1_292' title='bbox 554 1729 656 1751; x_wconf 86' lang='lat' dir='ltr'><strong>orans</strong></span> <span class='ocrx_word' id='word_1_293' title='bbox 691 1730 754 1761; x_wconf 85' lang='lat' dir='ltr'><strong>pro</strong></span> <span class='ocrx_word' id='word_1_294' title='bbox 785 1718 941 1751; x_wconf 86' lang='lat' dir='ltr'><strong>Ecclesia</strong></span> <span class='ocrx_word' id='word_1_295' title='bbox 976 1720 1105 1751; x_wconf 78' lang='lat' dir='ltr'><strong>dixisti:</strong></span> 
     </span>
     <span class='ocr_line' id='line_1_46' title="bbox 105 1763 1106 1802; baseline -0.003 -6"><span class='ocrx_word' id='word_1_296' title='bbox 105 1764 209 1797; x_wconf 89' lang='lat' dir='ltr'><strong>Pater</strong></span> <span class='ocrx_word' id='word_1_297' title='bbox 231 1763 407 1796; x_wconf 79' lang='lat' dir='ltr'><strong>sanctifica</strong></span> <span class='ocrx_word' id='word_1_298' title='bbox 431 1773 489 1794; x_wconf 75' lang='lat' dir='ltr'><strong>eos</strong></span> <span class='ocrx_word' id='word_1_299' title='bbox 514 1764 546 1794; x_wconf 93' lang='lat' dir='ltr'><strong>in</strong></span> <span class='ocrx_word' id='word_1_300' title='bbox 573 1764 724 1802; x_wconf 74' lang='lat' dir='ltr'><strong>veritate,</strong></span> <span class='ocrx_word' id='word_1_301' title='bbox 744 1773 855 1794; x_wconf 87' lang='lat' dir='ltr'><strong>sermo</strong></span> <span class='ocrx_word' id='word_1_302' title='bbox 880 1769 958 1795; x_wconf 86' lang='lat' dir='ltr'><strong>tuus</strong></span> <span class='ocrx_word' id='word_1_303' title='bbox 981 1764 1106 1794; x_wconf 65' lang='lat' dir='ltr'><strong>veritas</strong></span> 
     </span>
     <span class='ocr_line' id='line_1_47' title="bbox 106 1805 1104 1849; baseline -0.003 -9"><span class='ocrx_word' id='word_1_304' title='bbox 106 1813 172 1845; x_wconf 82' lang='lat' dir='ltr'><strong>est,</strong></span> <span class='ocrx_word' id='word_1_305' title='bbox 194 1818 235 1840; x_wconf 89' lang='lat' dir='ltr'><strong>ac</strong></span> <span class='ocrx_word' id='word_1_306' title='bbox 258 1817 445 1849; x_wconf 86' lang='lat' dir='ltr'><strong>precamur.</strong></span> <span class='ocrx_word' id='word_1_307' title='bbox 469 1806 701 1839; x_wconf 80' lang='lat' dir='ltr'><strong>utEcclesiam</strong></span> <span class='ocrx_word' id='word_1_308' title='bbox 726 1805 848 1838; x_wconf 86' lang='lat' dir='ltr'><strong>liberes</strong></span> <span class='ocrx_word' id='word_1_309' title='bbox 872 1808 914 1838; x_wconf 90' lang='lat' dir='ltr'><strong>ab</strong></span> <span class='ocrx_word' id='word_1_310' title='bbox 938 1807 1027 1838; x_wconf 90' lang='lat' dir='ltr'><strong>omni</strong></span> <span class='ocrx_word' id='word_1_311' title='bbox 1049 1816 1104 1837; x_wconf 93' lang='lat' dir='ltr'><strong>so-</strong></span> 
     </span>
     <span class='ocr_line' id='line_1_48' title="bbox 106 1849 1104 1894; baseline -0.004 -11"><span class='ocrx_word' id='word_1_312' title='bbox 106 1851 266 1894; x_wconf 86' lang='lat' dir='ltr'><strong>phistica:</strong></span> <span class='ocrx_word' id='word_1_313' title='bbox 298 1850 439 1892; x_wconf 88' lang='lat' dir='ltr'><strong>Semper</strong></span> <span class='ocrx_word' id='word_1_314' title='bbox 462 1851 547 1882; x_wconf 91' lang='lat' dir='ltr'><strong>enim</strong></span> <span class='ocrx_word' id='word_1_315' title='bbox 572 1850 657 1882; x_wconf 86' lang='lat' dir='ltr'><strong>haec</strong></span> <span class='ocrx_word' id='word_1_316' title='bbox 680 1851 786 1891; x_wconf 85' lang='lat' dir='ltr'><strong>pestis</strong></span> <span class='ocrx_word' id='word_1_317' title='bbox 807 1849 922 1881; x_wconf 81' lang='lat' dir='ltr'><strong>offudit</strong></span> <span class='ocrx_word' id='word_1_318' title='bbox 946 1851 1104 1881; x_wconf 74' lang='lat' dir='ltr'><strong>tenebras</strong></span> 
     </span>
     <span class='ocr_line' id='line_1_49' title="bbox 106 1894 1105 1935; baseline -0.002 -8"><span class='ocrx_word' id='word_1_319' title='bbox 106 1896 249 1927; x_wconf 74' lang='lat' dir='ltr'><strong>veritati.</strong></span> <span class='ocrx_word' id='word_1_320' title='bbox 281 1894 425 1925; x_wconf 88' lang='lat' dir='ltr'><strong>Oramus</strong></span> <span class='ocrx_word' id='word_1_321' title='bbox 449 1895 560 1932; x_wconf 80' lang='lat' dir='ltr'><strong>etiam,</strong></span> <span class='ocrx_word' id='word_1_322' title='bbox 586 1900 619 1925; x_wconf 87' lang='lat' dir='ltr'><strong>ut</strong></span> <span class='ocrx_word' id='word_1_323' title='bbox 644 1902 785 1925; x_wconf 89' lang='lat' dir='ltr'><strong>mentem</strong></span> <span class='ocrx_word' id='word_1_324' title='bbox 810 1894 870 1925; x_wconf 87' lang='lat' dir='ltr'><strong>des</strong></span> <span class='ocrx_word' id='word_1_325' title='bbox 894 1894 1105 1935; x_wconf 65' lang='lat' dir='ltr'><strong>Principibus</strong></span> 
     </span>
     <span class='ocr_line' id='line_1_50' title="bbox 107 1937 1104 1980; baseline -0.002 -10"><span class='ocrx_word' id='word_1_326' title='bbox 107 1945 139 1971; x_wconf 87' lang='lat' dir='ltr'><strong>et</strong></span> <span class='ocrx_word' id='word_1_327' title='bbox 163 1937 236 1970; x_wconf 80' lang='lat' dir='ltr'><strong>aliis</strong></span> <span class='ocrx_word' id='word_1_328' title='bbox 262 1938 547 1980; x_wconf 83' lang='lat' dir='ltr'><strong>gubernatoribus</strong></span> <span class='ocrx_word' id='word_1_329' title='bbox 571 1943 734 1969; x_wconf 89' lang='lat' dir='ltr'><strong>amantem</strong></span> <span class='ocrx_word' id='word_1_330' title='bbox 749 1938 908 1976; x_wconf 68' lang='lat' dir='ltr'><strong>veritatis,</strong></span> <span class='ocrx_word' id='word_1_331' title='bbox 927 1944 959 1969; x_wconf 90' lang='lat' dir='ltr'><strong>et</strong></span> <span class='ocrx_word' id='word_1_332' title='bbox 975 1937 1104 1980; x_wconf 86' lang='lat' dir='ltr'><strong>gloriae</strong></span> 
     </span>
     <span class='ocr_line' id='line_1_51' title="bbox 106 1979 1104 2024; baseline -0.002 -10"><span class='ocrx_word' id='word_1_333' title='bbox 106 1983 172 2014; x_wconf 88' lang='lat' dir='ltr'><strong>Dei</strong></span> <span class='ocrx_word' id='word_1_334' title='bbox 196 1982 411 2019; x_wconf 81' lang='lat' dir='ltr'><strong>servientem,</strong></span> <span class='ocrx_word' id='word_1_335' title='bbox 434 1981 466 2012; x_wconf 89' lang='lat' dir='ltr'><strong>in</strong></span> <span class='ocrx_word' id='word_1_336' title='bbox 490 1980 652 2024; x_wconf 83' lang='lat' dir='ltr'><strong>religione</strong></span> <span class='ocrx_word' id='word_1_337' title='bbox 676 1982 922 2020; x_wconf 76' lang='lat' dir='ltr'><strong>constituenda,</strong></span> <span class='ocrx_word' id='word_1_338' title='bbox 940 1992 1006 2012; x_wconf 91' lang='lat' dir='ltr'><strong>non</strong></span> <span class='ocrx_word' id='word_1_339' title='bbox 1031 1979 1104 2012; x_wconf 86' lang='lat' dir='ltr'><strong>aliis</strong></span> 
     </span>
     <span class='ocr_line' id='line_1_52' title="bbox 106 2024 1104 2067; baseline -0.002 -9"><span class='ocrx_word' id='word_1_340' title='bbox 106 2024 323 2058; x_wconf 86' lang='lat' dir='ltr'><strong>utilitatibus:</strong></span> <span class='ocrx_word' id='word_1_341' title='bbox 359 2025 468 2067; x_wconf 89' lang='lat' dir='ltr'><strong>Saepe</strong></span> <span class='ocrx_word' id='word_1_342' title='bbox 493 2026 578 2056; x_wconf 89' lang='lat' dir='ltr'><strong>enim</strong></span> <span class='ocrx_word' id='word_1_343' title='bbox 597 2025 730 2063; x_wconf 83' lang='lat' dir='ltr'><strong>accidit,</strong></span> <span class='ocrx_word' id='word_1_344' title='bbox 754 2032 789 2056; x_wconf 90' lang='lat' dir='ltr'><strong>ut</strong></span> <span class='ocrx_word' id='word_1_345' title='bbox 814 2025 987 2066; x_wconf 83' lang='lat' dir='ltr'><strong>Principes</strong></span> <span class='ocrx_word' id='word_1_346' title='bbox 1012 2025 1104 2056; x_wconf 87' lang='lat' dir='ltr'><strong>insse-</strong></span> 
     </span>
     <span class='ocr_line' id='line_1_53' title="bbox 107 2067 1104 2111; baseline -0.002 -10"><span class='ocrx_word' id='word_1_347' title='bbox 107 2075 201 2101; x_wconf 88' lang='lat' dir='ltr'><strong>ctant</strong></span> <span class='ocrx_word' id='word_1_348' title='bbox 223 2068 406 2111; x_wconf 80' lang='lat' dir='ltr'><strong>religiones</strong></span> <span class='ocrx_word' id='word_1_349' title='bbox 430 2069 474 2100; x_wconf 86' lang='lat' dir='ltr'><strong>ad</strong></span> <span class='ocrx_word' id='word_1_350' title='bbox 497 2079 591 2100; x_wconf 89' lang='lat' dir='ltr'><strong>suam</strong></span> <span class='ocrx_word' id='word_1_351' title='bbox 616 2067 802 2100; x_wconf 87' lang='lat' dir='ltr'><strong>utilitatem.</strong></span> <span class='ocrx_word' id='word_1_352' title='bbox 842 2068 1025 2100; x_wconf 80' lang='lat' dir='ltr'><strong>Pontifices</strong></span> <span class='ocrx_word' id='word_1_353' title='bbox 1046 2079 1104 2099; x_wconf 83' lang='lat' dir='ltr'><strong>vo-</strong></span> 
     </span>
     <span class='ocr_line' id='line_1_54' title="bbox 106 2111 1103 2155; baseline -0.001 -11"><span class='ocrx_word' id='word_1_354' title='bbox 106 2111 180 2145; x_wconf 85' lang='lat' dir='ltr'><strong>lunt</strong></span> <span class='ocrx_word' id='word_1_355' title='bbox 204 2111 378 2144; x_wconf 74' lang='lat' dir='ltr'><strong>defensam</strong></span> <span class='ocrx_word' id='word_1_356' title='bbox 401 2112 554 2151; x_wconf 79' lang='lat' dir='ltr'><strong>Missam,</strong></span> <span class='ocrx_word' id='word_1_357' title='bbox 577 2119 716 2154; x_wconf 86' lang='lat' dir='ltr'><strong>propter</strong></span> <span class='ocrx_word' id='word_1_358' title='bbox 741 2113 934 2155; x_wconf 82' lang='lat' dir='ltr'><strong>dignitatem</strong></span> <span class='ocrx_word' id='word_1_359' title='bbox 953 2123 1048 2143; x_wconf 89' lang='lat' dir='ltr'><strong>suam</strong></span> <span class='ocrx_word' id='word_1_360' title='bbox 1072 2119 1103 2143; x_wconf 90' lang='lat' dir='ltr'><strong>et</strong></span> 
     </span>
     <span class='ocr_line' id='line_1_55' title="bbox 107 2154 1104 2199; baseline -0.001 -11"><span class='ocrx_word' id='word_1_361' title='bbox 107 2162 294 2199; x_wconf 82' lang='lat' dir='ltr'><strong>quaestum.</strong></span> <span class='ocrx_word' id='word_1_362' title='bbox 345 2154 476 2198; x_wconf 87' lang='lat' dir='ltr'><strong>Vulgus</strong></span> <span class='ocrx_word' id='word_1_363' title='bbox 510 2162 599 2188; x_wconf 85' lang='lat' dir='ltr'><strong>amat</strong></span> <span class='ocrx_word' id='word_1_364' title='bbox 633 2155 778 2194; x_wconf 73' lang='lat' dir='ltr'><strong>Missas,</strong></span> <span class='ocrx_word' id='word_1_365' title='bbox 813 2157 891 2198; x_wconf 88' lang='lat' dir='ltr'><strong>quia</strong></span> <span class='ocrx_word' id='word_1_366' title='bbox 910 2162 1003 2198; x_wconf 88' lang='lat' dir='ltr'><strong>putat</strong></span> <span class='ocrx_word' id='word_1_367' title='bbox 1026 2166 1104 2187; x_wconf 85' lang='lat' dir='ltr'><strong>esse</strong></span> 
     </span>
     <span class='ocr_line' id='line_1_56' title="bbox 106 2199 1104 2242; baseline -0.002 -10"><span class='ocrx_word' id='word_1_368' title='bbox 106 2210 272 2242; x_wconf 86' lang='lat' dir='ltr'><strong>praeseus</strong></span> <span class='ocrx_word' id='word_1_369' title='bbox 296 2200 477 2231; x_wconf 87' lang='lat' dir='ltr'><strong>remedium</strong></span> <span class='ocrx_word' id='word_1_370' title='bbox 499 2200 663 2231; x_wconf 84' lang='lat' dir='ltr'><strong>adversus</strong></span> <span class='ocrx_word' id='word_1_371' title='bbox 684 2201 795 2231; x_wconf 87' lang='lat' dir='ltr'><strong>omnia</strong></span> <span class='ocrx_word' id='word_1_372' title='bbox 813 2199 913 2237; x_wconf 85' lang='lat' dir='ltr'><strong>mala,</strong></span> <span class='ocrx_word' id='word_1_373' title='bbox 939 2200 1024 2231; x_wconf 80' lang='lat' dir='ltr'><strong>sicut</strong></span> <span class='ocrx_word' id='word_1_374' title='bbox 1048 2210 1104 2231; x_wconf 79' lang='lat' dir='ltr'><strong>na-</strong></span> 
     </span>
     <span class='ocr_line' id='line_1_57' title="bbox 106 2242 1105 2285; baseline -0.002 -9"><span class='ocrx_word' id='word_1_375' title='bbox 106 2250 183 2276; x_wconf 84' lang='lat' dir='ltr'><strong>tura</strong></span> <span class='ocrx_word' id='word_1_376' title='bbox 205 2243 375 2275; x_wconf 84' lang='lat' dir='ltr'><strong>hominum</strong></span> <span class='ocrx_word' id='word_1_377' title='bbox 398 2253 505 2285; x_wconf 86' lang='lat' dir='ltr'><strong>prona</strong></span> <span class='ocrx_word' id='word_1_378' title='bbox 528 2250 579 2274; x_wconf 87' lang='lat' dir='ltr'><strong>est</strong></span> <span class='ocrx_word' id='word_1_379' title='bbox 602 2244 645 2274; x_wconf 91' lang='lat' dir='ltr'><strong>ad</strong></span> <span class='ocrx_word' id='word_1_380' title='bbox 668 2242 892 2275; x_wconf 87' lang='lat' dir='ltr'><strong>idololatriam</strong></span> <span class='ocrx_word' id='word_1_381' title='bbox 905 2249 937 2275; x_wconf 88' lang='lat' dir='ltr'><strong>et</strong></span> <span class='ocrx_word' id='word_1_382' title='bbox 950 2243 1105 2275; x_wconf 84' lang='lat' dir='ltr'><strong>fiduciam</strong></span> 
     </span>
     <span class='ocr_line' id='line_1_58' title="bbox 107 2286 1104 2330; baseline -0.001 -11"><span class='ocrx_word' id='word_1_383' title='bbox 107 2298 260 2330; x_wconf 89' lang='lat' dir='ltr'><strong>operum,</strong></span> <span class='ocrx_word' id='word_1_384' title='bbox 284 2297 358 2319; x_wconf 90' lang='lat' dir='ltr'><strong>cum</strong></span> <span class='ocrx_word' id='word_1_385' title='bbox 381 2297 496 2319; x_wconf 87' lang='lat' dir='ltr'><strong>veram</strong></span> <span class='ocrx_word' id='word_1_386' title='bbox 520 2286 620 2318; x_wconf 90' lang='lat' dir='ltr'><strong>fidem</strong></span> <span class='ocrx_word' id='word_1_387' title='bbox 645 2297 707 2318; x_wconf 89' lang='lat' dir='ltr'><strong>nec</strong></span> <span class='ocrx_word' id='word_1_388' title='bbox 726 2286 907 2330; x_wconf 85' lang='lat' dir='ltr'><strong>intelligat,</strong></span> <span class='ocrx_word' id='word_1_389' title='bbox 942 2298 1004 2318; x_wconf 91' lang='lat' dir='ltr'><strong>nec</strong></span> <span class='ocrx_word' id='word_1_390' title='bbox 1029 2286 1104 2318; x_wconf 79' lang='lat' dir='ltr'><strong>reti-</strong></span> 
     </span>
     <span class='ocr_line' id='line_1_59' title="bbox 107 2330 1104 2372; baseline -0.004 -9"><span class='ocrx_word' id='word_1_391' title='bbox 107 2342 190 2363; x_wconf 88' lang='lat' dir='ltr'><strong>nere</strong></span> <span class='ocrx_word' id='word_1_392' title='bbox 213 2331 356 2363; x_wconf 85' lang='lat' dir='ltr'><strong>studeat.</strong></span> <span class='ocrx_word' id='word_1_393' title='bbox 403 2330 557 2362; x_wconf 74' lang='lat' dir='ltr'><strong>Serviunt</strong></span> <span class='ocrx_word' id='word_1_394' title='bbox 593 2336 702 2362; x_wconf 84' lang='lat' dir='ltr'><strong>antem</strong></span> <span class='ocrx_word' id='word_1_395' title='bbox 725 2330 901 2372; x_wconf 85' lang='lat' dir='ltr'><strong>Principes</strong></span> <span class='ocrx_word' id='word_1_396' title='bbox 925 2330 1104 2363; x_wconf 79' lang='lat' dir='ltr'><strong>affectibus</strong></span> 
     </span>
     <span class='ocr_line' id='line_1_60' title="bbox 108 2373 1105 2415; baseline -0.001 -9"><span class='ocrx_word' id='word_1_397' title='bbox 108 2374 306 2406; x_wconf 81' lang='lat' dir='ltr'><strong>Pontificum</strong></span> <span class='ocrx_word' id='word_1_398' title='bbox 343 2379 374 2405; x_wconf 84' lang='lat' dir='ltr'><strong>et</strong></span> <span class='ocrx_word' id='word_1_399' title='bbox 409 2373 541 2415; x_wconf 90' lang='lat' dir='ltr'><strong>populi,</strong></span> <span class='ocrx_word' id='word_1_400' title='bbox 580 2373 762 2406; x_wconf 83' lang='lat' dir='ltr'><strong>defendunt</strong></span> <span class='ocrx_word' id='word_1_401' title='bbox 797 2375 936 2406; x_wconf 88' lang='lat' dir='ltr'><strong>eosdem</strong></span> <span class='ocrx_word' id='word_1_402' title='bbox 970 2384 1105 2405; x_wconf 87' lang='lat' dir='ltr'><strong>errores</strong></span> 
     </span>
     <span class='ocr_line' id='line_1_61' title="bbox 108 2416 1105 2460; baseline 0 -11"><span class='ocrx_word' id='word_1_403' title='bbox 108 2425 246 2460; x_wconf 87' lang='lat' dir='ltr'><strong>propter</strong></span> <span class='ocrx_word' id='word_1_404' title='bbox 280 2416 562 2459; x_wconf 81' lang='lat' dir='ltr'><strong>tranquillitatem.</strong></span> <span class='ocrx_word' id='word_1_405' title='bbox 608 2417 686 2449; x_wconf 85' lang='lat' dir='ltr'><strong>Ideo</strong></span> <span class='ocrx_word' id='word_1_406' title='bbox 721 2419 874 2449; x_wconf 84' lang='lat' dir='ltr'><strong>omnibus</strong></span> <span class='ocrx_word' id='word_1_407' title='bbox 898 2418 1105 2459; x_wconf 82' lang='lat' dir='ltr'><strong>temporibus</strong></span> 
     </span>
     <span class='ocr_line' id='line_1_62' title="bbox 108 2460 1106 2504; baseline 0 -11"><span class='ocrx_word' id='word_1_408' title='bbox 108 2472 231 2503; x_wconf 82' lang='lat' dir='ltr'><strong>magna</strong></span> <span class='ocrx_word' id='word_1_409' title='bbox 254 2471 334 2503; x_wconf 84' lang='lat' dir='ltr'><strong>pars</strong></span> <span class='ocrx_word' id='word_1_410' title='bbox 355 2461 563 2503; x_wconf 80' lang='lat' dir='ltr'><strong>Principum,</strong></span> <span class='ocrx_word' id='word_1_411' title='bbox 599 2460 796 2492; x_wconf 83' lang='lat' dir='ltr'><strong>Pontificum</strong></span> <span class='ocrx_word' id='word_1_412' title='bbox 831 2468 862 2493; x_wconf 87' lang='lat' dir='ltr'><strong>et</strong></span> <span class='ocrx_word' id='word_1_413' title='bbox 885 2460 1015 2504; x_wconf 88' lang='lat' dir='ltr'><strong>populi,</strong></span> <span class='ocrx_word' id='word_1_414' title='bbox 1048 2462 1106 2493; x_wconf 78' lang='lat' dir='ltr'><strong>ad-</strong></span> 
     </span>
     <span class='ocr_line' id='line_1_63' title="bbox 108 2504 1105 2537; baseline 0.001 -2"><span class='ocrx_word' id='word_1_415' title='bbox 108 2511 244 2536; x_wconf 88' lang='lat' dir='ltr'><strong>versata</strong></span> <span class='ocrx_word' id='word_1_416' title='bbox 280 2509 331 2535; x_wconf 88' lang='lat' dir='ltr'><strong>est</strong></span> <span class='ocrx_word' id='word_1_417' title='bbox 360 2505 502 2536; x_wconf 80' lang='lat' dir='ltr'><strong>veritati.</strong></span> <span class='ocrx_word' id='word_1_418' title='bbox 560 2505 624 2537; x_wconf 88' lang='lat' dir='ltr'><strong>Sed</strong></span> <span class='ocrx_word' id='word_1_419' title='bbox 659 2511 769 2536; x_wconf 89' lang='lat' dir='ltr'><strong>tamen</strong></span> <span class='ocrx_word' id='word_1_420' title='bbox 793 2504 888 2537; x_wconf 87' lang='lat' dir='ltr'><strong>Deus</strong></span> <span class='ocrx_word' id='word_1_421' title='bbox 925 2506 1105 2537; x_wconf 87' lang='lat' dir='ltr'><strong>restituens</strong></span> 
     </span>
     <span class='ocr_line' id='line_1_64' title="bbox 107 2546 1105 2590; baseline 0 -11"><span class='ocrx_word' id='word_1_422' title='bbox 107 2547 317 2586; x_wconf 87' lang='lat' dir='ltr'><strong>Ecclesiam,</strong></span> <span class='ocrx_word' id='word_1_423' title='bbox 352 2546 485 2590; x_wconf 88' lang='lat' dir='ltr'><strong>aliquos</strong></span> <span class='ocrx_word' id='word_1_424' title='bbox 519 2557 561 2579; x_wconf 78' lang='lat' dir='ltr'><strong>ex</strong></span> <span class='ocrx_word' id='word_1_425' title='bbox 595 2548 749 2580; x_wconf 89' lang='lat' dir='ltr'><strong>omnibus</strong></span> <span class='ocrx_word' id='word_1_426' title='bbox 784 2549 956 2580; x_wconf 81' lang='lat' dir='ltr'><strong>ordinibus</strong></span> <span class='ocrx_word' id='word_1_427' title='bbox 992 2554 1105 2587; x_wconf 83' lang='lat' dir='ltr'><strong>vocat,</strong></span> 
     </span>
     <span class='ocr_line' id='line_1_65' title="bbox 109 2591 1105 2634; baseline 0 -11"><span class='ocrx_word' id='word_1_428' title='bbox 109 2592 164 2634; x_wconf 92' lang='lat' dir='ltr'><strong>qui</strong></span> <span class='ocrx_word' id='word_1_429' title='bbox 190 2591 372 2634; x_wconf 79' lang='lat' dir='ltr'><strong>emergenti</strong></span> <span class='ocrx_word' id='word_1_430' title='bbox 397 2592 528 2623; x_wconf 79' lang='lat' dir='ltr'><strong>veritati</strong></span> <span class='ocrx_word' id='word_1_431' title='bbox 547 2593 817 2633; x_wconf 85' lang='lat' dir='ltr'><strong>patrocinentur:</strong></span> <span class='ocrx_word' id='word_1_432' title='bbox 851 2603 918 2634; x_wconf 87' lang='lat' dir='ltr'><strong>quo</strong></span> <span class='ocrx_word' id='word_1_433' title='bbox 941 2592 975 2623; x_wconf 90' lang='lat' dir='ltr'><strong>in</strong></span> <span class='ocrx_word' id='word_1_434' title='bbox 994 2602 1105 2623; x_wconf 77' lang='lat' dir='ltr'><strong>nume·</strong></span> 
     </span>
     <span class='ocr_line' id='line_1_66' title="bbox 109 2634 1107 2678; baseline 0.001 -12"><span class='ocrx_word' id='word_1_435' title='bbox 109 2645 148 2667; x_wconf 90' lang='lat' dir='ltr'><strong>ro</strong></span> <span class='ocrx_word' id='word_1_436' title='bbox 172 2635 296 2667; x_wconf 90' lang='lat' dir='ltr'><strong>utinam</strong></span> <span class='ocrx_word' id='word_1_437' title='bbox 320 2635 419 2667; x_wconf 87' lang='lat' dir='ltr'><strong>etiam</strong></span> <span class='ocrx_word' id='word_1_438' title='bbox 442 2646 531 2667; x_wconf 86' lang='lat' dir='ltr'><strong>nunc</strong></span> <span class='ocrx_word' id='word_1_439' title='bbox 550 2634 652 2677; x_wconf 82' lang='lat' dir='ltr'><strong>aliqui</strong></span> <span class='ocrx_word' id='word_1_440' title='bbox 675 2634 788 2678; x_wconf 84' lang='lat' dir='ltr'><strong>Reges</strong></span> <span class='ocrx_word' id='word_1_441' title='bbox 813 2645 891 2667; x_wconf 84' lang='lat' dir='ltr'><strong>esse</strong></span> <span class='ocrx_word' id='word_1_442' title='bbox 914 2635 1037 2674; x_wconf 68' lang='lat' dir='ltr'><strong>velint,</strong></span> <span class='ocrx_word' id='word_1_443' title='bbox 1070 2641 1107 2667; x_wconf 78' lang='lat' dir='ltr'><strong>ut</strong></span> 
     </span>
    </p>
   </div>
   <div class='ocr_carea' id='block_1_10' title="bbox 1125 2272 1140 2512">
    <p class='ocr_par' dir='ltr' id='par_1_11' title="bbox 1125 1911 1140 2512">
     <span class='ocr_line' id='line_1_67' title="bbox 1125 2272 1140 2512; baseline 0 0"><span class='ocrx_word' id='word_1_444' title='bbox 1125 2272 1140 2512; x_wconf 75' lang='lat'>1</span> 
     </span>
    </p>
   </div>
   <div class='ocr_carea' id='block_1_11' title="bbox 1163 1019 2159 1151">
    <p class='ocr_par' dir='ltr' id='par_1_12' title="bbox 1163 1019 2159 1151">
     <span class='ocr_line' id='line_1_68' title="bbox 1163 1019 2159 1064; baseline 0 -12"><span class='ocrx_word' id='word_1_445' title='bbox 1163 1021 1304 1064; x_wconf 87' lang='lat' dir='ltr'><strong>gloriam</strong></span> <span class='ocrx_word' id='word_1_446' title='bbox 1328 1020 1453 1053; x_wconf 86' lang='lat' dir='ltr'><strong>Christi</strong></span> <span class='ocrx_word' id='word_1_447' title='bbox 1479 1026 1616 1059; x_wconf 85' lang='lat' dir='ltr'><strong>ornent,</strong></span> <span class='ocrx_word' id='word_1_448' title='bbox 1646 1027 1678 1052; x_wconf 91' lang='lat' dir='ltr'><strong>et</strong></span> <span class='ocrx_word' id='word_1_449' title='bbox 1702 1031 1787 1054; x_wconf 86' lang='lat' dir='ltr'><strong>suae</strong></span> <span class='ocrx_word' id='word_1_450' title='bbox 1811 1028 1843 1053; x_wconf 88' lang='lat' dir='ltr'><strong>et</strong></span> <span class='ocrx_word' id='word_1_451' title='bbox 1866 1019 2041 1052; x_wconf 83' lang='lat' dir='ltr'><strong>Ecclesiae</strong></span> <span class='ocrx_word' id='word_1_452' title='bbox 2061 1019 2159 1052; x_wconf 76' lang='lat' dir='ltr'><strong>saluti</strong></span> 
     </span>
     <span class='ocr_line' id='line_1_69' title="bbox 1163 1063 2158 1107; baseline -0.001 -10"><span class='ocrx_word' id='word_1_453' title='bbox 1163 1064 1352 1104; x_wconf 82' lang='lat' dir='ltr'><strong>cons-dant,</strong></span> <span class='ocrx_word' id='word_1_454' title='bbox 1376 1076 1438 1096; x_wconf 89' lang='lat' dir='ltr'><strong>nec</strong></span> <span class='ocrx_word' id='word_1_455' title='bbox 1451 1065 1609 1097; x_wconf 86' lang='lat' dir='ltr'><strong>adiuvent</strong></span> <span class='ocrx_word' id='word_1_456' title='bbox 1633 1065 1763 1106; x_wconf 89' lang='lat' dir='ltr'><strong>impios,</strong></span> <span class='ocrx_word' id='word_1_457' title='bbox 1787 1065 1841 1107; x_wconf 89' lang='lat' dir='ltr'><strong>qui</strong></span> <span class='ocrx_word' id='word_1_458' title='bbox 1857 1063 1981 1096; x_wconf 91' lang='lat' dir='ltr'><strong>bellum</strong></span> <span class='ocrx_word' id='word_1_459' title='bbox 1994 1064 2158 1096; x_wconf 78' lang='lat' dir='ltr'><strong>adversus</strong></span> 
     </span>
     <span class='ocr_line' id='line_1_70' title="bbox 1163 1106 2014 1151; baseline 0 -11"><span class='ocrx_word' id='word_1_460' title='bbox 1163 1108 1333 1141; x_wconf 88' lang='lat' dir='ltr'><strong>Christum</strong></span> <span class='ocrx_word' id='word_1_461' title='bbox 1357 1116 1490 1151; x_wconf 84' lang='lat' dir='ltr'><strong>gerunt,</strong></span> <span class='ocrx_word' id='word_1_462' title='bbox 1515 1115 1547 1140; x_wconf 88' lang='lat' dir='ltr'><strong>et</strong></span> <span class='ocrx_word' id='word_1_463' title='bbox 1572 1108 1797 1141; x_wconf 88' lang='lat' dir='ltr'><strong>idololatriam</strong></span> <span class='ocrx_word' id='word_1_464' title='bbox 1823 1106 2014 1141; x_wconf 84' lang='lat' dir='ltr'><strong>defendunt.</strong></span> 
     </span>
    </p>
   </div>
   <div class='ocr_carea' id='block_1_12' title="bbox 1161 1195 2157 1282">
    <p class='ocr_par' dir='ltr' id='par_1_13' title="bbox 1161 1195 2157 1282">
     <span class='ocr_line' id='line_1_71' title="bbox 1249 1195 2157 1238; baseline -0.002 -10"><span class='ocrx_word' id='word_1_465' title='bbox 1249 1196 1346 1228; x_wconf 88' lang='lat' dir='ltr'><strong>Nunc</strong></span> <span class='ocrx_word' id='word_1_466' title='bbox 1370 1196 1563 1228; x_wconf 85' lang='lat' dir='ltr'><strong>adiiciemus</strong></span> <span class='ocrx_word' id='word_1_467' title='bbox 1588 1197 1722 1228; x_wconf 78' lang='lat' dir='ltr'><strong>brevem</strong></span> <span class='ocrx_word' id='word_1_468' title='bbox 1747 1203 1779 1228; x_wconf 77' lang='lat' dir='ltr'><strong>et</strong></span> <span class='ocrx_word' id='word_1_469' title='bbox 1803 1196 2014 1238; x_wconf 86' lang='lat' dir='ltr'><strong>perspicuam</strong></span> <span class='ocrx_word' id='word_1_470' title='bbox 2034 1195 2157 1228; x_wconf 78' lang='lat' dir='ltr'><strong>resuta-</strong></span> 
     </span>
     <span class='ocr_line' id='line_1_72' title="bbox 1161 1238 2096 1282; baseline 0 -11"><span class='ocrx_word' id='word_1_471' title='bbox 1161 1241 1286 1272; x_wconf 86' lang='lat' dir='ltr'><strong>tionem</strong></span> <span class='ocrx_word' id='word_1_472' title='bbox 1309 1238 1398 1272; x_wconf 84' lang='lat' dir='ltr'><strong>illius</strong></span> <span class='ocrx_word' id='word_1_473' title='bbox 1421 1240 1628 1282; x_wconf 81' lang='lat' dir='ltr'><strong>sophisticae</strong></span> <span class='ocrx_word' id='word_1_474' title='bbox 1652 1241 1879 1272; x_wconf 79' lang='lat' dir='ltr'><strong>excusationis</strong></span> <span class='ocrx_word' id='word_1_475' title='bbox 1903 1238 2096 1272; x_wconf 84' lang='lat' dir='ltr'><strong>Missarum.</strong></span> 
     </span>
    </p>
   </div>
   <div class='ocr_carea' id='block_1_13' title="bbox 1509 1409 1809 1449">
    <p class='ocr_par' dir='ltr' id='par_1_14' title="bbox 1509 1409 1809 1449">
     <span class='ocr_line' id='line_1_73' title="bbox 1509 1409 1809 1449; baseline 0 0"><span class='ocrx_word' id='word_1_476' title='bbox 1509 1409 1643 1449; x_wconf 83' lang='lat' dir='ltr'><strong>Prima</strong></span> <span class='ocrx_word' id='word_1_477' title='bbox 1677 1409 1809 1449; x_wconf 86' lang='lat' dir='ltr'><strong>Ratio.</strong></span> 
     </span>
    </p>
   </div>
   <div class='ocr_carea' id='block_1_14' title="bbox 1155 1543 2157 2495">
    <p class='ocr_par' dir='ltr' id='par_1_15' title="bbox 1155 1543 2157 2495">
     <span class='ocr_line' id='line_1_74' title="bbox 1250 1543 2157 1587; baseline 0 -11"><span class='ocrx_word' id='word_1_478' title='bbox 1250 1544 1343 1576; x_wconf 87' lang='lat' dir='ltr'><strong>Haec</strong></span> <span class='ocrx_word' id='word_1_479' title='bbox 1367 1543 1551 1587; x_wconf 85' lang='lat' dir='ltr'><strong>sophistica</strong></span> <span class='ocrx_word' id='word_1_480' title='bbox 1574 1550 1701 1577; x_wconf 85' lang='lat' dir='ltr'><strong>tantum</strong></span> <span class='ocrx_word' id='word_1_481' title='bbox 1725 1551 1775 1577; x_wconf 71' lang='lat' dir='ltr'><strong>est</strong></span> <span class='ocrx_word' id='word_1_482' title='bbox 1788 1544 1968 1584; x_wconf 87' lang='lat' dir='ltr'><strong>simulatio,</strong></span> <span class='ocrx_word' id='word_1_483' title='bbox 1992 1551 2023 1576; x_wconf 82' lang='lat' dir='ltr'><strong>ct</strong></span> <span class='ocrx_word' id='word_1_484' title='bbox 2035 1545 2157 1587; x_wconf 86' lang='lat' dir='ltr'><strong>reipsa</strong></span> 
     </span>
     <span class='ocr_line' id='line_1_75' title="bbox 1160 1588 2156 1631; baseline 0.001 -12"><span class='ocrx_word' id='word_1_485' title='bbox 1160 1594 1295 1620; x_wconf 90' lang='lat' dir='ltr'><strong>manent</strong></span> <span class='ocrx_word' id='word_1_486' title='bbox 1328 1590 1442 1630; x_wconf 87' lang='lat' dir='ltr'><strong>priora</strong></span> <span class='ocrx_word' id='word_1_487' title='bbox 1477 1589 1578 1628; x_wconf 88' lang='lat' dir='ltr'><strong>vitia,</strong></span> <span class='ocrx_word' id='word_1_488' title='bbox 1613 1588 1795 1631; x_wconf 78' lang='lat' dir='ltr'><strong>applicatio</strong></span> <span class='ocrx_word' id='word_1_489' title='bbox 1832 1596 1864 1621; x_wconf 90' lang='lat' dir='ltr'><strong>et</strong></span> <span class='ocrx_word' id='word_1_490' title='bbox 1899 1589 2011 1631; x_wconf 92' lang='lat' dir='ltr'><strong>opinio</strong></span> <span class='ocrx_word' id='word_1_491' title='bbox 2043 1588 2156 1630; x_wconf 86' lang='lat' dir='ltr'><strong>operis</strong></span> 
     </span>
     <span class='ocr_line' id='line_1_76' title="bbox 1159 1632 2152 1675; baseline 0 -12"><span class='ocrx_word' id='word_1_492' title='bbox 1159 1633 1307 1674; x_wconf 87' lang='lat' dir='ltr'><strong>operati:</strong></span> <span class='ocrx_word' id='word_1_493' title='bbox 1332 1632 1485 1664; x_wconf 88' lang='lat' dir='ltr'><strong>Retinent</strong></span> <span class='ocrx_word' id='word_1_494' title='bbox 1511 1633 1596 1664; x_wconf 92' lang='lat' dir='ltr'><strong>enim</strong></span> <span class='ocrx_word' id='word_1_495' title='bbox 1620 1632 1809 1672; x_wconf 80' lang='lat' dir='ltr'><strong>Canonein,</strong></span> <span class='ocrx_word' id='word_1_496' title='bbox 1832 1634 1864 1664; x_wconf 92' lang='lat' dir='ltr'><strong>in</strong></span> <span class='ocrx_word' id='word_1_497' title='bbox 1890 1643 1956 1675; x_wconf 90' lang='lat' dir='ltr'><strong>quo</strong></span> <span class='ocrx_word' id='word_1_498' title='bbox 1980 1632 2152 1674; x_wconf 81' lang='lat' dir='ltr'><strong>expressis</strong></span> 
     </span>
     <span class='ocr_line' id='line_1_77' title="bbox 1158 1675 2156 1718; baseline -0.002 -11"><span class='ocrx_word' id='word_1_499' title='bbox 1158 1677 1272 1707; x_wconf 83' lang='lat' dir='ltr'><strong>verbis</strong></span> <span class='ocrx_word' id='word_1_500' title='bbox 1307 1676 1343 1707; x_wconf 87' lang='lat' dir='ltr'><strong>fit</strong></span> <span class='ocrx_word' id='word_1_501' title='bbox 1378 1675 1569 1718; x_wconf 78' lang='lat' dir='ltr'><strong>applicatio.</strong></span> <span class='ocrx_word' id='word_1_502' title='bbox 1615 1676 1697 1708; x_wconf 85' lang='lat' dir='ltr'><strong>ltem</strong></span> <span class='ocrx_word' id='word_1_503' title='bbox 1732 1678 1841 1708; x_wconf 85' lang='lat' dir='ltr'><strong>donec</strong></span> <span class='ocrx_word' id='word_1_504' title='bbox 1871 1682 1982 1708; x_wconf 88' lang='lat' dir='ltr'><strong>manet</strong></span> <span class='ocrx_word' id='word_1_505' title='bbox 2008 1677 2059 1708; x_wconf 79' lang='lat' dir='ltr'><strong>hic</strong></span> <span class='ocrx_word' id='word_1_506' title='bbox 2082 1686 2156 1707; x_wconf 85' lang='lat' dir='ltr'><strong>mos</strong></span> 
     </span>
     <span class='ocr_line' id='line_1_78' title="bbox 1159 1720 2156 1763; baseline 0.001 -13"><span class='ocrx_word' id='word_1_507' title='bbox 1159 1720 1389 1758; x_wconf 71' lang='lat' dir='ltr'><strong>sacrificandi,¹</strong></span> <span class='ocrx_word' id='word_1_508' title='bbox 1409 1730 1476 1752; x_wconf 90' lang='lat' dir='ltr'><strong>non</strong></span> <span class='ocrx_word' id='word_1_509' title='bbox 1500 1727 1611 1762; x_wconf 85' lang='lat' dir='ltr'><strong>potest</strong></span> <span class='ocrx_word' id='word_1_510' title='bbox 1635 1731 1702 1752; x_wconf 90' lang='lat' dir='ltr'><strong>non</strong></span> <span class='ocrx_word' id='word_1_511' title='bbox 1727 1721 1892 1753; x_wconf 83' lang='lat' dir='ltr'><strong>accedere</strong></span> <span class='ocrx_word' id='word_1_512' title='bbox 1921 1721 2043 1763; x_wconf 90' lang='lat' dir='ltr'><strong>opinio,</strong></span> <span class='ocrx_word' id='word_1_513' title='bbox 2067 1720 2156 1763; x_wconf 84' lang='lat' dir='ltr'><strong>quod</strong></span> 
     </span>
     <span class='ocr_line' id='line_1_79' title="bbox 1160 1763 2156 1807; baseline 0.003 -15"><span class='ocrx_word' id='word_1_514' title='bbox 1160 1764 1202 1794; x_wconf 83' lang='lat' dir='ltr'><strong>sit</strong></span> <span class='ocrx_word' id='word_1_515' title='bbox 1239 1774 1323 1805; x_wconf 82' lang='lat' dir='ltr'><strong>opus</strong></span> <span class='ocrx_word' id='word_1_516' title='bbox 1359 1774 1534 1795; x_wconf 87' lang='lat' dir='ltr'><strong>commune</strong></span> <span class='ocrx_word' id='word_1_517' title='bbox 1566 1763 1684 1796; x_wconf 87' lang='lat' dir='ltr'><strong>valens</strong></span> <span class='ocrx_word' id='word_1_518' title='bbox 1707 1775 1769 1806; x_wconf 90' lang='lat' dir='ltr'><strong>pro</strong></span> <span class='ocrx_word' id='word_1_519' title='bbox 1794 1765 1880 1803; x_wconf 86' lang='lat' dir='ltr'><strong>aliis,</strong></span> <span class='ocrx_word' id='word_1_520' title='bbox 1905 1770 1937 1795; x_wconf 92' lang='lat' dir='ltr'><strong>et</strong></span> <span class='ocrx_word' id='word_1_521' title='bbox 1960 1765 2090 1807; x_wconf 89' lang='lat' dir='ltr'><strong>quidem</strong></span> <span class='ocrx_word' id='word_1_522' title='bbox 2116 1774 2156 1795; x_wconf 79' lang='lat' dir='ltr'><strong>ex</strong></span> 
     </span>
     <span class='ocr_line' id='line_1_80' title="bbox 1159 1807 2155 1851; baseline 0.001 -14"><span class='ocrx_word' id='word_1_523' title='bbox 1159 1817 1263 1849; x_wconf 90' lang='lat' dir='ltr'><strong>opere</strong></span> <span class='ocrx_word' id='word_1_524' title='bbox 1287 1814 1437 1849; x_wconf 84' lang='lat' dir='ltr'><strong>operato.</strong></span> <span class='ocrx_word' id='word_1_525' title='bbox 1486 1807 1623 1851; x_wconf 73' lang='lat' dir='ltr'><strong>Alioqui</strong></span> <span class='ocrx_word' id='word_1_526' title='bbox 1648 1819 1708 1840; x_wconf 90' lang='lat' dir='ltr'><strong>cur</strong></span> <span class='ocrx_word' id='word_1_527' title='bbox 1732 1808 1848 1840; x_wconf 75' lang='lat' dir='ltr'><strong>fleret?</strong></span> <span class='ocrx_word' id='word_1_528' title='bbox 1872 1819 1933 1840; x_wconf 88' lang='lat' dir='ltr'><strong>cur</strong></span> <span class='ocrx_word' id='word_1_529' title='bbox 1956 1808 2155 1840; x_wconf 87' lang='lat' dir='ltr'><strong>sacerdotes</strong></span> 
     </span>
     <span class='ocr_line' id='line_1_81' title="bbox 1158 1850 2155 1893; baseline 0 -11"><span class='ocrx_word' id='word_1_530' title='bbox 1158 1852 1340 1882; x_wconf 88' lang='lat' dir='ltr'><strong>retinerent</strong></span> <span class='ocrx_word' id='word_1_531' title='bbox 1385 1850 1588 1893; x_wconf 89' lang='lat' dir='ltr'><strong>peculiarem</strong></span> <span class='ocrx_word' id='word_1_532' title='bbox 1631 1853 1727 1884; x_wconf 83' lang='lat' dir='ltr'><strong>ritum</strong></span> <span class='ocrx_word' id='word_1_533' title='bbox 1763 1853 1954 1884; x_wconf 89' lang='lat' dir='ltr'><strong>distinctum</strong></span> <span class='ocrx_word' id='word_1_534' title='bbox 1988 1862 2007 1883; x_wconf 87' lang='lat' dir='ltr'><strong>a</strong></span> <span class='ocrx_word' id='word_1_535' title='bbox 2042 1850 2155 1893; x_wconf 88' lang='lat' dir='ltr'><strong>populi</strong></span> 
     </span>
     <span class='ocr_line' id='line_1_82' title="bbox 1159 1894 2155 1937; baseline 0 -11"><span class='ocrx_word' id='word_1_536' title='bbox 1159 1895 1412 1926; x_wconf 77' lang='lat' dir='ltr'><strong>communione?</strong></span> <span class='ocrx_word' id='word_1_537' title='bbox 1434 1894 1526 1926; x_wconf 86' lang='lat' dir='ltr'><strong>Talis</strong></span> <span class='ocrx_word' id='word_1_538' title='bbox 1549 1902 1659 1927; x_wconf 89' lang='lat' dir='ltr'><strong>autem</strong></span> <span class='ocrx_word' id='word_1_539' title='bbox 1680 1895 1785 1927; x_wconf 81' lang='lat' dir='ltr'><strong>Missa</strong></span> <span class='ocrx_word' id='word_1_540' title='bbox 1798 1896 1968 1937; x_wconf 87' lang='lat' dir='ltr'><strong>Papistica</strong></span> <span class='ocrx_word' id='word_1_541' title='bbox 1992 1901 2043 1927; x_wconf 89' lang='lat' dir='ltr'><strong>est</strong></span> <span class='ocrx_word' id='word_1_542' title='bbox 2066 1895 2155 1926; x_wconf 87' lang='lat' dir='ltr'><strong>haud</strong></span> 
     </span>
     <span class='ocr_line' id='line_1_83' title="bbox 1158 1938 2154 1981; baseline 0.001 -12"><span class='ocrx_word' id='word_1_543' title='bbox 1158 1938 1258 1970; x_wconf 85' lang='lat' dir='ltr'><strong>dubie</strong></span> <span class='ocrx_word' id='word_1_544' title='bbox 1279 1938 1506 1978; x_wconf 81' lang='lat' dir='ltr'><strong>idololatrica,</strong></span> <span class='ocrx_word' id='word_1_545' title='bbox 1531 1939 1649 1981; x_wconf 87' lang='lat' dir='ltr'><strong>procul</strong></span> <span class='ocrx_word' id='word_1_546' title='bbox 1669 1940 1754 1971; x_wconf 88' lang='lat' dir='ltr'><strong>enim</strong></span> <span class='ocrx_word' id='word_1_547' title='bbox 1779 1940 1947 1972; x_wconf 83' lang='lat' dir='ltr'><strong>receditur</strong></span> <span class='ocrx_word' id='word_1_548' title='bbox 1970 1941 2012 1971; x_wconf 90' lang='lat' dir='ltr'><strong>ab</strong></span> <span class='ocrx_word' id='word_1_549' title='bbox 2026 1940 2154 1971; x_wconf 87' lang='lat' dir='ltr'><strong>institu-</strong></span> 
     </span>
     <span class='ocr_line' id='line_1_84' title="bbox 1157 1981 2154 2015; baseline 0.001 -2"><span class='ocrx_word' id='word_1_550' title='bbox 1157 1988 1192 2013; x_wconf 85' lang='lat' dir='ltr'><strong>to</strong></span> <span class='ocrx_word' id='word_1_551' title='bbox 1216 1982 1352 2014; x_wconf 86' lang='lat' dir='ltr'><strong>Christi.</strong></span> <span class='ocrx_word' id='word_1_552' title='bbox 1398 1981 1443 2014; x_wconf 93' lang='lat' dir='ltr'><strong>Ut</strong></span> <span class='ocrx_word' id='word_1_553' title='bbox 1465 1990 1576 2015; x_wconf 88' lang='lat' dir='ltr'><strong>autem</strong></span> <span class='ocrx_word' id='word_1_554' title='bbox 1601 1984 1642 2015; x_wconf 90' lang='lat' dir='ltr'><strong>de</strong></span> <span class='ocrx_word' id='word_1_555' title='bbox 1666 1984 1784 2015; x_wconf 87' lang='lat' dir='ltr'><strong>statuis</strong></span> <span class='ocrx_word' id='word_1_556' title='bbox 1809 1984 1944 2015; x_wconf 82' lang='lat' dir='ltr'><strong>dicitur:</strong></span> <span class='ocrx_word' id='word_1_557' title='bbox 1968 1982 2062 2014; x_wconf 86' lang='lat' dir='ltr'><strong>Deus</strong></span> <span class='ocrx_word' id='word_1_558' title='bbox 2087 1992 2154 2014; x_wconf 89' lang='lat' dir='ltr'><strong>non</strong></span> 
     </span>
     <span class='ocr_line' id='line_1_85' title="bbox 1157 2025 2153 2070; baseline 0.001 -13"><span class='ocrx_word' id='word_1_559' title='bbox 1157 2027 1264 2069; x_wconf 83' lang='lat' dir='ltr'><strong>magis</strong></span> <span class='ocrx_word' id='word_1_560' title='bbox 1289 2026 1423 2058; x_wconf 82' lang='lat' dir='ltr'><strong>exaudit</strong></span> <span class='ocrx_word' id='word_1_561' title='bbox 1447 2028 1489 2058; x_wconf 71' lang='lat' dir='ltr'><strong>acl</strong></span> <span class='ocrx_word' id='word_1_562' title='bbox 1515 2034 1639 2059; x_wconf 83' lang='lat' dir='ltr'><strong>certam</strong></span> <span class='ocrx_word' id='word_1_563' title='bbox 1663 2033 1808 2059; x_wconf 85' lang='lat' dir='ltr'><strong>statuam</strong></span> <span class='ocrx_word' id='word_1_564' title='bbox 1832 2038 1931 2070; x_wconf 82' lang='lat' dir='ltr'><strong>quain</strong></span> <span class='ocrx_word' id='word_1_565' title='bbox 1954 2025 2051 2062; x_wconf 86' lang='lat' dir='ltr'><strong>alibi,</strong></span> <span class='ocrx_word' id='word_1_566' title='bbox 2077 2027 2153 2069; x_wconf 87' lang='lat' dir='ltr'><strong>quia</strong></span> 
     </span>
     <span class='ocr_line' id='line_1_86' title="bbox 1155 2069 2153 2114; baseline 0 -13"><span class='ocrx_word' id='word_1_567' title='bbox 1155 2080 1225 2101; x_wconf 84' lang='lat' dir='ltr'><strong>non</strong></span> <span class='ocrx_word' id='word_1_568' title='bbox 1249 2077 1302 2102; x_wconf 84' lang='lat' dir='ltr'><strong>est</strong></span> <span class='ocrx_word' id='word_1_569' title='bbox 1325 2069 1516 2113; x_wconf 87' lang='lat' dir='ltr'><strong>alligandus</strong></span> <span class='ocrx_word' id='word_1_570' title='bbox 1541 2081 1599 2110; x_wconf 88' lang='lat' dir='ltr'><strong>eo,</strong></span> <span class='ocrx_word' id='word_1_571' title='bbox 1634 2082 1700 2113; x_wconf 92' lang='lat' dir='ltr'><strong>quo</strong></span> <span class='ocrx_word' id='word_1_572' title='bbox 1724 2081 1761 2103; x_wconf 87' lang='lat' dir='ltr'><strong>se</strong></span> <span class='ocrx_word' id='word_1_573' title='bbox 1786 2082 1851 2103; x_wconf 89' lang='lat' dir='ltr'><strong>non</strong></span> <span class='ocrx_word' id='word_1_574' title='bbox 1876 2070 2027 2114; x_wconf 74' lang='lat' dir='ltr'><strong>alligavit</strong></span> <span class='ocrx_word' id='word_1_575' title='bbox 2050 2072 2153 2103; x_wconf 88' lang='lat' dir='ltr'><strong>verbo</strong></span> 
     </span>
     <span class='ocr_line' id='line_1_87' title="bbox 1157 2114 2153 2157; baseline 0 -12"><span class='ocrx_word' id='word_1_576' title='bbox 1157 2124 1233 2152; x_wconf 86' lang='lat' dir='ltr'><strong>suo,</strong></span> <span class='ocrx_word' id='word_1_577' title='bbox 1258 2114 1305 2145; x_wconf 88' lang='lat' dir='ltr'><strong>Ita</strong></span> <span class='ocrx_word' id='word_1_578' title='bbox 1318 2114 1540 2147; x_wconf 75' lang='lat' dir='ltr'><strong>Sacramenta</strong></span> <span class='ocrx_word' id='word_1_579' title='bbox 1565 2122 1659 2147; x_wconf 72' lang='lat' dir='ltr'><strong>extra</strong></span> <span class='ocrx_word' id='word_1_580' title='bbox 1682 2125 1792 2154; x_wconf 86' lang='lat' dir='ltr'><strong>usum,</strong></span> <span class='ocrx_word' id='word_1_581' title='bbox 1817 2116 1858 2146; x_wconf 88' lang='lat' dir='ltr'><strong>ad</strong></span> <span class='ocrx_word' id='word_1_582' title='bbox 1883 2125 1981 2157; x_wconf 87' lang='lat' dir='ltr'><strong>quem</strong></span> <span class='ocrx_word' id='word_1_583' title='bbox 2004 2115 2153 2146; x_wconf 87' lang='lat' dir='ltr'><strong>instituta</strong></span> 
     </span>
     <span class='ocr_line' id='line_1_88' title="bbox 1157 2158 2153 2200; baseline 0 -12"><span class='ocrx_word' id='word_1_584' title='bbox 1157 2163 1247 2196; x_wconf 82' lang='lat' dir='ltr'><strong>sunt,</strong></span> <span class='ocrx_word' id='word_1_585' title='bbox 1283 2168 1349 2189; x_wconf 92' lang='lat' dir='ltr'><strong>non</strong></span> <span class='ocrx_word' id='word_1_586' title='bbox 1384 2164 1464 2190; x_wconf 84' lang='lat' dir='ltr'><strong>sunt</strong></span> <span class='ocrx_word' id='word_1_587' title='bbox 1487 2158 1719 2198; x_wconf 73' lang='lat' dir='ltr'><strong>Sacramenta,</strong></span> <span class='ocrx_word' id='word_1_588' title='bbox 1757 2159 1818 2190; x_wconf 89' lang='lat' dir='ltr'><strong>sed</strong></span> <span class='ocrx_word' id='word_1_589' title='bbox 1854 2160 1963 2190; x_wconf 87' lang='lat' dir='ltr'><strong>otiosa</strong></span> <span class='ocrx_word' id='word_1_590' title='bbox 1998 2164 2029 2189; x_wconf 78' lang='lat' dir='ltr'><strong>et</strong></span> <span class='ocrx_word' id='word_1_591' title='bbox 2053 2158 2153 2200; x_wconf 86' lang='lat' dir='ltr'><strong>impia</strong></span> 
     </span>
     <span class='ocr_line' id='line_1_89' title="bbox 1157 2200 2153 2243; baseline 0.001 -11"><span class='ocrx_word' id='word_1_592' title='bbox 1157 2200 1366 2243; x_wconf 85' lang='lat' dir='ltr'><strong>spectacula,</strong></span> <span class='ocrx_word' id='word_1_593' title='bbox 1399 2208 1435 2233; x_wconf 91' lang='lat' dir='ltr'><strong>ut</strong></span> <span class='ocrx_word' id='word_1_594' title='bbox 1458 2212 1547 2234; x_wconf 86' lang='lat' dir='ltr'><strong>nunc</strong></span> <span class='ocrx_word' id='word_1_595' title='bbox 1571 2202 1704 2234; x_wconf 77' lang='lat' dir='ltr'><strong>Iudaica</strong></span> <span class='ocrx_word' id='word_1_596' title='bbox 1727 2209 1783 2235; x_wconf 91' lang='lat' dir='ltr'><strong>aut</strong></span> <span class='ocrx_word' id='word_1_597' title='bbox 1807 2202 1949 2235; x_wconf 89' lang='lat' dir='ltr'><strong>Turcica</strong></span> <span class='ocrx_word' id='word_1_598' title='bbox 1973 2201 2153 2234; x_wconf 87' lang='lat' dir='ltr'><strong>Circumci-</strong></span> 
     </span>
     <span class='ocr_line' id='line_1_90' title="bbox 1157 2244 2153 2288; baseline 0 -12"><span class='ocrx_word' id='word_1_599' title='bbox 1157 2246 1220 2276; x_wconf 82' lang='lat' dir='ltr'><strong>sio.</strong></span> <span class='ocrx_word' id='word_1_600' title='bbox 1269 2244 1388 2280; x_wconf 78' lang='lat' dir='ltr'><strong>Qualis</strong></span> <span class='ocrx_word' id='word_1_601' title='bbox 1422 2245 1522 2288; x_wconf 88' lang='lat' dir='ltr'><strong>igitur</strong></span> <span class='ocrx_word' id='word_1_602' title='bbox 1546 2247 1589 2277; x_wconf 88' lang='lat' dir='ltr'><strong>sit</strong></span> <span class='ocrx_word' id='word_1_603' title='bbox 1613 2247 1764 2278; x_wconf 70' lang='lat' dir='ltr'><strong>adoratio</strong></span> <span class='ocrx_word' id='word_1_604' title='bbox 1785 2248 1816 2278; x_wconf 94' lang='lat' dir='ltr'><strong>in</strong></span> <span class='ocrx_word' id='word_1_605' title='bbox 1841 2246 1947 2277; x_wconf 80' lang='lat' dir='ltr'><strong>Missa</strong></span> <span class='ocrx_word' id='word_1_606' title='bbox 1973 2245 2153 2287; x_wconf 55' lang='lat' dir='ltr'><strong>Papinum,</strong></span> 
     </span>
     <span class='ocr_line' id='line_1_91' title="bbox 1158 2287 2152 2331; baseline 0 -12"><span class='ocrx_word' id='word_1_607' title='bbox 1158 2287 1257 2320; x_wconf 72' lang='lat' dir='ltr'><strong>facile</strong></span> <span class='ocrx_word' id='word_1_608' title='bbox 1290 2289 1428 2320; x_wconf 80' lang='lat' dir='ltr'><strong>iudicari</strong></span> <span class='ocrx_word' id='word_1_609' title='bbox 1463 2295 1593 2331; x_wconf 86' lang='lat' dir='ltr'><strong>potest,</strong></span> <span class='ocrx_word' id='word_1_610' title='bbox 1628 2291 1683 2322; x_wconf 87' lang='lat' dir='ltr'><strong>ubi</strong></span> <span class='ocrx_word' id='word_1_611' title='bbox 1720 2297 1923 2322; x_wconf 82' lang='lat' dir='ltr'><strong>concurrunt</strong></span> <span class='ocrx_word' id='word_1_612' title='bbox 1960 2296 2026 2321; x_wconf 84' lang='lat' dir='ltr'><strong>tam</strong></span> <span class='ocrx_word' id='word_1_613' title='bbox 2051 2288 2152 2321; x_wconf 83' lang='lat' dir='ltr'><strong>multa</strong></span> 
     </span>
     <span class='ocr_line' id='line_1_92' title="bbox 1158 2331 2153 2376; baseline 0 -13"><span class='ocrx_word' id='word_1_614' title='bbox 1158 2331 1270 2364; x_wconf 89' lang='lat' dir='ltr'><strong>aliena</strong></span> <span class='ocrx_word' id='word_1_615' title='bbox 1294 2334 1335 2363; x_wconf 91' lang='lat' dir='ltr'><strong>ab</strong></span> <span class='ocrx_word' id='word_1_616' title='bbox 1360 2333 1524 2371; x_wconf 77' lang='lat' dir='ltr'><strong>instituto,</strong></span> <span class='ocrx_word' id='word_1_617' title='bbox 1544 2332 1681 2373; x_wconf 83' lang='lat' dir='ltr'><strong>oblatio,</strong></span> <span class='ocrx_word' id='word_1_618' title='bbox 1704 2332 1904 2376; x_wconf 74' lang='lat' dir='ltr'><strong>applicatio,</strong></span> <span class='ocrx_word' id='word_1_619' title='bbox 1938 2334 2088 2365; x_wconf 87' lang='lat' dir='ltr'><strong>meritum</strong></span> <span class='ocrx_word' id='word_1_620' title='bbox 2114 2342 2153 2363; x_wconf 82' lang='lat' dir='ltr'><strong>ex</strong></span> 
     </span>
     <span class='ocr_line' id='line_1_93' title="bbox 1159 2376 2154 2417; baseline 0.001 -10"><span class='ocrx_word' id='word_1_621' title='bbox 1159 2386 1262 2417; x_wconf 81' lang='lat' dir='ltr'><strong>opere</strong></span> <span class='ocrx_word' id='word_1_622' title='bbox 1286 2383 1438 2417; x_wconf 88' lang='lat' dir='ltr'><strong>operato.</strong></span> <span class='ocrx_word' id='word_1_623' title='bbox 1485 2376 1578 2409; x_wconf 86' lang='lat' dir='ltr'><strong>Haec</strong></span> <span class='ocrx_word' id='word_1_624' title='bbox 1612 2378 1723 2409; x_wconf 88' lang='lat' dir='ltr'><strong>omnia</strong></span> <span class='ocrx_word' id='word_1_625' title='bbox 1745 2384 1891 2415; x_wconf 73' lang='lat' dir='ltr'><strong>manent,</strong></span> <span class='ocrx_word' id='word_1_626' title='bbox 1927 2377 2067 2409; x_wconf 87' lang='lat' dir='ltr'><strong>durante</strong></span> <span class='ocrx_word' id='word_1_627' title='bbox 2091 2377 2154 2408; x_wconf 89' lang='lat' dir='ltr'><strong>ritu</strong></span> 
     </span>
     <span class='ocr_line' id='line_1_94' title="bbox 1158 2418 2154 2471; baseline 0 -20"><span class='ocrx_word' id='word_1_628' title='bbox 1158 2418 1341 2471; x_wconf 59' lang='lat' dir='ltr'><strong>Papistico,</strong></span> <span class='ocrx_word' id='word_1_629' title='bbox 1376 2426 1408 2452; x_wconf 89' lang='lat' dir='ltr'><strong>et</strong></span> <span class='ocrx_word' id='word_1_630' title='bbox 1444 2426 1573 2452; x_wconf 85' lang='lat' dir='ltr'><strong>retento</strong></span> <span class='ocrx_word' id='word_1_631' title='bbox 1598 2419 1744 2453; x_wconf 76' lang='lat' dir='ltr'><strong>Canone.</strong></span> <span class='ocrx_word' id='word_1_632' title='bbox 1799 2420 1891 2452; x_wconf 86' lang='lat' dir='ltr'><strong>Haec</strong></span> <span class='ocrx_word' id='word_1_633' title='bbox 1928 2427 2005 2452; x_wconf 90' lang='lat' dir='ltr'><strong>sunt</strong></span> <span class='ocrx_word' id='word_1_634' title='bbox 2040 2419 2154 2452; x_wconf 87' lang='lat' dir='ltr'><strong>claris-</strong></span> 
     </span>
     <span class='ocr_line' id='line_1_95' title="bbox 1158 2473 1254 2495; baseline 0.01 -1"><span class='ocrx_word' id='word_1_635' title='bbox 1158 2473 1254 2495; x_wconf 74' lang='lat' dir='ltr'><strong>stma.</strong></span> 
     </span>
    </p>
   </div>
  </div>
 </body>
</html>
