2383 2990
142 147 206 179 153
854 146 907 176 111.

139 240 314 274 Ecclestas
338 246 370 272 et
392 239 527 282 politias
553 240 737 278 constituit,
761 240 791 270 si
815 244 906 270 tanta
919 245 972 270 est
990 239 1128 270 durities
1152 245 1156 257 ¹

139 287 190 316 καὶ
211 286 367 326 ἀστοργία,
385 290 421 316 111
445 294 508 315 nec
530 284 645 314 matris
659 282 806 324 pericula
825 289 858 314 et
871 281 1017 320 dolores,
1041 292 1128 324 quos
1152 260 1155 323 1

138 329 171 359 111
194 334 291 369 partu
314 327 488 365 sustinuit,
523 337 586 358 nec
616 327 772 357 assiduos
801 325 936 356 labores
959 325 1128 356 educatio·
1151 325 1154 351 1

137 371 202 410 nis,
227 381 312 412 quos
336 371 434 402 ambo
458 376 614 411 parentes
638 370 876 406 sustinuerunt,
901 369 1012 410 magni
1031 367 1129 399 aesti-

138 420 222 452 met,
258 424 320 445 nee
343 420 481 455 propter
505 412 589 444 haec
613 411 725 444 officia
743 412 939 453 parentibus
963 421 1002 442 se
1025 412 1128 442 subii-

140 457 227 488 ctat?
284 457 369 488 Sunt
391 456 476 488 tales
505 462 643 487 naturae
672 453 812 492 multae,
848 465 987 495 quarum
1011 453 1126 485 feritas

139 501 336 531 detestanda
360 506 423 538 est,
447 505 479 531 et
503 497 821 531 commonefaciendi
846 504 923 528 sunt
947 498 1057 538 pueri,
1092 503 1127 529 ut

137 543 226 574 hanc
248 545 355 584 ipsam
379 544 421 574 ob
436 552 570 573 causam
591 542 719 572 discant
732 539 917 582 intelligere
941 546 973 570 et
1007 539 1120 571 colere

138 586 372 629 gratitudinem
403 586 546 616 debitam
581 583 780 621 hominibus,
814 590 850 614 ut
884 584 1056 614 exicentur
1083 584 1126 614 ad

139 630 369 673 gratitudinem
393 628 467 659 Deo
491 627 735 668 praestandam.
765 626 907 663 Deinde,
932 628 1008 667 quia
1031 632 1125 657 aetas

139 679 253 704 tenera
276 683 316 703 ae
340 672 430 703 rudis
455 671 600 702 nondum
624 670 731 708 videt,
767 670 879 710 quanti
900 670 966 699 sint
989 668 1124 700 labores

139 715 402 757 gubernationis,
427 714 546 745 horum
569 713 668 743 etiam
694 713 884 754 magnitudo
899 711 1125 753 aliquomodo

138 760 186 790 eis
211 757 409 795 declaretur,
432 763 467 788 ut
490 757 617 787 discant
642 766 681 786 se
705 757 844 798 gratiam
869 762 901 786 et
925 756 1125 796 magistrati-

138 802 200 832 bus
225 802 357 832 debere.
415 800 466 830 Ac
490 800 624 830 omnino
656 800 788 840 quoties
818 799 851 829 tit
878 801 1000 829 mentio
1025 799 1125 839 grati-

137 845 276 882 tudinis,
313 845 353 874 de
395 849 514 884 quarto
553 848 732 883 praecepto
767 840 930 883 Deculogi
966 843 1126 883 cogitent,

137 888 244 918 sciant
269 897 340 917 eam
365 887 526 918 contineri
551 886 583 916 in
605 885 669 916 huc
692 891 891 926 praecepto,
921 890 953 915 et
982 884 1125 926 flagitari

136 930 306 968 (livinitus,
340 940 381 960 ac
415 928 490 960 Deo
525 927 671 970 placere,
705 929 813 958 sciant
838 928 943 968 puniri
968 928 1125 961 divinitus

135 973 297 1014 ingratos,
324 979 357 1003 ut
382 971 539 1003 Salomon
565 972 595 1001 in
610 971 804 1002 Proverbiis
829 971 950 1012 inquit:
975 970 1049 1000 Non
1075 980 1125 1000 re-

136 1016 231 1046 cedet
256 1014 375 1046 malum
400 1026 419 1046 a
438 1016 536 1045 domo
561 1014 690 1055 ingrati.
737 1014 878 1054 Semper
895 1020 1003 1044 autem
1028 1023 1125 1044 acce-

136 1059 192 1090 dat
227 1065 259 1089 et
292 1058 378 1089 llaec
407 1058 579 1099 cogitatio:
610 1058 686 1088 Ideo
717 1056 904 1087 hominibus
929 1057 1049 1086 inditus
1074 1063 1125 1086 est

134 1100 325 1133 intellectus
350 1101 571 1143 gratitudinis,
591 1100 665 1131 ideo
690 1099 775 1131 haec
800 1100 986 1130 eommunia
1012 1098 1125 1129 officia
1148 1115 1152 1142 1

135 1146 233 1176 nobis
256 1145 513 1186 praecipiuntur,
538 1150 571 1174 ut
596 1144 764 1174 discamus
788 1142 862 1173 Deo
888 1142 1001 1173 deberi
1026 1143 1125 1183 grati—

136 1189 292 1219 tudinem.
361 1187 422 1218 l-gst
452 1194 563 1218 antem
596 1187 764 1228 gratitudo
787 1187 893 1216 virtus
917 1195 978 1216 seu
1002 1186 1123 1216 iustitia

138 1233 312 1272 quaedam,
338 1242 403 1272 qua
427 1230 583 1261 voluntas
607 1240 644 1260 se
669 1228 792 1270 obligat
815 1227 871 1262 illi..
895 1239 915 1259 a
938 1238 1004 1270 quo
1027 1229 1125 1258 bene-

135 1274 245 1304 ficium
258 1275 396 1314 accepit,
406 1274 458 1304 'ad
471 1279 581 1304 mutua
595 1271 705 1303 officia
719 1272 829 1302 debita
843 1272 1070 1312 proportione,
1083 1271 1125 1301 ad

136 1316 336 1358 diligendum
351 1327 436 1353 eum,
456 1327 474 1347 a
494 1327 558 1357 quo
574 1315 767 1346 beneficium
784 1315 1003 1355 proficiscitur
1020 1315 1062 1344 ad
1076 1324 1125 1344 or-

134 1360 601 1396 nandumeumauttuendum,
617 1365 649 1388 ut
661 1357 925 1388 narraturMarci
940 1358 1123 1394 cuiusdam,

135 1405 188 1445 qui
203 1409 390 1444 praeturam
404 1408 568 1443 gesserat,
582 1408 611 1431 et
625 1401 714 1431 Bruti
729 1407 841 1442 partes
855 1408 991 1431 secutus
1005 1399 1123 1437 suerat,

135 1447 275 1488 insignis
300 1446 478 1487 gratitudo.
527 1445 587 1475 llic
611 1444 748 1475 Marcus
773 1455 847 1474 011111
876 1450 954 1484 post
978 1453 1123 1485 Pugnant

135 1489 256 1521 saetam
280 1490 311 1520 in
337 1489 463 1529 campis
488 1487 679 1529 Philippicis
705 1494 822 1528 captus
847 1494 950 1523 esset,
975 1497 1014 1517 ac
1039 1488 1124 1517 inter

136 1543 254 1564 servos
269 1533 434 1570 venditus,
459 1539 588 1573 emptus
613 1537 662 1562 est
688 1531 864 1572 aquodam
885 1529 1044 1567 barbula,
1069 1530 1123 1570 qui

136 1575 195 1607 suit
218 1577 344 1607 amicus
369 1575 515 1606 Antonii.
561 1574 632 1604 Etsi
657 1581 765 1605 autem
786 1573 921 1604 Marcus
935 1579 1004 1603 erat
1032 1575 1123 1614 igno-

136 1626 188 1651 tus
212 1618 390 1657 Barbulae,
424 1625 533 1649 tamen
559 1618 679 1659 ingenii
705 1619 767 1655 vis,
802 1618 987 1657 prudentia,
1011 1617 1122 1647 mode-

134 1664 219 1695 ratio
253 1673 381 1693 morum
412 1663 510 1703 :ligna
547 1662 616 1692 viro
652 1660 750 1692 nobili
777 1659 941 1691 elucebat.
1011 1660 1124 1694 Quare

136 1717 210 1738 011111
235 1704 383 1736 Barbula
408 1706 438 1735 in
464 1706 619 1736 comitatu
643 1714 758 1735 secum
783 1704 885 1741 duxit,
913 1714 977 1734 non
998 1710 1062 1733 tam
1088 1709 1121 1733 ut

135 1760 282 1786 servum,
308 1759 403 1790 quam
429 1754 461 1779 ut
485 1749 636 1779 amicum.
682 1747 781 1778 Forte
804 1748 919 1789 igitur,
956 1757 1029 1777 cum
1053 1752 1122 1776 tan-

136 1794 208 1824 dem
245 1791 383 1822 Romam
419 1803 493 1822 eum
528 1802 643 1821 secum
667 1791 828 1828 duxisset,
860 1791 902 1821 ibi
927 1790 1123 1831 agnoscitur

134 1836 282 1867 Marcus.
349 1835 506 1876 Agnitum
541 1832 688 1865 Barbula
717 1840 855 1874 propter
879 1835 1030 1864 virtutem
1054 1843 1123 1863 scr-

134 1890 215 1911 vare
234 1879 350 1919 cupit.
406 1878 518 1913 Quare
552 1879 581 1908 ei
610 1887 668 1917 per
698 1878 879 1917 Agr'ppam
903 1877 944 1907 ab
968 1876 1122 1917 Angusto

133 1923 264 1954 veniam
290 1923 453 1963 impetrat,
478 1932 543 1962 qua
567 1922 752 1961 impetrata,
776 1931 840 1950 non
863 1919 969 1950 solum
992 1918 1122 1950 liberta·

136 1972 201 1997 tem
226 1966 254 1996 ei
279 1966 397 2002 reddit,
421 1965 480 1995 sed
505 1965 611 2005 ipsum
637 1974 769 2004 qnoque
791 1963 930 1993 restituit
956 1962 1122 2003 Reipubli-

137 2019 196 2040 cae
231 2014 261 2039 et
292 2007 491 2045 honoribus,
526 2007 617 2038 venit
651 2008 736 2037 enim
762 2006 897 2037 Marcus
921 2007 953 2036 in
979 2006 1122 2047 Augusti

136 2051 284 2082 notitiam
309 2058 341 2081 et
365 2049 629 2082 familiaritatem.
664 2050 797 2081 Audisti
823 2049 1018 2080 beneficium
1042 2050 1123 2079 Bar-

138 2093 246 2124 bulae.
302 2094 398 2125 Nunc
423 2094 654 2136 gratitudinem
680 2092 784 2124 Marci
811 2104 995 2134 cognosce.
1042 2092 1123 2123 Post

138 2137 310 2168 Actiacam
339 2148 484 2180 pugnam
520 2142 677 2178 superato
706 2137 852 2167 Antonio
877 2135 1016 2167 mirabili
1042 2146 1123 2167 casu

138 2178 285 2211 Barbula
308 2180 394 2211 inter
417 2181 525 2212 victos
549 2180 714 2217 vcntlituS,
737 2180 852 2211 emitur
875 2191 894 2211 a
919 2179 1025 2210 Marci
1048 2190 1123 2220 pro-

138 2229 304 2255 curatore.

138 2266 304 2298 adductus
342 2272 444 2304 esset,
477 2278 553 2298 mox
588 2267 793 2308 agnoscitur.
860 2266 991 2297 Memor
1026 2267 1125 2308 igitur

136 2309 274 2341 Marcus
298 2309 600 2350 acceptibenefleii,
626 2311 760 2351 exponit
783 2310 937 2352 Angusto
957 2310 1046 2351 quod
1069 2321 1124 2340 ac·

138 2353 270 2390 eiderit,
307 2363 347 2384 ac
379 2353 521 2384 ostendit
552 2363 593 2384 se
626 2354 820 2384 necessario
855 2354 1028 2394 deprecari
1062 2363 1124 2393 pro

137 2395 298 2434 Barbula,
323 2406 342 2426 a
366 2406 431 2437 quo
455 2402 553 2427 antea
575 2402 730 2427 servatus
755 2397 808 2427 sit.
860 2397 990 2427 Laudat
1010 2397 1124 2437 Augu-

137 2445 211 2471 stus
235 2438 339 2470 Marci
363 2437 524 2477 officium,
560 2445 591 2469 et
621 2445 758 2480 propter
781 2440 912 2471 virtutis
936 2440 1123 2471 admiratio·
1148 2421 1152 2500 Ι

138 2493 212 2514 nem
242 2483 299 2513 dat
324 2485 452 2514 veniam
483 2481 661 2513 Barbulae.
702 2480 707 2486 “
728 2483 795 2514 lam
818 2483 954 2515 Marcus
978 2484 1122 2514 vicissim

136 2524 326 2557 libertatem
359 2526 467 2557 reddit
489 2524 670 2563 Barbulae,
693 2536 833 2568 eumque
858 2525 1071 2568 Reipublicae
1091 2532 1125 2557 et

137 2568 323 2601 honoribus
353 2569 506 2601 restituit.
572 2568 662 2600 Rara
685 2575 762 2600 sunt
784 2570 870 2601 haec
893 2569 1057 2611 exempla,
1092 2575 1124 2600 et

138 2612 241 2645 multo
275 2611 390 2655 plures
418 2619 497 2645 sunt
518 2612 650 2655 ingrati.
717 2612 791 2644 Nec⁴
811 2624 889 2645 raro
912 2614 1032 2645 accidit
1056 2612 1122 2652 bic,

953 144 1230 178 CATECHESIS
1253 146 1280 177 P
1284 145 1470 179 UERILIS.

369 2223 452 2254 Cum
485 2230 593 2255 autem
617 2222 786 2264 aliquanto
811 2229 886 2265 post
911 2223 952 2254 ad
976 2222 1124 2253 Marcum
1148 2211 1152 2289 1

2111 148 2174 179 154

1183 240 1272 282 quod
1290 241 1322 272 in
1345 240 1535 283 Tragoedia
1552 241 1716 283 quispiam
1741 242 1925 282 quaeritur:
1960 241 2068 280 Men',
2103 252 2174 273 ser-

1182 294 1296 322 vasse,
1316 289 1350 314 ut
1375 290 1489 315 essent
1513 285 1566 326 qui
1590 295 1642 315 :ne
1666 284 1864 325 perderent?
1910 283 1977 315 Sed
2002 286 2079 326 quia
2097 296 2173 316 rara

1182 327 1288 358 virtus
1312 332 1365 358 est
1389 328 1569 368 gratitudo,
1594 328 1667 358 ideo
1697 328 1854 359 mediocri
1879 326 2049 369 diligentia
2081 328 2173 359 rudis

1180 375 1293 444 petasd
1304 368 1563 401 assuefacienda
1597 377 1659 408 est,
1694 377 1730 402 ut
1753 381 1826 402 eam
1849 370 2036 413 intelligere
2060 377 2093 403 et
2116 382 2173 403 co-

1194 423 1250 444 ere
1297 413 1391 444 iscat.

1267 507 1435 538 Hactenus
1457 507 1498 537 de
1521 507 1638 547 poenis
1665 509 1894 539 contumaciae
1924 507 2115 540 inferiorum
2141 515 2173 541 et

1179 551 1335 592 praemiis
1356 550 1561 581 obedientiae
1584 550 1660 580 dixi.
1686 551 1796 582 Sciant
1817 558 1927 582 autem
1951 558 1983 582 et.
2007 554 2172 593 guberna-

1179 600 1272 624 tores=
1297 594 1339 625 ad
1362 603 1400 623 se
1419 603 1552 634 qnoque
1566 594 1670 624 niinas
1685 599 1714 623 et
1727 595 1981 634 promissionem
1996 596 2171 636 pertinere.

1180 636 1361 667 Parentum
1384 634 1622 678 negligentiam
1647 637 1793 678 graviter
1816 638 1932 678 punire
1957 644 2097 669 testatur
2117 650 2172 670 ex-

1180 678 1323 721 emplum
1344 680 1531 709 sacerdotis
1556 679 1618 709 Eli.
1665 682 1730 711 11110
1754 691 1875 721 magna
1900 691 1978 721 pars
2004 680 2172 712 calamita-

1180 728 1247 753 tum
1280 722 1499 753 humanarum
1535 723 1639 753 oritur
1662 734 1681 753 a
1714 730 1888 763 parentum
1915 731 1944 754 et
1971 726 2172 766 gubernato-

1179 777 1251 796 rum
1275 764 1492 807 negligentia,
1527 776 1568 795 ac
1594 776 1634 806 ne
1658 767 1719 796 sim
1739 765 1916 807 prolixior,
1952 778 2048 798 unam
2083 768 2172 799 banc

1179 810 1374 840 sententiam
1409 809 1615 846 adscribam,
1652 819 1736 849 quae
1772 819 1904 850 semper
1927 811 1957 840 111
1984 817 2173 851 conspectu

1180 862 1258 883 esse
1282 852 1475 893 parentibus
1496 858 1527 882 et
1547 852 1823 892 praeceptoribus
1847 852 2094 884 adolescentiae
2118 855 2173 884 de-

1180 896 1246 926 bet.
1303 895 1378 925 Non
1405 900 1456 925 est
1481 893 1637 925 voluntas
1663 895 1789 926 l'atris.
1825 903 1859 926 ut
1886 902 1998 936 pereat
2023 908 2107 927 unus
2132 897 2174 927 de

1178 937 1327 979 parvulis
1361 939 1444 968 istis.
1510 938 1545 968 Si
1580 938 1655 979 quis
1680 937 1814 969 laeserit
1835 950 1933 969 unum
1959 940 1998 970 de
2023 939 2172 979 parvulis

1178 982 1303 1012 istisin
1328 992 1378 1011 me
1404 981 1629 1018 credentibus,
1653 980 1770 1012 melius
1795 983 1824 1012 ei
1850 988 1937 1012 cst-zet
1970 984 2073 1024 mergi
2098 994 2173 1014 eum

1179 1026 1210 1055 in
1234 1035 1325 1055 mare
1350 1031 1413 1055 etc.
1458 1023 1617 1065 Magnum
1638 1032 1669 1054 ct
1693 1031 1790 1055 atrox
1815 1024 1928 1055 scelus
1962 1032 2011 1055 est
2040 1025 2090 1057 vel
2116 1037 2170 1056 ne-

1179 1067 1337 1109 gligentia
1372 1066 1486 1100 frenos
1523 1066 1719 1107 disciplinae
1755 1069 1916 1098 iuventuti
1950 1068 2084 1107 laxare,
2119 1068 2173 1100 vel

1178 1121 1282 1151 prava
1305 1110 1522 1147 institutione,
1546 1117 1600 1140 ant
1626 1109 1719 1140 malis
1740 1110 1900 1152 exemplis
1926 1122 1997 1142 eam
2025 1123 2172 1143 corrum-

1178 1164 1268 1194 pere.
1338 1152 1429 1183 Haec
1455 1163 1553 1193 quam
1577 1154 1618 1183 sit
1644 1154 1765 1184 usitata
1791 1154 1822 1185 in
1847 1155 1924 1194 vitra
1948 1156 2044 1185 nimis
2071 1156 2170 1186 mani-

1177 1197 1297 1227 festum
1322 1202 1384 1226 est.
1452 1196 1535 1226 Cum
1566 1203 1722 1237 parentes
1746 1205 1800 1227 aut
1830 1204 2068 1238 praeceptores·
2093 1205 2172 1229 sunt

1177 1240 1349 1280 Epicurei,
1381 1249 1446 1269 non
1481 1238 1708 1270 assuefaciunt
1742 1250 1822 1270 51105
1846 1241 1887 1271 ad
1912 1242 2113 1282 agnitionem
2139 1248 2171 1273 et

1178 1284 1327 1313 timorem
1362 1281 1444 1319 Dei,
1474 1282 1637 1313 interdum
1666 1281 1756 1313 alunt
1787 1286 2037 1315 evomuit-mant
2064 1284 2169 1316 malas

1178 1327 1362 1366 opiniones.
1432 1325 1523 1355 llaec
1555 1325 1686 1356 scelera
1716 1327 1821 1366 puniri
1846 1327 1945 1357 divini
1965 1339 2001 1357 us
2027 1339 2091 1358 non
2113 1330 2169 1359 du-

1178 1370 1264 1399 binm
1279 1376 1342 1405 est,
1367 1369 1452 1399 510111
1470 1368 1561 1399 Dens
1585 1369 1705 1410 inquit:
1734 1368 1991 1401 Contemnentes
2007 1382 2069 1409 me,
2095 1373 2168 1402 red-

1178 1413 1253 1443 dam
1277 1417 1497 1452 contemptos,

1265 1513 1412 1545 Econtra
1436 1524 1517 1544 vero
1538 1515 1611 1554 pios
1636 1525 1676 1545 ae
1691 1514 1868 1555 vig'lantcs
1882 1522 2050 1555 parentes,
2074 1528 2168 1557 prae-

1178 1565 1347 1599 ceptores,
1374 1563 1404 1587 et
1430 1559 1643 1599 magistratus
1668 1557 1771 1588 multa
1796 1559 1893 1589 docet
1924 1561 2102 1598 promissio
2127 1561 2169 1592 de

1178 1601 1365 1632 exercenda
1392 1600 1466 1637 11110.
1492 1611 1618 1641 eosque
1644 1612 1845 1641 magnopere
1869 1603 2053 1633 confirmat.
2101 1604 2169 1634 Ma-

1179 1655 1292 1686 gnum,
1328 1642 1480 1680 diffinite,
1511 1654 1745 1674 aerumnosum
1782 1652 1811 1675 ct
1837 1645 2059 1684 periculosum
2084 1657 2169 1677 onus

1178 1688 1340 1718 sustinent
1367 1688 1580 1727 magistratus
1606 1698 1741 1725 omnes,
1778 1688 1808 1717 in
1835 1699 1899 1729 quo
1924 1690 2087 1729 gerendo,
2113 1701 2168 1720 ex-

1178 1731 1339 1772 perientia
1363 1731 1472 1760 docuit
1498 1741 1638 1771 magnos
1663 1737 1692 1761 et
1708 1731 1894 1761 mediocres
1920 1742 2019 1773 rege<
2044 1743 2084 1763 ac
2110 1734 2167 1764 du-

1179 1785 1248 1811 ces,
1285 1774 1558 1815 gubernationem
1595 1784 1663 1804 rem
1695 1784 1771 1803 csw
1797 1784 1897 1815 snpra
1923 1775 2091 1806 bominum
2116 1787 2169 1807 sa-

1177 1817 1331 1858 pientiam
1356 1823 1385 1847 et
1411 1817 1500 1847 vites
1525 1818 1681 1858 positam,
1701 1828 1740 1847 ac
1766 1817 1827 1847 Dei
1853 1817 1975 1848 auxilio
2006 1820 2167 1860 indigere,

1178 1871 1243 1902 qua
1274 1860 1314 1890 de
1345 1871 1380 1890 re
1410 1866 1520 1889 extant
1551 1860 1743 1890 innumerae
1774 1862 1977 1899 sententiae,
2013 1864 2110 1893 etiam
2135 1864 2167 1892 ia

1177 1903 1327 1934 Ethnicis
1352 1903 1585 1943 scriptotibns,
1610 1904 1669 1934 sed
1696 1915 1760 1934 nos>
1778 1905 1953 1937 credamus
1968 1906 2167 1946 gravissimo

1176 1947 1365 1977 testimonio
1390 1946 1578 1986 B12ptistae:
1604 1947 1677 1977 Non
1699 1953 1808 1987 potest
1833 1949 1895 1978 >ihi
1915 1947 2014 1979 1101110
2035 1959 2167 1980 sumere

1177 1991 1364 2032 quicquam,
1390 1990 1451 2020 nisi
1475 1990 1504 2020 ei
1528 1991 1570 2020 sit
1595 1990 1705 2020 datum
1730 1991 1884 2031 desuper.

1263 2093 1429 2124 Exercent
1455 2093 1554 2133 igitur
1577 2094 1619 2133 pii
1646 2092 1862 2135 §lugimzittis
1886 2093 1997 2132 fidem,
2018 2105 2091 2126 cum
2112 2107 2166 2136 pe·
2199 2091 2203 2097 ²

1178 2142 1249 2168 tunt
1285 2142 1316 2167 et
1350 2142 1527 2177 expectant
1558 2147 1575 2167 a
1600 2136 1673 2166 Deo
1699 2136 1871 2168 consilium
1898 2144 1927 2167 et
1953 2138 2108 2169 auxilium
2134 2141 2166 2171 iu

1178 2186 1248 2211 tota
1271 2180 1522 2221 gubernatione.
1590 2180 1641 2210 Ac
1666 2188 1784 2211 norunt
1810 2182 1851 2222 pii
1873 2180 1935 2212 hoc
1961 2184 2164 2221 exercitium,

1179 2229 1209 2254 et
1234 2224 1341 2254 sciunt
1366 2222 1450 2253 hanc
1474 2223 1717 2254 invocationem
1744 2235 1807 2255 non
1830 2235 1905 2255 esse
1923 2226 2058 2264 irritam,
2078 2227 2168 2258 Sicut

1178 2265 1435 2308 pulcherrimum
1471 2265 1656 2308 exemplum
1682 2274 1769 2298 extat
1795 2269 1825 2298 2.
1852 2267 1957 2299 Paral
1983 2269 2036 2301 ⁶20.
2084 2269 2167 2300 Cum

1177 2311 1384 2352 ignoramuS,
1410 2310 1487 2351 quid
1512 2311 1677 2351 agendum
1702 2312 1754 2347 sit,
1778 2310 1842 2342 1100
1866 2322 1964 2342 unum
1989 2318 2104 2350 restat,
2132 2318 2168 2344 ut

1179 2352 1296 2384 oculos
1321 2359 1455 2384 nostros
1480 2353 1520 2383 ad
1542 2361 1572 2384 te
1597 2354 1786 2395 dirigamus
1845 2355 1953 2395 Saepe
1979 2362 2087 2386 autem
2111 2367 2167 2387 ac-

1179 2397 1271 2434 cidit,
1305 2402 1340 2427 ut
1370 2396 1690 2438 negotia'incidant,
1726 2408 1810 2439 quae
1841 2396 1990 2429 consiliis
2014 2398 2166 2430 humanis

1176 2439 1420 2471 inextricabilia
1455 2446 1543 2471 sunt.
1610 2441 1643 2471 111
1677 2440 1728 2471 his
1765 2451 1838 2471 011111
1873 2439 1984 2472 facere
2019 2440 2165 2474 osticium

1177 2494 1274 2515 suum
1292 2484 1508 2525 magistratus
1534 2484 1679 2521 student,
1714 2490 1746 2514 et
1770 2484 1834 2515 fide
1858 2483 2013 2515 auxilium
2038 2492 2166 2527 petunt,

1176 2528 1322 2558 sentiunt
1342 2538 1380 2558 se
1404 2525 1641 2564 iuvariaDeo,
1665 2528 1792 2558 etiamsi
1819 2535 1958 2559 eventus
1984 2540 2047 2560 non
2071 2540 2166 2570 pror-

1177 2580 1237 2601 sus
1271 2571 1396 2601 nostris
1420 2571 1676 2612 cogitationibus
1700 2571 1916 2612 respondent,
1941 2577 1976 2602 ut
1998 2581 2099 2613 supra
2124 2574 2166 2604 de

1177 2613 1314 2644 lonatlta
1338 2614 1460 2646 dictum
1483 2620 1546 2645 est.
1593 2613 1683 2645 Haec
1708 2620 1759 2645 est
1783 2625 1863 2646 vera
1875 2613 2011 2657 politica
2034 2616 2165 2658 sapien·
