2383 2990
170 130 234 162 617

603 127 660 159 Vl.
685 126 747 158 DE
770 124 990 158 ECCLESIA
1014 124 1070 156 ET
1094 123 1155 155 DE
1180 120 1467 154 AUTORITATE
1492 120 1628 152 VERBI
1652 119 1739 151 DEI.

2143 117 2208 149 618

259 223 452 262 Caeterum,
477 224 566 266 quod
591 222 739 254 Basilius
764 223 904 264 primum
927 221 1066 252 instituit
1089 229 1165 251 coe·
1188 220 1193 247 ἲ
1219 219 1380 261 virginem
1415 217 1574 254 Mariam,
1616 214 1733 247 solitas
1769 212 1984 246 circumferre
2018 212 2106 255 illius
2142 220 2209 243 sta-

171 275 227 300 tus
250 266 510 305 monachorum,
546 267 577 298 id
602 265 790 306 exemplum
815 265 947 302 nocuit,
983 272 1015 295 et
1040 263 1164 306 aliquid
1189 288 1193 306 ι

170 311 286 343 habuit
309 312 390 349 vitii,
412 312 540 342 etiamsi
559 312 630 351 ipse
654 311 792 351 primum
810 320 876 340 non
895 308 1009 347 habuit
1028 317 1164 339 crassas

172 355 442 397 superstitiones,
466 362 497 385 et
521 353 569 385 illi
594 361 711 385 coetus
736 352 843 384 adhuc
869 352 1029 393 quaedam
1054 352 1165 393 imago

171 406 266 430 erant
296 397 499 429 scholarum.

171 443 244 473 eius·
268 443 418 480 nomine,
448 442 502 483 qui
535 441 705 473 continent
730 437 880 481 Regulus
911 437 1165 475 Monachorum,

172 496 314 527 quorum
337 484 439 527 aliqui
463 484 551 516 haud
570 485 668 515 dubie
686 489 763 514 sunt
776 482 995 523 suppositio-ii,
1015 487 1046 512 et
1062 480 1165 522 longo

173 534 323 571 tempore
347 535 421 569 post
446 527 609 559 Basilium
628 527 706 558 nati.
754 526 838 557 Sunt
867 526 954 556 enim
987 523 1074 565 pleni
1103 522 1166 555 fal-

173 582 286 603 sarum
311 572 502 613 opinionum
527 572 568 602 de
593 569 772 607 coelibatu,
793 575 825 599 et
849 567 922 599 aliis
947 567 1091 599 cultibus
1110 578 1166 598 ex·

174 616 331 657 cogitatis
357 616 429 645 sine
453 615 610 645 mandato
641 613 721 651 Dei,
753 619 784 643 et
814 613 984 643 continent
1006 609 1166 642 ridiculas

176 668 286 700 nugas
295 681 304 697 ,
338 664 374 690 ut
401 668 558 699 magnum
587 667 745 688 acervum
780 665 964 697 poenarum
988 665 1047 685 seu
1071 655 1168 685 satis-

173 701 368 738 factionum,
393 712 478 743 quas
503 706 602 732 vocat
626 703 773 739 ἐπιτίμια,
797 700 826 730 si
851 698 957 729 riserit
992 696 1104 739 puella
1134 698 1168 728 in

174 744 298 783 choro,
332 746 450 776 sedeat
480 745 580 775 biduo
606 744 638 774 in
665 741 852 780 vestibulo,
885 749 915 773 et
941 741 1066 772 similes
1090 752 1168 772 nae-

173 789 267 826 nias,
293 799 377 830 quas
401 788 430 818 si
454 789 527 829 quis
551 785 653 818 vellet
677 796 842 818 renovare
865 785 1081 817 admiratione
1110 795 1169 815 an-

173 832 345 874 tiquitatis,
368 841 449 863 vere
472 831 643 862 insaniret.

370 1024 435 1064 De
470 1023 668 1078 Gregorio
701 1022 971 1062 Nazianzeno.

263 1133 500 1165 Nazianzenus
524 1132 678 1164 tractavit
714 1130 890 1163 articulum
925 1130 965 1161 de
999 1129 1170 1168 Trinitate,

174 1177 252 1209 Alia
289 1178 449 1220 dogmata
473 1176 592 1208 leviter
616 1176 757 1217 attingit.

173 1221 301 1263 priani,
332 1223 364 1252 in
402 1231 467 1262 qua
492 1226 624 1258 narrat,
655 1219 820 1261 quandam
848 1217 996 1260 puellam
1026 1224 1170 1249 amatam

175 1275 252 1296 esse
277 1275 296 1295 a
316 1264 486 1306 Cypriano
512 1269 589 1294 ante
605 1264 872 1300 conversionem,
897 1272 984 1302 quae
1008 1261 1170 1292 invocans

173 1307 315 1339 Mariam
340 1309 515 1350 virginem,
539 1307 655 1338 vicerit
679 1307 826 1348 magicas
847 1305 1090 1336 incantationes
1105 1303 1170 1346 Cy-

173 1362 289 1392 priam.

261 1437 335 1468 Hoc
360 1435 547 1478 exemplum
573 1437 691 1467 citatur
722 1436 763 1466 de
793 1435 1004 1466 invocatione
1028 1434 1170 1465 Sancto-
1193 1440 1196 1445 ’

173 1491 255 1513 rum.
303 1480 375 1512 Etsi
410 1488 519 1511 autem
556 1481 687 1510 videtur
724 1490 800 1510 esse
844 1480 922 1509 licta
957 1476 1099 1516 sabella,
1137 1484 1169 1508 et

172 1531 293 1566 postea
316 1535 438 1566 sparsa
462 1523 788 1560 tituloNazianzeni‚
814 1529 923 1553 tamen
945 1522 1074 1553 etiamsi
1088 1532 1170 1553 vera

177 1574 270 1599 esset
289 1568 442 1605 historia,
467 1578 533 1598 non
559 1575 609 1598 est
625 1567 768 1597 citanda
792 1566 832 1597 ad
849 1566 1109 1596 confirmandam
1124 1566 1170 1596 in-

174 1612 386 1643 vocationem
411 1611 632 1647 Sanctorum‚
668 1609 751 1641 Nam
786 1620 918 1640 errores
942 1610 1072 1650 piorum
1103 1619 1171 1639 non

174 1661 253 1686 sunt
283 1655 472 1697 opponendi
509 1656 614 1685 verbo
639 1653 722 1691 Dei,
760 1660 791 1683 et
824 1654 978 1684 omnihus
1003 1652 1171 1683 aetatibus
1195 1692 1199 1698 Ι

175 1699 272 1729 etiam
296 1699 339 1740 pii
363 1700 396 1730 in
422 1697 576 1729 Ecclesia
600 1696 723 1728 habent
748 1707 829 1727 suas
853 1696 1071 1727 infirmitates.

267 1783 425 1826 Allegant
449 1785 546 1815 etiam
571 1794 611 1814 ex
626 1781 754 1814 Basilio
780 1788 811 1814 et
832 1782 1058 1820 Nazianzeno,
1082 1783 1171 1823 quod

174 1827 207 1858 in
232 1826 299 1859 fine
322 1829 522 1859 concionum
553 1828 594 1858 de
619 1827 772 1864 Sanctis,
807 1823 1001 1857 solent'eos
1027 1825 1171 1867 compel-

175 1870 263 1901 lare:
288 1871 316 1901 Ο
347 1871 513 1902 Athanasi
545 1882 603 1902 ora
627 1881 688 1912 pro
714 1871 819 1901 nobis.
868 1869 940 1900 Etsi
970 1875 1081 1900 autem
1106 1869 1171 1900 hae

174 1914 416 1956 Apostrophae
449 1925 490 1945 ex
525 1913 717 1945 Rhetoricis
752 1912 870 1956 figuris
905 1913 1058 1944 excusari
1093 1923 1171 1954 pos-

174 1964 265 1995 sunt,
290 1964 398 1989 tamen
423 1957 493 1989 fieri
517 1964 641 1999 potest,
666 1964 699 1988 ut
724 1968 816 1988 more
841 1957 892 1988 sui
912 1956 1071 1997 temporis
1091 1962 1170 1987 tunc

174 2001 405 2032 invocaverint
440 2001 605 2039 Sanctos,
640 2001 723 2032 Nam
764 2000 932 2031 invocatio
967 2000 1169 2031 Sanctorum

173 2044 334 2086 paulatim
365 2051 443 2076 tunc
484 2045 516 2076 in
550 2043 740 2076 Ecclesiam
775 2044 924 2085 irrepsit,
958 2042 999 2074 Et
1034 2053 1168 2074 errores

175 2094 359 2129 temporum
383 2088 519 2120 trahunt
549 2089 712 2126 homines,
747 2094 782 2119 ut
818 2088 939 2119 usitata
969 2087 1077 2118 minus
1112 2087 1168 2118 im-

174 2133 331 2173 probent,
357 2137 388 2162 ct
412 2130 693 2169 boniconsulant‚
718 2131 811 2163 Sicut
835 2131 977 2172 impetus
998 2130 1169 2162 fluminum

175 2186 289 2207 secum
313 2176 399 2216 rapit
433 2175 644 2216 navigantes.
690 2175 763 2206 Nec
799 2182 907 2206 tamen
943 2174 1019 2205 ideo
1050 2184 1169 2215 appro-

174 2219 285 2250 banda
310 2226 361 2249 est
385 2219 554 2250 invocatio
568 2217 781 2249 Sanctorum.
816 2220 867 2249 Ac
890 2224 1071 2259 postquam
1096 2227 1169 2247 mos

174 2263 292 2300 crevit„
318 2268 350 2293 et
375 2263 436 2293 iam
462 2268 589 2293 retecta
614 2268 664 2292 est
689 2262 851 2302 impietas,
875 2271 1017 2302 prorsus
1042 2271 1083 2291 ex
1107 2259 1169 2291 Ec-

175 2304 280 2337 clesia
316 2305 388 2337 tolli
423 2306 531 2337 debet.
588 2305 659 2335 ‘Nec
692 2304 841 2336 Basilius
878 2305 919 2335 de
960 2304 1170 2335 invocatione

175 2350 352 2391 quicquam
388 2349 483 2387 dicit,
529 2354 658 2379 tantum
698 2349 741 2380 ait
778 2347 943 2380 celebrari
978 2348 1170 2379 memoriam

175 2392 390 2431 Sanctorum,
415 2400 449 2424 ut
473 2403 588 2423 eorum
614 2393 755 2423 virtutes
779 2393 952 2423 imitemur.
999 2390 1041 2421 Et
1070 2398 1170 2422 vocat

176 2436 324 2467 Sanctus
359 2437 528 2468 adiutores
563 2446 699 2476 precum
734 2442 944 2473 nostrarum,
978 2444 1046 2466 non
1081 2435 1169 2476 quod

176 2480 241 2511 sint
265 2481 457 2517 invocandi,
480 2480 539 2510 sed
565 2480 641 2521 quia.
665 2489 780 2510 omnes
805 2480 892 2510 beati
912 2479 943 2510 in
964 2476 1059 2510 coelo
1074 2484 1171 2509 orant

176 2534 237 2565 pro
261 2522 429 2561 Ecclesia,
454 2530 485 2554 et.
508 2533 581 2554 eam
604 2521 679 2554 Deo
705 2523 947 2554 commendant.

241 2610 448 2652 Epiphanius
473 2610 588 2641 scribit
612 2608 767 2641 mulieres
791 2610 954 2652 quasdam
974 2609 1170 2640 invocantes

546 396 833 429 Circumleruntur
864 401 897 426 et
927 394 1000 425 libri
1031 394 1165 436 quidam
1189 405 1192 413 ·

805 1174 945 1215 Scripsit
975 1174 1076 1205 vitam
1106 1173 1170 1216 Cy·
1194 1207 1198 1212 ⁸

1193 1216 1198 1283 Ι
1225 1222 1286 1247 est.

1193 1286 1198 1300 δ

1219 269 1318 293 tuam.
1364 261 1438 292 Hoc
1461 267 1564 292 totum
1588 259 1757 301 negotium
1781 258 1926 295 damnat,
1957 264 1987 288 et
2011 263 2109 288 vocat
2140 257 2209 287 ido-

1219 304 1407 336 lolatricum
1431 314 1527 346 opuS.
1575 302 1729 334 Continet
1753 302 1839 333 enim
1857 300 2063 343 Epiphanius
2086 299 2209 331 resuta-

1219 350 1327 380 tiones
1352 354 1501 379 veterum
1525 347 1730 383 haeresium,
1766 345 1946 386 praecipue
1971 345 2012 375 dc
2035 343 2207 383 Trinitate,

1220 398 1251 423 et
1275 394 1390 433 paucis
1414 390 1488 422 aliis
1523 390 1689 428 materiis,
1726 400 1823 431 quem
1854 389 1987 430 quidem
2011 387 2209 418 historicum

1219 436 1398 478 praecipue
1422 433 1600 477 legendum
1625 444 1701 465 esse
1726 443 1858 464 censeo.

1514 661 1579 701 De
1614 660 1918 714 Chrysostomo.

1311 779 1545 822 Chry-sostomi
1570 784 1662 814 aetas
1693 777 1814 808 multos
1847 777 1910 808 iam
1934 777 2076 809 vitiosos
2102 787 2212 807 mores

1222 829 1408 865 receperat,
1443 834 1528 865 quos
1553 823 1625 864 ipse
1650 832 1852 859 remensem,
1885 831 1952 852 non
1987 819 2213 862 reprehendit,

1223 868 1317 899 Sicut
1342 866 1457 898 laudat
1481 867 1643 897 adeuntes
1669 866 1868 896 monimenta
1893 864 2111 901 Sanctorum,
2136 862 2215 894 facit

1223 918 1256 942 et
1285 911 1484 942 mentionem
1516 910 1677 940 orationis
1712 919 1772 950 pro
1797 909 1946 939 mortuis.
1993 907 2214 938 Monasticam

1222 954 1407 985 immodicis
1432 959 1463 984 et
1487 951 1583 984 falsis
1608 951 1763 983 laudibus
1788 958 1895 983 ornat.
1941 951 1977 982 ln
2008 956 2151 982 tractatu
2175 951 2217 982 de

1223 997 1424 1040 poenitentia
1452 1008 1525 1028 cum
1562 994 1687 1037 colligit
1715 994 1838 1027 multos
1862 995 1981 1026 modos
2007 1004 2216 1036 consequen·

1225 1043 1288 1073 dae
1313 1041 1519 1072 remissionis
1545 1046 1776 1082 peccatorum,
1807 1037 1935 1070 scilicet
1970 1037 2216 1080 eleemosynas,

1223 1084 1405 1127 lacrymas,
1429 1090 1461 1115 et
1483 1083 1548 1115 alia
1573 1094 1686 1125 opera,
1711 1089 1821 1114 tamen
1846 1093 1913 1113 non
1927 1080 2005 1113 facit
2019 1082 2216 1113 mentionem

1224 1128 1317 1167 fidei,
1354 1129 1394 1159 de
1419 1139 1482 1170 qua
1506 1127 1652 1168 oportuit
1677 1127 1758 1164 dici,
1786 1126 1837 1156 Ac
1862 1127 2021 1167 scriptum
2045 1124 2126 1156 illud
2150 1123 2217 1166 ple-

1224 1182 1328 1214 raque
1363 1170 1449 1203 falsa
1474 1171 1639 1208 continet,
1675 1177 1708 1201 et
1745 1168 1921 1201 confusum
1952 1180 1992 1200 ac
2022 1168 2217 1211 perplexum

1313 1310 1436 1342 Graeci
1466 1310 1608 1341 maxime
1638 1307 1860 1340 laudaverunt
1891 1308 2153 1339 commentarios
2183 1308 2216 1339 in

1223 1353 1375 1392 Paulum,
1400 1355 1454 1385 ubi
1474 1354 1504 1384 in
1531 1352 1616 1384 locis
1641 1354 1681 1383 de
1705 1352 1937 1383 iustificatione
1962 1358 1991 1382 et
2018 1352 2059 1383 de
2083 1351 2148 1382 fide
2167 1362 2218 1382 se—

1224 1399 1290 1429 ries
1303 1397 1464 1429 Paulinae
1488 1397 1721 1439 disputationis
1743 1396 1875 1426 deducit
1895 1406 1967 1426 eum
1992 1405 2044 1433 e0,
2069 1401 2102 1426 ut
2116 1405 2218 1436 saepe

1223 1447 1353 1483 repetat
1376 1441 1463 1473 hanc
1488 1441 1702 1483 sententiam,
1739 1440 1837 1475 Quod
1874 1438 1937 1469 fide
1974 1449 2219 1480 consequamur

1224 1486 1455 1516 remissionem
1495 1492 1712 1526 peccatorum
1753 1490 1890 1525 propter
1925 1481 2112 1520 Christum,
2152 1493 2220 1513 non

1223 1535 1361 1571 propter
1395 1539 1509 1570 opera.
1556 1527 1594 1558 Et
1633 1527 1757 1558 diserte
1788 1527 1882 1564 dicit,
1913 1526 1993 1557 Fide
2018 1537 2084 1557 non
2109 1525 2218 1557 solum

1225 1572 1317 1614 diligi
1342 1571 1471 1610 Deum,
1498 1573 1558 1603 sed
1583 1571 1729 1602 vicissim
1755 1571 1932 1601 credentes
1957 1571 2098 1608 sentiae,
2129 1570 2219 1611 quod

1225 1627 1245 1648 a
1267 1616 1342 1648 Deo
1367 1615 1561 1658 diligantur,
1586 1625 1777 1656 quanquam
1802 1613 1912 1645 multis
1937 1614 2045 1645 modis
2069 1613 2116 1644 rei
2141 1614 2216 1644 sint.

1312 1720 1347 1751 ln
1371 1719 1437 1751 hac
1460 1721 1626 1750 sententia
1650 1720 1734 1750 satis
1754 1716 1953 1761 significarit
1973 1728 2010 1749 se
2030 1716 2220 1759 intelligere

1225 1764 1335 1802 fidem,
1359 1774 1426 1794 non
1450 1770 1576 1794 tantum
1601 1763 1642 1793 de
1665 1763 1782 1793 notitia
1808 1762 1978 1800 historiae,
2003 1762 2118 1792 sedde
2138 1762 2218 1792 fidn-

1226 1809 1288 1845 cia,
1312 1818 1376 1849 qua
1400 1807 1567 1838 credimus
1589 1807 1687 1837 nobis
1712 1807 1829 1837 remitti
1854 1812 2006 1847 peccata,
2032 1811 2062 1835 et
2088 1806 2219 1846 quidem

1224 1850 1312 1882 hanc
1336 1850 1434 1881 fidem
1459 1851 1618 1882 discernit
1642 1852 1683 1881 ab
1709 1851 1883 1890 operibus,
1918 1859 1938 1880 a
1961 1859 2028 1880 non
2063 1848 2218 1886 furando,

1224 1906 1290 1926 non
1315 1895 1499 1926 occidendo
1519 1900 1581 1925 etc.
1607 1901 1640 1924 et
1664 1894 1741 1925 dicit
1765 1893 1855 1924 hunc
1873 1891 1996 1924 cultum
2011 1893 2217 1933 superiorem

1224 1948 1310 1969 esse.
1358 1938 1555 1979 Quanquam
1586 1945 1694 1968 autem
1731 1938 1805 1968 eius
1838 1937 2006 1967 enarratio
2038 1934 2220 1977 simplicior

1223 1988 1274 2013 est
1298 1988 1329 2013 et
1352 1982 1462 2013 minus
1491 1982 1638 2022 impura,
1663 1991 1760 2023 quam
1786 1979 1982 2022 Origenica,
2013 1986 2122 2010 tamen
2146 1980 2219 2020 ipsa

1223 2035 1356 2067 quoque
1381 2031 1434 2056 est
1458 2026 1621 2063 obscura,
1655 2035 1719 2056 nec
1743 2024 1865 2066 ubique
1894 2033 2007 2054 secum
2036 2024 2111 2064 ipsa
2140 2033 2219 2054 con—

1222 2070 1332 2100 sentit.

1311 2172 1346 2203 ln
1371 2172 1401 2203 7.
1415 2171 1496 2213 Cap.
1521 2170 1655 2214 longius
1681 2172 1785 2203 currit
1809 2177 1904 2202 extra
1928 2176 2035 2212 septa,
2059 2170 2113 2201 Ait
2139 2180 2217 2201 con-

1224 2216 1465 2258 cupiscentiam
1501 2222 1530 2247 ct
1566 2215 1726 2254 affectus,
1769 2215 1833 2246 nisi
1873 2215 2004 2256 pariant
2044 2221 2217 2245 externum

1223 2270 1320 2301 opus,
1356 2269 1421 2290 non
1458 2269 1536 2290 esse
1570 2265 1722 2300 peccata.
1769 2259 1835 2289 Sed
1859 2264 1989 2295 tamen,
2024 2258 2052 2288 si
2077 2258 2151 2299 quis
2171 2264 2217 2288 at-

1221 2310 1311 2335 tente
1336 2310 1368 2333 et
1388 2313 1462 2334 cum
1483 2303 1602 2334 iudicio
1624 2301 1711 2343 leget
1725 2304 1984 2333 commentarios
1998 2299 2087 2338 illos,
2111 2300 2214 2332 multa

1222 2348 1368 2379 inveniet
1387 2347 1575 2377 testimonia
1602 2346 1779 2377 multorum
1804 2344 2029 2377 articulorum.
2059 2344 2101 2375 Et
2114 2355 2217 2386 quan-

1223 2402 1322 2433 quam
1346 2396 1424 2421 tunc
1455 2390 1487 2420 in
1512 2387 1667 2421 Ecclesia
1691 2388 1802 2431 caligo
1826 2387 1905 2426 fuit,
1939 2394 2048 2419 tamen
2079 2394 2216 2429 apparet

1223 2435 1402 2466 retinuisse
1434 2433 1616 2475 plerosque
1649 2433 1737 2463 hanc
1772 2443 1980 2464 communem
2004 2432 2215 2469 sententiam,

1224 2478 1322 2514 Quod
1359 2477 1421 2508 [ide
1452 2484 1590 2519 propter
1621 2476 1808 2514 Christum,
1843 2486 1908 2506 non
1937 2482 2075 2518 propter
2099 2486 2214 2516 opera,

1223 2523 1366 2554 donetur
1397 2521 1549 2552 remissio
1574 2526 1800 2560 peccatorum.
1846 2519 1924 2550 Ideo
1954 2520 2018 2550 etsi
2051 2519 2214 2550 interdum

1223 2567 1330 2597 minus
1364 2565 1537 2596 commode
1561 2563 1742 2605 loquuntur
1773 2569 1923 2601 veteres,
1952 2569 2061 2594 tamen
2086 2562 2118 2593 in
2144 2561 2216 2593 aliis

1222 2608 1320 2646 locis,
1345 2609 1422 2652 quid
1446 2619 1482 2640 re
1506 2609 1580 2649 ipsa
1604 2605 1780 2646 voluerint,
1803 2607 2023 2638 animadverti
2047 2612 2170 2648 potest.
