2383 2990
156 125 199 157 81

837 119 875 150 n.
921 118 1111 150 EXAMEN
1135 115 1515 149 ORDINANDORUM.

159 225 193 251 et
215 218 376 255 laetatur,
399 227 475 248 cum
499 216 563 255 iam
590 225 713 246 aurora
740 213 849 246 lucem
879 224 1041 256 spargere
1069 214 1150 244 inci-
1175 213 1179 253 Ι

157 263 220 304 pit:
244 261 293 292 lta
316 270 431 291 0111085
451 260 493 300 1111
509 259 696 301 cogitantes
719 259 750 289 in
772 257 914 300 caligine
930 258 1027 288 110105
1051 257 1150 294 vitae,
1175 256 1179 289 l
1203 265 1265 286 vos
1289 254 1389 285 Pilius
1409 253 1611 293 liberaverit,
1636 265 1715 285 vere
1739 254 1834 284 liberi
1858 253 1960 284 eritis.

159 303 268 347 qualis
292 305 335 335 sit
347 303 454 341 Deus,
479 309 511 333 et
530 301 639 344 qualis
663 302 706 333 sit
729 302 896 332 distinctio
917 300 1150 338 Personarum,

158 348 300 380 maxime
323 352 483 389 expetunt
507 344 631 376 clarum
656 350 875 386 conspectum
900 345 931 374 in
950 342 1059 374 altera
1072 343 1149 373 vita.

159 394 253 424 ltem:
278 390 362 426 Quia
387 390 541 430 sentiunt,
565 399 603 420 se
634 389 742 419 adhuc
774 385 989 419 circumferre
1014 387 1150 416 immun-

160 435 276 466 diciem
300 435 332 465 in
355 433 420 465 hac
451 433 537 471 vita,
571 442 656 474 quae
680 429 835 472 displicet
858 430 950 468 Deo,
974 428 1150 467 laetantur,

161 489 235 510 cum
269 478 381 509 sciunt
405 477 439 507 in
472 483 579 507 morte
607 476 668 506 has
703 474 844 505 exuvias
875 473 1060 504 immundas
1095 472 1151 502 118-

160 532 252 564 poni.

248 598 341 630 Haec
366 597 481 628 decem
507 596 616 636 capita
642 593 883 625 consolationis<
915 594 981 624 sint
1010 593 1042 624 in
1073 603 1151 623 con-

162 648 292 684 spectu,
323 651 409 683 quae
433 641 505 670 sine
529 637 597 669 ulla
621 638 824 669 dubitatione
847 638 909 678 ptis
928 642 1078 677 prosunt.
1109 635 1152 666 Et

163 686 218 728 qui
242 696 281 716 ea
305 684 481 726 diligenter
502 682 772 719 considerabunt,
798 679 985 721 intelligent
1008 691 1048 710 ex
1063 680 1152 710 veris

164 729 276 760 causis
301 734 432 768 sumpta
456 736 544 763 esse,
571 723 736 762 videlicet,
763 734 802 755 ex
830 723 919 764 Lege
943 731 974 755 et
998 723 1152 763 Evange-

162 771 226 809 lto,
252 777 283 802 et
305 770 542 811 amplissimam
567 768 607 798 de
630 766 770 809 singulis
795 768 979 798 doctrinam
1009 768 1041 797 in
1072 767 1153 797 scri-

162 815 228 857 ptis
252 813 461 854 Propheticis
484 818 517 843 et
535 810 742 852 Apostolicis
767 811 972 852 propositam
992 819 1080 841 8558.

251 891 321 922 Erit
352 897 384 922 et
414 889 498 921 haec
528 889 752 920 consideratio
784 894 895 930 grata,
932 887 1045 918 videre
1074 896 1155 927 qno-

165 936 265 967 modo
295 932 473 965 antecellat
505 933 535 963 in
568 933 630 963 hac
665 938 757 962 tanta
788 942 822 962 re
853 931 1004 961 doctrina
1040 928 1155 960 Eccle-

165 979 237 1009 siae
262 978 415 1009 remediis
436 975 705 1017 Philosophicis,
730 985 816 1016 quae
839 984 904 1005 non
930 973 1049 1005 tollunt
1078 984 1155 1014 pec-

165 1027 274 1053 catum
294 1028 326 1051 et
351 1026 499 1051 mortem.

253 1098 484 1130 Cet-tissimum
509 1097 551 1128 sit
575 1103 701 1134 autem,
727 1094 912 1126 efficaciam
936 1096 1053 1126 harum
1079 1104 1157 1125 8011-

164 1141 367 1174 solationum
392 1141 534 1181 experiri
559 1149 744 1171 conversos
769 1139 810 1169 ad
824 1138 932 1169 Deum
957 1139 986 1168 in
1009 1148 1086 1169 vera
1111 1138 1157 1167 in-

165 1186 360 1222 vocatione,
385 1185 475 1215 iuxta
499 1184 639 1214 dictum:
670 1185 791 1213 lnvoca
815 1192 866 1212 me
890 1182 920 1211 in
946 1182 997 1212 die
1021 1179 1157 1212 tribula-

165 1229 276 1266 tionis,
302 1234 333 1258 81
353 1228 488 1268 eripiam
512 1233 555 1264 te,
580 1232 612 1257 et
636 1224 843 1268 glorificabis
868 1234 930 1255 me.

252 1299 349 1329 item:
374 1295 491 1334 Petite,
515 1301 546 1326 et
565 1295 747 1335 accipietis,

205 1408 213 1416 ¹
252 1367 348 1396 ltem:
373 1364 466 1395 Facit
489 1362 633 1394 alienum
656 1372 754 1403 opus,
779 1367 816 1393 ut
845 1360 948 1392 faciat
972 1371 1058 1403 opus
1082 1372 1157 1403 pro-

164 1417 281 1450 prium.

252 1573 327 1614 DE
361 1571 716 1614 CHRISTIANA
749 1570 1077 1612 LIBERTATE.

166 1703 280 1753 Quot,
316 1709 412 1743 sunt
452 1702 603 1757 gradus
644 1702 897 1743 Christianae
937 1700 1160 1740 libertatis?

253 1811 406 1842 Docendi
422 1821 525 1842 causa
549 1811 674 1853 gradus
698 1810 944 1851 distinguimus,
967 1816 999 1840 et
1023 1809 1162 1850 primum

167 1856 209 1887 (le
238 1856 371 1886 nomine
407 1865 593 1885 monemus.
640 1853 723 1885 Cum
753 1851 908 1884 Ecclesia
938 1853 969 1883 in
1001 1852 1064 1883 1138
1095 1853 1161 1883 vita

166 1898 276 1930 adhuc
300 1896 511 1929 circumferat
535 1902 687 1939 peccata,
711 1903 743 1927 et
767 1897 809 1927 sit.
832 1897 984 1927 subiecta
1010 1897 1105 1927 morti
1130 1901 1162 1926 et

167 1942 272 1979 cruci,
297 1948 330 1972 et
349 1940 517 1983 affligatur
537 1939 733 1978 aDiabolis,
757 1939 934 1981 Tyn-annis,
959 1946 989 1969 et
1009 1937 1162 1969 fanaticis

166 1984 375 2022 hominibus,
409 1991 442 2015 et
466 1985 497 2015 in
522 1983 670 2025 Imperiis
695 1993 860 2024 oppressa
885 1983 927 2013 sit
952 1982 1036 2013 tristi
1059 1983 1162 2013 servi-

167 2035 256 2067 tute,
288 2028 417 2059 videtur
440 2026 596 2059 Ecclesia
625 2025 714 2058 falso
738 2033 771 2057 et
800 2025 902 2056 stulte
927 2024 1014 2056 hanc
1037 2023 1162 2067 glorio-

167 2081 241 2103 sam
263 2070 521 2113 appellationem
546 2069 710 2102 libertatis
734 2070 797 2101 sibi
822 2069 978 2100 tribuere.

256 2139 325 2170 Sed
348 2140 506 2171 intuenda
529 2146 579 2170 est
603 2140 744 2181 primum
763 2144 994 2170 consummata
1013 2136 1163 2176 libertas,

170 2193 244 2213 cum
267 2188 344 2223 post
366 2184 648 2214 resurrectionem
665 2182 761 2213 Deus
785 2182 848 2218 erit
872 2182 981 2213 omnia
1004 2182 1035 2212 in
1061 2183 1163 2212 omni-

169 2227 233 2257 bus
258 2225 415 2263 salvatis,
450 2226 482 2256 id
506 2232 575 2264 est,
611 2236 685 2257 cum
708 2223 864 2256 Ecclesia
888 2225 977 2256 vivet.
1008 2225 1074 2256 vita
1103 2235 1163 2255 ae-

169 2275 276 2306 terna,
301 2274 333 2299 et
362 2267 503 2311 fulgebit
531 2270 563 2299 in
593 2279 632 2300 ea
662 2268 755 2300 Deus
787 2269 875 2309 ipse,
912 2268 1162 2299 communicans

170 2322 265 2343 suam
288 2310 414 2350 lucem,
439 2313 652 2352 sapientiam,
677 2312 852 2350 iustitiam,
877 2310 1031 2342 laetitiam
1056 2318 1163 2342 aeter·

169 2366 257 2393 nam,
282 2355 356 2386 sine
378 2361 530 2397 peccato,
556 2355 628 2386 51118
650 2361 769 2393 morte,
793 2356 866 2387 51118
890 2354 966 2386 ullis
992 2353 1162 2386 calamita-

170 2399 270 2430 tibus.

258 2467 353 2498 Hanc
392 2472 653 2498 consummatam
686 2465 873 2498 libertatem
915 2467 1082 2498 intuentes
1116 2466 1162 2497 in—

171 2510 361 2553 telligemus
385 2517 566 2552 utcunque,
598 2510 664 2542 hoc
695 2509 862 2542 vocabulo
886 2521 1007 2552 magna
1032 2516 1063 2540 et
1082 2519 1163 2540 vera

170 2555 260 2585 bona
282 2553 475 2596 significari.
516 2554 585 2585 Sed
609 2560 719 2585 tamen
743 2553 892 2585 inchoari
916 2553 1002 2584 hacc
1026 2559 1164 2584 aeterna

170 2598 261 2630 bona
289 2598 321 2629 in
347 2597 410 2629 hac
433 2597 565 2628 mortali
594 2598 662 2629 vita
690 2603 834 2638 oportet.
886 2596 928 2628 Et
957 2597 998 2628 de
1027 2596 1163 2627 inchoa·

327 2666 475 2685 MELANrt-ti
491 2666 572 2686 OPER*
588 2666 650 2686 voL.
667 2666 750 2685 xxnl.

2143 114 2188 147 82

1203 212 1292 242 tione
1324 217 1357 242 et
1388 211 1671 243 consummatione
1701 211 1824 242 dictum
1853 215 1906 241 est
1933 208 2048 241 lohan.
2076 208 2105 242 8,
2152 208 2190 241 Si

1290 332 1427 363 Liberat
1460 338 1568 362 autem
1597 330 1699 362 Filius
1734 331 1798 362 Dei
1834 330 2025 371 dupliciter:
2072 327 2191 360 Merito

1204 381 1236 427 et
1259 374 1440 449 lefficacia„
1472 375 1556 405 Hinc
1586 381 1661 406 sunt
1695 381 1839 417 quatuor
1872 374 1997 415 gradus
2030 371 2192 403 libertatis

1203 430 1235 450 111
1271 429 1323 449 138
1347 424 1424 449 vita.

1291 495 1313 528 1.
1348 496 1478 526 Primus
1502 501 1554 526 est
1578 494 1704 532 Gratia,
1728 495 1760 525 id
1784 501 1845 531 est,
1870 494 2038 525 Liberatio
2058 492 2195 533 aLege,

1205 545 1235 570 et
1259 550 1279 569 a
1304 539 1579 569 condemnatione
1603 545 1755 575 aeterna,
1794 538 1883 579 quod
1914 536 2070 568 videlicet
2101 541 2195 566 certo

1205 583 1324 613 dantur
1347 582 1499 612 remissio
1524 587 1756 621 peccatorum,
1787 579 2034 617 reconciliatio,
2057 580 2195 620 imputa-

1204 627 1250 656 tio
1274 626 1418 656 institiae
1442 632 1576 665 propter
1601 623 1835 660 Mediatorem‚
1867 624 1988 665 gratis,
2019 622 2102 660 fide,
2132 631 2198 663 qua

1205 669 1240 699 fit
1266 668 1444 699 vivificatio
1477 674 1507 697 et
1539 667 1691 698 liberatio
1716 668 1757 697 ab
1782 673 1915 697 aeterna
1938 666 2060 704 Morte,
2085 671 2118 696 et
2141 665 2198 696 110·

1205 719 1303 743 natur
1326 711 1516 742 haereditas
1536 711 1622 741 vitae
1647 717 1809 741 aeternae.

1295 789 1332 820 11.
1379 788 1556 820 Secundus
1581 788 1707 829 gradus
1732 794 1784 818 est
1813 798 1886 818 cum
1916 787 2027 828 priore
2061 786 2199 817 coniun-

1208 839 1295 871 ctus,
1327 831 1496 863 xidelicet:
1522 831 1654 862 Donum
1686 841 1746 872 per
1776 831 1935 872 gratiam,
1970 830 2003 860 id
2032 835 2103 867 est,
2127 827 2200 859 Filii

1208 876 1358 907 efficacia
1394 877 1425 906 in
1457 875 1671 906 credentibus
1705 884 1766 915 per
1800 871 2038 915 Evangelium,
2074 878 2106 903 et
2141 882 2201 912 per

1209 921 1364 961 Spiritum
1400 925 1569 956 sanctum,
1606 928 1691 959 quae
1720 916 1875 949 efficacia
1909 924 1961 947 est
1996 915 2200 953 vivificatio,

1208 965 1240 994 id
1265 969 1328 999 est,
1352 961 1539 992 consolatio
1565 967 1595 991 et
1621 961 1788 991 inchoatio
1814 961 1902 991 vitae
1920 966 2088 996 aeternae,
2111 959 2203 989 iuxta

1210 1007 1275 1038 hoc
1290 1007 1428 1037 dictum:
1456 1005 1545 1036 llaec
1569 1010 1619 1035 est
1634 1005 1699 1035 vita
1723 1010 1870 1041 aeterna,
1900 1010 1935 1034 ut
1958 1008 2148 1045 agnoscant
2172 1007 2204 1032 18

1210 1050 1318 1081 1)80111
1346 1059 1481 1086 verum,
1516 1054 1547 1079 et
1583 1058 1680 1089 quem
1715 1047 1831 1078 misisti
1866 1047 1974 1078 1850111
2005 1056 2082 1077 8558
2112 1044 2203 1076 Chri-

1210 1100 1306 1124 stum.

1298 1170 1359 1201 Est
1393 1176 1424 1200 81
1455 1168 1623 1199 inchoatio
1652 1178 1761 1199 novae
1792 1167 2020 1205 obedientiae,
2054 1173 2086 1197 et
2109 1166 2205 1197 Dens

1211 1223 1374 1255 praesens
1398 1223 1457 1253 per
1482 1211 1598 1243 Filium
1628 1217 1661 1242 et
1691 1211 1846 1252 Spiritum
1877 1217 2027 1241 sanctum
2051 1209 2206 1240 mirabili·

1210 1264 1261 1288 ter
1285 1257 1386 1297 regit,
1421 1262 1534 1286 servat
1557 1262 1589 1286 et
1613 1253 1760 1285 defendit
1784 1253 1988 1292 Ecclesiam,
2024 1259 2057 1284 et
2080 1253 2207 1294 mitigat

1213 1299 1429 1331 calamitates.
1480 1298 1522 1329 Ut
1562 1298 1626 1329 hoc
1659 1298 1765 1339 gradu
1795 1297 1957 1328 libertatis
1998 1295 2092 1327 liberi
2129 1301 2207 1326 sunt

1213 1350 1282 1374 tres
1317 1343 1377 1374 viri
1412 1344 1442 1372 in
1474 1342 1611 1373 fornace
1636 1340 1863 1382 Babylonica,
1898 1341 1953 1382 qui
1983 1340 2046 1371 etsi
2073 1339 2206 1370 suntin

1213 1386 1328 1417 mediis
1364 1385 1521 1421 (lautitiis,
1556 1391 1665 1416 tamen
1698 1394 1763 1414 non
1793 1390 1943 1415 uruntur.
1991 1382 2048 1414 Sic
2073 1392 2206 1423 semper

1212 1428 1367 1460 Ecclesia
1386 1427 1579 1459 mirabiliter
1607 1428 1691 1458 inter
1715 1428 1842 1458 medias
1864 1427 2016 1458 flammas
2039 1432 2205 1457 servatur.

1301 1514 1341 1545 Hi
1379 1515 1445 1546 duo
1483 1514 1609 1555 gradus
1646 1512 1973 1554 comprehenduntur
2006 1511 2059 1543 his
2094 1512 2208 1543 dictis:

1213 1558 1331 1589 Gratia
1365 1564 1397 1588 et
1431 1558 1555 1588 veritas
1592 1567 1650 1597 per
1685 1556 1793 1587 lesum
1823 1555 1993 1587 Christum
2023 1554 2113 1587 facta
2145 1561 2208 1593 est,

1213 1602 1245 1632 id
1267 1608 1329 1639 est,
1355 1600 1607 1637 Reconciliati0‚
1631 1607 1661 1630 et
1679 1610 1758 1631 vera
1781 1610 1822 1631 ac
1837 1606 1973 1630 aeterna
1996 1600 2096 1630 bona.
2127 1598 2209 1630 item

1217 1645 1385 1675 Romanos
1413 1644 1451 1674 15
1497 1644 1611 1674 Gratia
1639 1643 1718 1681 Dei,
1754 1649 1786 1674 et
1821 1643 1943 1674 donum
1972 1653 2032 1683 per
2057 1642 2208 1674 Gratiam

1215 1688 1290 1719 lesu
1315 1687 1439 1719 Christi
1463 1687 1494 1717 in
1519 1686 1642 1718 multos
1667 1687 1872 1718 exuberavit.
1985 1696 1988 1700 ·

1302 1773 1355 1805 111.
1401 1773 1533 1804 Τ81·1105
1569 1774 1712 1815 gradus,
1757 1778 1791 1803 01
1826 1772 1967 1803 (10880111
2003 1772 2110 1814 gratia
2143 1781 2210 1802 non

1215 1816 1381 1848 subtiliter
1410 1815 1604 1858 loquamur,
1638 1822 1691 1847 est
1713 1814 1865 1847 liberatio
1897 1827 1916 1846 a
1948 1815 2145 1846 ceremoniis
2177 1821 2211 1846 et

1215 1860 1407 1891 forensibus
1443 1859 1576 1901 legibus
1611 1858 1722 1890 Moisi.
1769 1859 1868 1894 Quod
1903 1859 1952 1889 sic
1987 1857 2208 1900 intelligatur:

1216 1904 1299 1935 Cum
1320 1904 1461 1941 iustitia,
1496 1904 1537 1933 de
1561 1914 1627 1945 qua
1657 1903 1790 1944 proprie
1819 1903 2036 1933 concionatur
2058 1901 2211 1943 Evange-

1216 1946 1305 1984 lium,
1329 1948 1371 1977 sit
1396 1947 1547 1977 remissio
1572 1953 1799 1988 peccatorum,
1829 1952 1861 1976 et
1885 1944 2113 1976 reconciliatio
2137 1955 2211 1976 cum

1218 1990 1311 2028 Deo,
1346 1997 1379 2021 et
1413 1996 1644 2020 consummata
1681 1990 1829 2026 novitas,
1865 1999 1962 2030 quam
1994 1989 2026 2019 in
2056 1987 2120 2019 hac
2144 1989 2213 2019 vita

1217 2033 1367 2067 inchoari
1392 2039 1535 2075 oportet,
1560 2034 1603 2063 sit
1628 2033 1700 2074 ipsa
1723 2038 1860 2063 aeterna
1876 2033 1955 2070 vita,
1980 2033 2011 2062 in
2036 2042 2101 2073 qua
2114 2031 2211 2062 Deus

1217 2078 1278 2108 erit
1303 2087 1412 2108 omnia
1447 2077 1478 2107 in
1504 2077 1675 2114 omnibns,
1711 2082 1744 2107 et
1776 2075 1955 2115 colligatur
1984 2074 2141 2106 Ecclesia
2171 2085 2211 2105 ex

1218 2122 1371 2152 omnibus
1397 2120 1580 2156 Gentibus,
1612 2130 1677 2150 non
1708 2125 1785 2150 sunt
1810 2117 1936 2160 alligati
1962 2118 2143 2150 Christiani
2168 2117 2212 2149 ad

1217 2163 1320 2195 ullius
1345 2163 1455 2206 gentis
1479 2161 1642 2204 politiam:
1679 2163 1747 2194 Sed
1771 2169 1913 2203 possunt
1939 2163 1984 2193 uti
2009 2162 2154 2203 imperiis
2178 2166 2211 2191 et

1216 2206 1348 2249 legibus
1378 2205 1544 2247 politicis,
1586 2217 1653 2238 non
1694 2207 1919 2248 pugnantibus
1959 2217 2034 2237 cum
2069 2202 2211 2236 naturali

1218 2251 1364 2288 ratione,
1407 2251 1596 2291 ubicunque
1630 2250 1763 2287 vivunt,
1807 2249 1901 2281 Sicut
1935 2249 2051 2289 spatiis
2086 2249 2211 2280 dierum

1217 2293 1432 2325 dissimilibus
1478 2300 1615 2325 utuntur
1662 2293 1845 2325 Christiani
1891 2292 2043 2323 Venetiis
2094 2298 2126 2322 et
2178 2293 2211 2322 in

1217 2338 1374 2369 saxonia.

1303 2423 1426 2465 Ingens
1462 2422 1660 2454 beneficium
1697 2422 1759 2453 Dei
1794 2421 1873 2460 fuit,
1909 2422 1997 2463 quod
2033 2420 2211 2453 Ecclesiae

1217 2472 1342 2497 certam
1383 2468 1497 2498 sedem
1532 2467 1622 2498 dedit
1662 2467 1693 2497 in
1729 2464 1843 2506 politia
1866 2464 1963 2496 Moisi
1990 2475 2096 2496 annos
2120 2463 2210 2496 mille

1217 2510 1418 2551 quingentos
1454 2510 1646 2552 octuaginta
1678 2509 1774 2539 duos.
1831 2508 1873 2539 Et
1907 2514 1942 2539 ut
1976 2507 2062 2539 haec
2094 2507 2210 2550 politia

1217 2553 1373 2584 distincta
1408 2559 1499 2584 esset
1533 2564 1552 2583 a
1587 2553 1771 2589 GentibuS,
1815 2558 1926 2583 certos
1961 2552 2043 2583 ritus
2077 2552 2209 2583 habuit:

1217 2596 1303 2632 Quia
1316 2596 1409 2628 Deus
1434 2596 1538 2628 voluit
1556 2602 1668 2627 notum
1692 2605 1768 2627 esse
1791 2593 1915 2633 locum,
1939 2601 1972 2626 81
1993 2601 2104 2626 notam
2128 2605 2208 2637 gen-

1984 2656 2000 2680 6
