2383 2990
212 151 231 182 7
826 152 938 184 PHIL.
961 151 1065 185 MEL.
1089 152 1276 187 SCRIPTA
1297 153 1575 187 DOGMATICA.
2193 156 2216 189 8

211 245 320 276 buitur
342 256 506 287 personae
529 247 561 277 in
585 245 768 283 Concreto,
791 246 867 288 quia
887 245 953 278 bae
976 247 1062 279 duae
1093 253 1185 280 natu-

210 298 278 319 rae.
302 289 405 328 λόγος,
433 296 465 321 et
487 296 605 321 natura
629 295 815 329 assumpta,
838 296 916 321 sunt
937 300 1037 322 unum
1059 290 1185 332 ὑφιστά-

209 342 305 369 μενον.

534 494 847 549 Argumentum.

272 600 381 641 Opera
404 599 571 632 Trinitatis
595 603 638 634 ad
661 609 753 635 extra
777 611 853 635 sunt
876 605 1026 637 indivisa.

267 642 414 674 salvatio
434 645 575 675 hominis
599 653 649 677 est
673 656 757 687 opus
781 648 822 677 ad
847 653 949 679 extra.

269 685 358 728 Ergo
382 697 447 717 non
471 687 566 719 aliter
589 688 623 719 fit
645 699 704 730 per
716 688 833 721 Filium
856 701 953 731 quam
977 701 1038 732 per
1052 691 1184 724 Patrem

409 736 441 761 et
463 730 620 771 Spiritum
643 738 804 764 sanctum.

291 813 505 855 Respondeo.
559 815 649 847 Vera
686 824 736 848 est
774 816 858 849 haec
886 817 1037 860 Regula:
1074 819 1185 860 Opera

203 855 370 888 Trinitatis
394 859 434 888 ad
455 865 546 889 extra
570 866 645 890 sunt
670 860 821 899 indivisa,
847 861 913 892 Sed
927 868 1061 893 servata
1074 863 1184 893 cuius-

202 910 265 940 que
289 911 452 940 personae
476 903 685 942 proprietate.
721 901 822 934 Filius
839 910 869 934 et
883 905 1024 945 Spiritus
1045 911 1183 936 sanctus

201 943 380 975 mittuntur.
425 944 526 975 Pater
550 955 614 975 non
640 946 785 976 mittitur.
831 947 872 977 Et
902 954 1056 978 aeternus
1085 947 1184 979 Pater

202 992 252 1016 est
278 984 413 1024 efficax,
443 988 502 1017 sed
532 998 591 1028 per
621 987 739 1019 Filium
769 994 800 1019 et
832 990 988 1030 Spiritum
1020 996 1181 1021 sanctum.

200 1028 226 1059 1³
228 1027 301 1059 ilius
325 1030 508 1061 immediate
531 1028 655 1071 profert
671 1030 888 1072 Evangelium
908 1043 948 1063 ex
967 1033 1041 1063 sinu
1057 1035 1182 1064 aeterni

200 1070 327 1109 Patris,
364 1079 395 1103 et
425 1074 567 1103 ostendit
596 1072 800 1104 voluntatem
831 1075 955 1105 aeteini
987 1075 1115 1113 Patris,
1150 1083 1182 1107 et

202 1113 426 1145 sanctificatur
449 1115 601 1147 Ecclesia
627 1117 703 1146 dato
727 1126 786 1157 per
809 1128 882 1148 eum
907 1117 1031 1158 Spiritu
1054 1124 1180 1149 sancto.

200 1155 256 1186 Sic
280 1158 398 1188 dicitur
420 1158 532 1189 lohan.
554 1159 582 1189 l.
630 1159 747 1189 Omnia
770 1169 829 1200 per
851 1162 956 1200 ipsum
979 1159 1069 1191 facta
1093 1167 1182 1191 sunt.

199 1198 241 1230 Et
265 1198 455 1239 LCorinth.
489 1201 538 1231 15.
583 1199 657 1232 Deo
688 1203 808 1243 gratia,
840 1203 928 1233 danti
958 1204 1054 1233 nobis
1079 1204 1182 1234 victo-

199 1242 279 1272 riam
309 1253 368 1282 per
391 1243 566 1274 Dominum
599 1251 746 1275 nostrum
775 1244 884 1275 lesum
915 1244 1093 1277 Christum.
1139 1245 1180 1276 Et

200 1286 250 1315 sic
269 1286 389 1316 dictum
409 1292 474 1317 est:
498 1286 601 1318 Pilius
625 1284 691 1328 agit
714 1296 774 1328 per
797 1297 846 1325 se,
871 1288 930 1318 sed
954 1298 1020 1319 non
1045 1299 1064 1319 a
1088 1298 1135 1319 se.

200 1473 322 1524 Quod
355 1484 416 1514 est
449 1476 661 1516 discrimen
693 1491 812 1517 verae
845 1478 1108 1518 invocationis
1141 1480 1181 1519 in

198 1534 394 1584 Ecclesia,
428 1542 470 1575 et:
501 1537 666 1577 aliarum
706 1537 919 1592 impiarum
958 1539 1180 1579 invocatio-

628 1597 752 1636 num‘?

287 1701 497 1743 Respondeo,
532 1702 630 1734 Duae
649 1710 725 1735 sunt
748 1705 947 1745 praecipuae
968 1704 1180 1743 differentiae,

199 1744 301 1776 altera
333 1747 373 1775 de
402 1745 555 1776 Essentia
580 1746 653 1785 Dei,
677 1746 783 1778 altera
807 1749 848 1778 de
872 1747 1061 1779 voluntate.
1102 1748 1181 1779 Eth-

198 1788 261 1819 nici
286 1797 317 1819 et
341 1788 394 1819 alii
419 1790 503 1830 impii
534 1796 656 1831 negant
684 1789 773 1820 hunc
802 1800 879 1821 csse
904 1791 1030 1828 Deum,
1061 1792 1116 1832 qui
1144 1801 1181 1822 se

198 1830 353 1872 patefecit
383 1832 485 1862 misso
510 1831 609 1867 Filio„
638 1838 805 1864 aeternum
830 1833 978 1871 Patrem,
1010 1833 1126 1865 Filium
1149 1840 1182 1865 et

198 1874 352 1914 Spiritum
378 1881 538 1905 sanctum.
584 1876 750 1906 Abori-ant
778 1877 878 1917 igitur
897 1876 1026 1907 Ethnici
1057 1888 1077 1908 a
1100 1887 1180 1908 vero

197 1916 283 1954 Deo,
309 1924 339 1947 et
362 1917 576 1959 alloquuntur
605 1917 694 1950 aliud
724 1919 878 1959 quiddam
906 1921 1182 1957 commenticium,

198 1960 286 2000 quod
310 1971 374 1991 non
399 1967 450 1991 est
473 1970 572 1991 verus
597 1968 628 1991 et
650 1962 836 2001 patefactus
860 1962 967 1993 Deus.
1001 1963 1077 1993 ldeo
1101 1963 1182 1993 scri-

197 2009 288 2041 ptum
324 2009 391 2033 cst:
426 2003 499 2034 vos
530 2004 686 2042 nescitis,
720 2005 797 2045 quid
832 2006 1004 2035 invocetis.
1050 2006 1181 2036 Deinde

196 2046 351 2086 ignorant
375 2047 613 2086 promissiones
638 2052 669 2077 et
688 2047 916 2078 Mediatorem.
951 2048 1028 2079 Ideo
1045 2054 1181 2079 manent

197 2088 229 2118 in
252 2094 409 2129 perpetua
438 2089 657 2127 dubitatione,
688 2096 718 2121 et
747 2091 918 2131 ignorant,
945 2101 988 2122 an
1018 2097 1050 2122 et
1079 2102 1182 2132 quare

198 2132 422 2162 exaudiantur*
469 2132 638 2163 lnvccatio
664 2143 743 2163 vero
767 2134 838 2163 sine
861 2133 937 2171 fide,
962 2140 995 2164 et
1018 2144 1181 2175 oppressa

197 2174 418 2211 dubitatione,
442 2175 547 2205 inanis
570 2181 634 2212 est,
657 2176 747 2206 iuxta
767 2176 903 2207 dictum:
935 2176 1109 2211 Quomodo
1132 2177 1179 2208 in-

198 2218 379 2254 vocabunt,
404 2217 431 2247 si
455 2228 522 2248 non
547 2218 704 2249 credunt?
749 2217 889 2250 Roman.
916 2219 966 2250 10.

284 2300 438 2333 Ecclesia
466 2312 548 2334 vero
583 2301 761 2344 alloquitur
792 2314 904 2335 verum
934 2303 1060 2343 Deum,
1086 2310 1177 2345 patc-

201 2342 327 2375 factum
344 2343 529 2376 illustribus
541 2346 748 2383 testimoniis,
773 2352 803 2377 et
823 2348 977 2388 agnoscit
995 2358 1068 2378 eum
1092 2348 1179 2379 sicut

198 2396 235 2417 se
258 2386 426 2427 patefecit.
473 2388 542 2419 Scit
565 2389 662 2420 etiam
686 2390 945 2430 promissiones,
969 2396 1003 2421 et
1024 2391 1179 2431 agnoscit

196 2428 435 2469 mediatorem,
480 2438 512 2462 et
557 2432 618 2462 scit
662 2431 771 2463 Deum
815 2431 901 2464 velle
948 2433 1096 2464 invocari
1144 2439 1178 2465 et

198 2473 354 2504 exaudire
377 2473 497 2505 fiducia
519 2474 726 2512 mediatoris,
749 2474 835 2506 sicut
858 2475 930 2516 ipse
941 2475 1106 2508 Dominus
1129 2476 1177 2507 in-

198 2516 285 2556 quit:
314 2515 478 2557 Quidquid
507 2518 666 2558 petieritis
696 2517 828 2548 Patrem
862 2519 894 2549 in
923 2519 1055 2549 nomine
1089 2529 1177 2557 me0,

198 2558 289 2588 dabit
310 2559 418 2589 vobis.
463 2559 736 2592 Assuefaciamus
755 2561 856 2602 igitur
874 2571 949 2600 1105,
971 2567 1007 2592 ut
1030 2562 1062 2592 in
1086 2562 1178 2593 invo-

198 2601 331 2632 catione
352 2611 447 2633 mens
470 2603 593 2644 cogitet
613 2602 851 2644 patefactiones
870 2603 945 2643 Dei,
970 2610 1003 2635 et
1026 2603 1177 2647 alloqua-

1238 254 1291 280 tur
1312 247 1401 280 hunc
1429 258 1544 280 verum
1567 248 1693 287 Deum,
1715 249 1770 290 qui
1793 259 1832 281 se
1853 249 2009 290 patefecit
2037 250 2140 281 misso
2165 250 2216 281 Fi-

1237 290 1292 322 lio.
1337 291 1379 322 Et
1402 290 1500 322 simul
1529 297 1600 322 tres
1628 301 1792 332 personas
1821 293 2003 331 intueatur,
2035 300 2066 324 et
2096 293 2217 325 fiducia

1237 333 1430 365 Mediatoris
1452 339 1543 375 petat
1566 335 1708 376 gratiam
1731 340 1765 365 et
1785 334 1852 366 alia
1875 335 2042 368 beneficia.

1452 498 1544 553 [DE
1575 497 1719 540 LEGE
1751 498 2003 554 Momm]

1461 626 1571 676 Quid
1604 634 1666 667 est,
1696 628 1785 667 Lex
1806 627 1996 668 Moralis‘?

1325 716 1417 748 LEX
1434 716 1636 748 MORALIS
1654 724 1705 749 est
1727 724 1861 749 aeterna
1884 724 1915 749 et
1933 719 2065 749 immota
2089 719 2216 759 sapien-

1240 761 1294 799 tia,
1318 766 1351 792 et
1373 759 1489 802 regula
1512 761 1656 791 iustitiae
1680 761 1712 791 in
1735 761 1826 799 Deo,
1851 762 2043 792 discernens
2066 767 2159 792 recta
2185 767 2217 792 et

1239 814 1306 834 non
1340 809 1448 841 recta,
1477 809 1509 833 et
1537 802 1738 834 horribiliter
1770 804 1920 835 irascens
1955 805 2214 842 contumacibus,

1238 856 1299 877 seu
1322 846 1517 877 denuntians
1540 845 1740 877 horrendam
1763 847 1844 877 iram
1867 848 2029 877 adversus
2049 853 2216 878 contuma-

1238 890 1333 926 ciam,
1356 894 1596 930 repugnantem
1614 888 1691 919 huic
1710 889 1814 920 ordini
1838 890 1869 920 in
1887 889 1973 927 Deo,
1999 896 2030 920 et
2049 889 2217 930 patefacta

1238 938 1288 962 est
1311 931 1499 963 hominibus
1526 932 1559 962 in
1583 933 1767 969 creatione,
1802 938 1834 963 et
1856 939 1974 971 postea
2000 942 2102 972 saepe
2123 942 2216 973 repe-

1237 975 1312 1012 tita,
1336 981 1367 1005 et
1391 973 1559 1004 declarata
1581 984 1664 1005 voce
1688 975 1813 1011 divina,
1835 982 1869 1005 ut
1889 976 2044 1013 sciamus,
2068 975 2155 1016 quod
2172 975 2216 1006 sit,

1236 1016 1341 1055 Deus,
1365 1022 1396 1047 et
1419 1016 1528 1058 qualis
1548 1017 1600 1055 sit,
1624 1016 1776 1058 obligans
1796 1027 1911 1048 omnes
1931 1025 2099 1048 creaturas
2119 1018 2216 1047 ratio-

1236 1058 1343 1097 nales,
1368 1066 1399 1090 et
1417 1058 1603 1099 postulanS,
1626 1066 1662 1090 ut
1680 1070 1794 1090 omnes
1819 1061 1882 1091 sint
1914 1059 2103 1091 conformes
2126 1059 2213 1098 Deo,

1238 1109 1269 1133 et
1283 1103 1442 1132 damnans
1456 1112 1496 1132 ac
1516 1102 1692 1133 destruens
1712 1113 1826 1133 omnes
1845 1113 1911 1133 non
1926 1102 2113 1133 conformes
2126 1102 2214 1140 Deo,

1237 1145 1301 1175 nisi
1325 1144 1381 1175 fiat
1403 1145 1555 1174 remissio
1580 1151 1611 1174 et
1630 1145 1855 1176 reconciliatio
1873 1152 2009 1186 propter
2020 1144 2134 1176 Filium
2147 1144 2215 1175 Me·

1238 1188 1408 1217 diatorem.
1454 1186 1558 1217 Huius
1581 1185 1665 1227 legis
1692 1197 1817 1218 summa
1842 1188 2083 1228 comprehensa
2106 1195 2155 1218 est
2182 1188 2215 1218 in

1236 1228 1430 1270 DecalogO,
1467 1239 1569 1268 quare
1600 1229 1732 1259 nomine
1764 1229 1928 1271 Decalogi
1962 1241 2063 1271 saepe
2095 1231 2215 1261 utimur

1240 1282 1302 1312 pro
1328 1271 1421 1313 Lege
1450 1270 1589 1309 Morali,
1613 1277 1648 1302 ut
1677 1272 1773 1312 quasi
1795 1279 2017 1303 monstremus
2040 1273 2217 1312 praecipua

1238 1315 1356 1355 capita.
1401 1313 1473 1345 Etsi
1497 1320 1605 1345 autem
1630 1313 1753 1345 nullius
1777 1321 1948 1345 creaturae
1978 1315 2138 1356 sapientia
2159 1324 2216 1354 pe·

1237 1358 1325 1388 nitus
1356 1355 1542 1398 intelligere
1564 1356 1769 1398 Decalogum
1792 1363 1913 1398 potest,
1937 1364 2046 1388 tamen
2068 1359 2216 1388 immuta·

1238 1398 1304 1431 bile
1330 1399 1518 1430 mandatum
1540 1399 1603 1430 Dei
1627 1406 1696 1437 est,
1725 1405 1760 1430 ut
1791 1411 1863 1430 eum
1890 1401 2056 1431 discamus
2081 1406 2112 1430 et
2136 1410 2216 1430 con-

1238 1443 1431 1479 sideremuS,
1451 1448 1483 1473 et
1499 1440 1722 1482 intelligamus
1740 1443 1829 1473 imx'ta
1842 1444 2069 1473 enarrationes
2083 1442 2216 1480 Christi,

1237 1485 1478 1525 Prophetarum
1508 1490 1540 1515 et
1563 1483 1810 1525 Apostolorum.
1856 1485 1908 1516 Ac
1942 1486 2016 1515 inde
2046 1495 2151 1526 nsque
2173 1485 2215 1516 ab

1236 1527 1342 1558 Adam
1367 1528 1516 1567 repetivit
1529 1526 1622 1558 Deus
1646 1533 1678 1558 et
1702 1529 1913 1559 consen-exit
1934 1529 1966 1558 in
1985 1527 2136 1559 Ecclesia
2158 1537 2216 1559 vo-

1237 1581 1309 1601 cem
1332 1569 1429 1600 huius
1452 1569 1556 1612 legis,
1582 1576 1612 1601 et
1633 1568 1702 1600 vult
1726 1581 1797 1601 eam
1822 1581 1952 1611 semper
1971 1572 2099 1609 doceri,
2125 1577 2157 1601 et
2179 1569 2216 1601 il-

1236 1611 1397 1643 lustribus
1428 1612 1587 1653 exemplis
1618 1623 1795 1653 poenarum
1826 1615 1856 1643 in
1887 1615 2057 1645 atrocibus
2087 1613 2216 1644 delictis

1235 1665 1294 1696 per
1317 1656 1426 1686 onmia
1448 1662 1596 1696 tempora
1624 1656 1779 1694 ostendit,
1803 1655 1889 1686 hanc
1913 1656 2038 1698 Legem
2062 1666 2138 1687 esse
2162 1665 2215 1686 or-

1237 1699 1345 1729 dinem
1369 1699 1499 1729 divinae
1523 1698 1704 1739 sapientiae
1728 1705 1759 1729 et
1783 1699 1935 1730 iustitiae.

1322 1765 1433 1807 Leges
1474 1765 1645 1796 Mosaicae
1686 1767 1853 1797 forenses
1888 1773 1919 1796 et
1955 1765 2214 1805 Ceremmfiales,

1236 1819 1321 1850 quae
1345 1808 1475 1839 fuerunt
1499 1810 1638 1839 traditae
1663 1815 1787 1839 tantum
1811 1810 1852 1839 ad
1876 1808 1962 1839 illius
1988 1808 2121 1850 politiae
2143 1809 2215 1840 Mo-

1236 1853 1346 1882 saicae
1371 1852 1651 1889 constitutionem,
1672 1857 1703 1882 et
1726 1853 1857 1883 tandem
1883 1851 1989 1882 deleta
2012 1851 2126 1892 politia
2143 1851 2215 1881 Mo-

1236 1895 1326 1925 saica
1346 1896 1518 1932 extinctae-
1536 1901 1624 1932 sunt,
1649 1895 1876 1925 discemantur
1894 1897 1935 1925 ab
1959 1901 2093 1925 aeterna
2108 1894 2213 1934 Lege,

1235 1947 1320 1978 quae
1343 1936 1480 1967 Moralis
1501 1938 1695 1968 nominatur.
1730 1937 1811 1968 Sunt
1835 1944 1943 1967 antem
1967 1936 2215 1968 Cere1noniales

1235 1980 1356 2021 Leges,
1380 1990 1464 2020 quae
1488 1986 1642 2010 externos
1666 1985 1780 2020 gestus
1806 1981 1955 2010 ordinant
1975 1980 2006 2010 in
2021 1980 2213 2018 8361166115,

1235 2030 1267 2054 et
1290 2023 1381 2060 loca,
1412 2028 1561 2063 tempora
1589 2028 1621 2053 et
1646 2032 1809 2063 personas
1834 2023 2053 2064 distinguunt,
2089 2029 2118 2053 et
2149 2022 2215 2053 alia

1235 2067 1394 2107 quaedam
1419 2066 1573 2096 exercitia
1594 2071 1729 2095 externa
1754 2066 1956 2103 describunt,
1980 2072 2013 2096 ut
2035 2066 2099 2095 sint
2115 2065 2215 2107 signa

1235 2115 1267 2140 et
1291 2109 1516 2139 distinctiones
1539 2106 1671 2148 politiae
1693 2107 1863 2139 Mosaicae
1887 2109 1928 2138 ab
1953 2107 2024 2138 aliis
2048 2108 2213 2149 gentibus.

1321 2176 1430 2217 Leges
1451 2175 1617 2207 Forenses
1640 2182 1716 2206 sunt
1738 2175 1849 2217 Leges
1879 2176 1919 2206 de
1943 2182 2079 2206 externa
2103 2174 2214 2206 defen-

1236 2220 1330 2250 sione
1354 2217 1562 2260 disciplinae,
1586 2219 1675 2249 iuxta
1698 2224 1800 2249 totum
1824 2217 2052 2259 Decalogum,
2077 2219 2117 2249 de
2142 2217 2213 2249 Ma-

1236 2262 1448 2303 gistratibus,
1481 2262 1521 2292 de
1549 2262 1666 2301 poenis
1690 2260 1915 2302 blasphemiae
1939 2268 1969 2291 et
1994 2262 2136 2301 periurii,
2161 2271 2212 2292 se-

1236 2306 1377 2342 ditionis,
1400 2304 1577 2342 homicidii,
1597 2302 1760 2341 adulterii,
1785 2305 1825 2335 de
1850 2305 2057 2335 distinctione
2074 2302 2212 2334 faculta-

1234 2354 1301 2379 tum
1324 2346 1378 2379 vel
1401 2347 1628 2385 dominiorum,
1653 2348 1694 2377 de
1712 2345 1950 2378 haereditatum
1970 2346 2210 2385 distributione,

1235 2391 1275 2422 de
1303 2391 1420 2431 poenis
1450 2388 1629 2426 furtorum,
1665 2391 1706 2421 de
1737 2390 1851 2420 ordine
1880 2390 2081 2420 iudiciorum.
2127 2389 2212 2424 Quia

1234 2434 1361 2464 etiamsi
1383 2432 1476 2464 Deus
1499 2433 1571 2473 ipse
1593 2439 1643 2463 est
1667 2438 1764 2463 autor
1787 2438 1819 2463 et
1843 2438 1957 2463 custos
1982 2432 2105 2463 ordinis
2127 2430 2211 2473 poli-

1232 2476 1299 2513 tici,
1322 2481 1430 2507 tamen
1452 2475 1602 2506 homines
1625 2473 1696 2506 vult
1715 2485 1791 2506 esse
1805 2485 1929 2517 organa
1949 2475 2210 2516 gubernationis,

1232 2525 1264 2550 et
1281 2517 1352 2550 vult
1375 2519 1524 2559 conspici
1553 2518 1585 2548 in
1613 2519 1728 2559 poenis
1759 2518 1936 2550 dtscm‘men
1959 2523 2050 2548 recte
2081 2522 2114 2548 et
2140 2527 2210 2548 non

1230 2567 1322 2593 recte
1343 2559 1520 2598 factorum,
1539 2566 1571 2591 et
1593 2559 1664 2592 vult
1681 2561 1831 2603 agnosci,
1850 2560 1957 2591 Deum
1981 2569 2057 2591 esse
2079 2560 2210 2601 sapien-

1230 2610 1311 2643 tem,
1337 2605 1470 2642 iustum,
1497 2608 1625 2635 castum
1644 2609 1677 2635 et
1698 2604 1862 2635 vindicem
1884 2602 2058 2642 scelerum,
2082 2609 2114 2634 et
2136 2602 2208 2635 vult
