2383 2990
180 114 245 146 323
814 111 924 144 PHIL.
948 111 1054 142 MEL.
1079 111 1267 143 SCRIPTA
1290 111 1571 143 DOGMATICA.
2141 112 2206 145 324

179 208 363 250 prohibitae
398 208 464 239 sint
500 217 607 249 vagae
636 206 806 244 libidines,
843 207 1054 248 quaerendae
1089 211 1166 238 sunt

177 250 396 283 affirmativae
420 252 614 282 sententiae.

265 320 346 351 Cum
370 319 514 351 foederis
551 317 738 360 coniugalis
771 317 906 349 violatio
940 317 1167 359 prohibeatur,

181 363 277 395 simul
300 362 467 405 intelligas
488 363 665 404 approbari
686 368 718 393 et
737 362 852 393 muniri
870 360 989 392 foedus
1010 362 1165 403 coniugii,

179 408 266 448 quod
291 407 422 448 quidem
447 412 477 436 et
500 412 597 437 antea
631 406 662 436 in
688 412 868 446 praecepto
898 411 1017 446 quarto
1047 416 1166 446 appro-

178 452 288 481 batum
320 456 387 487 est,
422 449 560 480 Honora
588 454 713 490 patrem
739 454 771 479 et
794 454 942 479 matrem.
988 447 1027 479 Et
1053 449 1167 479 adiun-

179 500 299 535 gantur
328 491 391 523 alia
420 502 583 533 expressa
612 493 817 529 testimonia,
853 491 976 523 Genes.
999 491 1030 522 2.
1062 491 1167 522 Erunt

179 538 244 568 duo
268 537 298 566 in
324 546 458 566 carnem
483 546 591 567 unam.
636 535 677 566 Et
700 534 816 567 Matth.
845 535 894 566 19.
942 534 1041 570 Quod
1071 534 1166 566 Deus

183 580 363 618 coniunxit,
389 579 488 610 homo
509 589 575 610 non
599 585 743 620 separet.

265 683 315 714 Sit
340 684 444 736 igitur
466 683 572 724 prima
596 683 749 713 doctrina
771 682 868 713 huius
886 682 1054 723 praecepti
1079 680 1166 712 affir-

178 727 315 764 mativa,
351 727 432 757 (dum
464 726 557 757 Deus
582 724 723 757 voluerit
759 735 864 768 genus
901 725 1076 756 humanum
1107 735 1167 765 per

177 771 453 811 propagationem
479 770 694 807 conservari,
719 775 812 800 certo
836 769 934 800 modo
959 778 1042 809 opus
1067 778 1166 809 gene-

178 814 316 844 rationis
341 814 516 846 ordinavit.
541 824 580 844 ac
604 824 704 843 unum
729 822 852 843 marem
878 818 909 842 et
928 822 1026 842 unam
1052 809 1165 841 foemi-

175 867 251 887 nam
273 862 435 898 perpetuo
449 863 479 887 et
493 854 713 887 indissolubili
730 854 859 886 vinculo
878 854 949 885 vult
971 855 1165 885 coniunctos.

177 911 270 938 esse,
297 906 327 931 et
342 907 434 931 extra
446 900 534 932 hanc
559 899 849 936 constetudinen„
872 897 1026 940 prohibet
1050 907 1166 928 omnes

178 944 442 974 commixtiones

262 1021 305 1052 Et
333 1020 399 1052 hoc
431 1021 599 1051 decretum
623 1018 784 1061 singulari
818 1018 959 1050 consilio
990 1018 1098 1050 statim
1134 1018 1166 1049 in

177 1065 339 1096 Paradiso
385 1063 629 1106 promulgatum
671 1070 732 1094 est.
795 1062 879 1093 Nam
919 1072 992 1092 cum
1033 1062 1166 1092 dicitur:

176 1108 282 1140 Erunt.
307 1109 370 1139 duo
391 1109 421 1138 in
447 1118 579 1138 carnem
597 1117 706 1144 unam,
733 1104 830 1137 simul
849 1107 996 1137 sancitur
1014 1105 1068 1136 lex
1090 1116 1167 1136 eon-

177 1152 267 1194 iugii.
313 1152 492 1183 Instituitur
522 1151 606 1181 enim
632 1151 770 1181 duorum
796 1150 1003 1186 coniunctio,
1036 1155 1067 1180 et
1092 1159 1167 1189 pro-

177 1194 331 1226 hibentur
352 1204 467 1224 omnes
486 1204 593 1235 vagae
613 1192 776 1225 libidines.
812 1192 950 1223 Tantum
971 1193 1056 1223 enim
1069 1193 1167 1223 unius

177 1239 278 1270 maris
302 1244 334 1269 et
353 1238 450 1269 unius
470 1236 634 1268 foeminae
659 1237 848 1268 coniunctio
871 1237 1085 1278 approbatur.
1128 1235 1169 1265 Et

178 1280 421 1314 indissolubilis
446 1281 634 1312 coniunctio
658 1281 838 1311 instituitur
861 1281 892 1311 in
907 1280 1010 1310 dicto:
1037 1279 1071 1310 ln
1097 1289 1167 1309 car-

177 1336 263 1357 mem
277 1335 388 1362 unam,
413 1324 445 1356 id
459 1331 523 1362 est,
545 1322 821 1355 indissolubiliter
844 1323 1043 1364 copulatam.
1075 1322 1167 1353 Haec

179 1375 230 1400 est
253 1367 396 1410 simplex
421 1374 453 1399 et
472 1368 581 1399 nativa
604 1366 721 1399 horum
745 1368 924 1399 verborum
948 1366 1122 1397 sententia.

265 1445 373 1478 Simul
407 1451 517 1477 autem
549 1445 605 1476 hic
640 1445 919 1477 considerandum
953 1449 1024 1482 est,
1065 1453 1167 1485 quare

177 1490 272 1522 Deus
296 1496 389 1522 certo
413 1489 512 1520 modo
537 1489 763 1531 generationis
787 1498 872 1530 opus
901 1487 1106 1519 ordinaverit
1135 1492 1169 1517 et

183 1535 369 1566 castitatem
393 1533 552 1564 sanxerit.

265 1611 327 1642 Est
356 1616 467 1642 autem
497 1609 656 1648 castitas,
691 1614 749 1641 aut
770 1618 912 1650 prorsus
937 1608 1010 1640 sine
1034 1607 1168 1639 commi-

178 1656 292 1687 xtione
321 1655 454 1691 vivere,
488 1653 517 1684 si
544 1659 664 1685 natura
690 1659 802 1695 potest
830 1652 1087 1684 incontaminate
1122 1651 1168 1681 vi-

178 1709 274 1739 vere,
297 1704 334 1729 ut
356 1696 529 1740 angelica,
563 1702 620 1728 aut
647 1696 785 1738 puerilis
815 1703 950 1733 natura,
981 1701 1037 1726 aut
1067 1693 1168 1735 aliqui

179 1743 301 1774 donum
324 1741 504 1775 habentes,
534 1746 591 1771 aut
615 1751 752 1771 servare
780 1739 900 1771 foedus
930 1737 1066 1781 legitimi
1090 1747 1168 1769 con-

178 1787 270 1828 iugii,
294 1790 326 1816 et
350 1795 417 1815 non
440 1784 556 1826 vagari
580 1789 674 1815 extra
698 1784 897 1825 coniugium.

266 1863 343 1894 ldeo
378 1868 487 1894 autem
521 1861 618 1893 Deus
649 1861 759 1893 sanxit
789 1861 991 1898 castitatem,
1027 1859 1103 1901 quia
1132 1864 1169 1889 ut

179 1914 331 1939 caeteras
356 1917 471 1938 omnes
496 1906 638 1936 virtutes
663 1905 842 1942 ordinavit,
873 1911 908 1936 ut
937 1908 1050 1935 essent
1074 1902 1165 1933 testi-

179 1951 288 1982 monia
312 1950 352 1981 de
375 1951 468 1991 ipso,
493 1955 525 1980 et
549 1949 779 1980 discernerent
791 1945 1006 1979 eumamalis
1030 1946 1169 1983 naturis,

180 1994 225 2026 ita
249 2000 280 2025 et
299 1994 485 2025 castitatem
505 1993 682 2030 ordinavit,
701 2002 786 2034 quae
810 1997 861 2022 est
882 1991 1024 2032 insignis
1043 1996 1075 2021 et
1091 1999 1169 2020 con·

181 2038 298 2079 spieua
323 2037 439 2074 virtus,
461 2042 497 2068 ut
522 2037 710 2077 cogitantes
734 2046 808 2066 eum
833 2035 865 2066 in
897 2035 983 2066 omni
1015 2034 1168 2064 doctrina

180 2087 214 2112 et
236 2081 464 2118 invocatione,
488 2081 586 2111 etiam
611 2080 812 2121 cogitatione
826 2078 987 2110 castitatis
1000 2077 1169 2108 discerna-

180 2134 254 2155 mus
279 2134 354 2155 eum
376 2134 396 2154 a
421 2122 574 2160 diabolis,
600 2128 632 2154 et
653 2123 729 2154 aliis
753 2122 927 2154 immundis
951 2121 1090 2152 naturis.

268 2201 348 2233 Vult
379 2202 465 2233 enim
494 2200 589 2232 Deus
619 2201 759 2243 agnosci
790 2207 821 2232 et
854 2199 997 2231 discerni
1027 2199 1068 2229 ab
1094 2197 1168 2229 aliis

183 2245 333 2276 omnibus
353 2246 480 2276 naturis
508 2255 568 2286 per
586 2251 694 2276 certas
724 2245 961 2285 proprietates,
996 2243 1073 2284 quia
1102 2251 1168 2272 non

182 2299 361 2330 possumus
385 2298 457 2319 eum
485 2289 628 2319 brachiis
653 2286 838 2328 complecti.
875 2287 915 2318 Et
935 2287 998 2317 hae
1023 2286 1169 2327 proprie-

183 2339 270 2363 tates
294 2333 324 2363 in
351 2333 435 2363 omni
454 2332 664 2367 invocatione
680 2332 878 2373 cogitandae
897 2337 985 2367 sunt,
1009 2337 1041 2360 ut
1057 2339 1168 2359 verum

184 2375 292 2406 Deum
315 2377 356 2406 ab
377 2376 531 2406 omuibus
557 2376 684 2407 naturis
717 2382 747 2406 ct
772 2374 1009 2405 commenticiis
1034 2372 1169 2403 numini-

185 2419 248 2448 bus
269 2420 508 2450 discernamus.
544 2419 695 2451 Necesse
716 2424 766 2449 est
791 2419 876 2449 enim
901 2418 1048 2458 cogitare
1072 2426 1168 2456 quem

185 2460 387 2503 alloquaris,
417 2463 472 2493 ubi
497 2473 534 2493 se
561 2462 614 2495 hic
637 2462 731 2493 Deus
754 2460 960 2504 patefecerit,
985 2459 1093 2502 qualis
1117 2459 1170 2497 sit,
1195 2474 1198 2490 t

185 2515 227 2536 au
250 2512 282 2535 et
307 2516 364 2535 cur
388 2506 552 2537 exaudiat.

272 2599 441 2632 lntueatur
471 2611 552 2643 ergo
584 2611 678 2632 mens
708 2599 798 2632 hunc
825 2611 940 2633 verum
962 2598 1086 2637 Deum,
1116 2597 1169 2639 qui

1190 213 1193 250 t
1220 217 1256 238 se
1281 206 1437 248 patefecit
1466 207 1569 238 misso
1598 205 1701 245 Filio,
1733 214 1765 238 et
1789 206 1887 238 editis
1917 208 2129 246 testimoniis,
2154 218 2206 239 re·

1191 251 1437 298 [suscitatione
1471 256 1674 281 mortuorum
1705 257 1736 281 et
1766 250 1851 289 aliis,
1883 257 1915 282 et
1948 250 2045 282 simul
2081 252 2207 293 cogitet

1192 294 1306 324 thuna
1340 304 1420 325 vere
1455 294 1660 324 conditorem
1696 303 1773 325 esse
1804 300 1836 325 et
1870 293 2116 335 opitulatorem,
2151 305 2205 326 sa-

1192 344 1195 374 t
1218 337 1374 378 pientetn,
1398 337 1639 375 exaudientem,
1660 347 1827 376 veracem,
1851 338 1986 376 bonum,
2011 338 2206 376 beneficum,

1193 375 1360 418 liustum,
1404 386 1549 418 castum,
1589 381 1790 411 irascentem
1821 381 1974 412 omnibus
2009 381 2206 421 sceleribus,

1192 412 1196 477 ξ
1219 434 1305 465 quae
1330 434 1402 454 cum
1427 423 1490 455 hac
1514 434 1577 454 sua
1600 430 1709 454 mente
1729 430 1761 455 et
1784 423 1954 455 voluntate
1978 430 2137 466 pugnant.

1192 493 1196 526 l
1306 509 1349 541 Ut
1378 510 1479 551 igitur
1503 511 1640 541 castitas
1664 511 1695 540 in
1722 520 1845 552 genere
1874 509 2020 540 humano
2043 509 2207 552 intelliga-

1193 533 1283 589 ltur,
1318 552 1413 595 leges
1449 554 1488 584 de
1513 564 1550 584 ea
1586 554 1729 591 tradidit,
1765 560 1796 585 et
1832 554 2053 584 severissimis
2088 555 2206 594 poenis

1193 581 1196 634 l
1219 596 1418 627 xiolationes
1444 607 1557 627 earum
1584 597 1694 637 punit,
1725 598 1809 627 sicut
1838 607 2047 638 nequaquam
2071 598 2207 629 dubium

1219 646 1282 677 est,
1323 640 1449 670 etiamsi
1490 640 1633 671 humana
1668 641 1788 671 iudicia
1823 639 2033 682 negligenter
2066 641 2207 682 puniunt

1218 694 1326 725 vagas
1349 682 1516 721 libidines,
1540 691 1649 715 tamen
1674 685 1829 715 divinitus
1853 694 1912 715 eas
1935 684 2053 724 puniri.

1306 752 1381 783 Una
1415 753 1513 794 igitur
1538 763 1641 784 causa
1669 758 1720 784 est
1742 754 1846 791 haee,
1882 763 1985 795 quare
2021 753 2207 784 castitatem

1218 795 1322 827 voluit
1358 797 1455 827 nobis
1492 802 1603 827 notam
1639 807 1728 835 esse,
1761 803 1796 828 ut
1831 797 1999 827 discernat
2033 797 2141 838 ipsum
2163 798 2206 828 ab

1192 862 1195 881 Ι
1217 839 1393 871 immundis
1417 840 1554 871 naturis.

1192 888 1196 931 i
1306 921 1423 952 Altera
1457 932 1558 952 eausa
1594 928 1662 959 est,
1697 933 1771 953 cum
1806 921 1901 953 Deus
1936 933 2016 953 vere
2050 923 2093 954 sit
2126 921 2204 954 talis

1192 936 1195 997 Ι
1219 976 1313 996 mens
1339 976 1420 1006 pura
1444 971 1476 996 et
1500 965 1661 1003 ordinata,
1694 964 1764 996 vult
1788 976 1849 996 nos
1874 976 2007 1007 quoque
2031 966 2116 997 intra
2139 976 2206 997 me-

1192 999 1196 1046 i
1222 1014 1285 1046 tas,
1310 1019 1393 1050 quas
1418 1009 1594 1046 ordinavit,
1621 1010 1780 1039 coerceri.
1826 1010 1900 1040 Non
1933 1010 2080 1051 cogitant
2103 1008 2206 1040 homi-

1219 1062 1280 1082 nes
1316 1052 1477 1093 prophani
1513 1058 1545 1083 et
1579 1051 1695 1093 polluti
1724 1051 1785 1082 has
1822 1053 2040 1094 gravissimas
2073 1063 2207 1092 causas,

1221 1096 1280 1126 sed
1307 1096 1414 1126 bonae
1444 1102 1572 1126 mentes
1605 1096 1819 1126 considerent
1844 1106 1920 1134 eas,
1952 1103 1983 1127 et
2008 1094 2106 1127 simul
2130 1107 2208 1137 poe-

1192 1155 1196 1182 1
1220 1150 1334 1170 narum
1360 1139 1619 1181 magnitudinem
1645 1138 1928 1179 contemplentur,
1957 1150 2041 1181 quae
2070 1146 2208 1181 propter

1192 1187 1195 1268 Ι
1219 1182 1374 1214 libidines
1399 1194 1458 1224 per
1481 1189 1584 1214 totum
1609 1193 1716 1224 genus
1741 1182 1920 1214 humanum
1945 1190 2118 1224 vagantur.

1306 1269 1359 1300 Ad
1383 1269 1500 1300 harum
1524 1280 1699 1300 causarum
1714 1269 2014 1301 considerationem
2026 1269 2210 1311 adiungan-

1219 1318 1273 1344 tur
1303 1319 1481 1354 praecepta
1516 1313 1556 1343 de
1589 1313 1742 1343 castitate
1767 1318 1797 1343 et
1822 1323 2004 1354 poenarum
2030 1314 2211 1344 commina-

1218 1358 1338 1393 tiones,
1363 1363 1393 1387 et
1417 1355 1577 1397 exempla.
1612 1355 1652 1386 Et
1676 1356 1780 1397 prima
1806 1367 1870 1386 vox
1895 1356 2077 1397 prohibens
2102 1366 2210 1399 vagas

1219 1399 1389 1438 libidines,
1423 1406 1474 1430 est
1509 1400 1673 1429 sententia
1698 1400 1785 1430 edita
1809 1406 1885 1429 ante
1909 1398 2050 1439 lapsum.
2104 1399 2210 1430 Erunt

1221 1445 1286 1475 duo
1322 1445 1353 1474 in
1389 1453 1521 1473 carnem
1557 1453 1673 1479 unam,
1708 1448 1826 1482 postea
1861 1441 2058 1483 Decalogus
2088 1442 2209 1484 inquit:

1220 1487 1297 1518 Non
1320 1485 1562 1517 moechaberis.
1609 1485 1649 1515 Et
1672 1485 1777 1516 Lex-it.
1804 1485 1853 1516 18.
1888 1491 2105 1516 recensentur
2130 1483 2211 1516 mul-

1220 1540 1273 1562 tae
1308 1530 1549 1571 prohibitiones
1584 1529 1733 1559 incestae
1769 1529 2030 1560 consuetudinis,
2100 1528 2140 1559 Et
2167 1529 2210 1560 ad

1220 1574 1371 1605 Ebraeos
1407 1573 1541 1604 dicitur:
1579 1572 1792 1603 scortatores
1823 1578 1856 1603 et
1878 1570 2052 1603 adulteros
2086 1572 2210 1604 iudica-

1221 1618 1268 1649 bit
1291 1616 1397 1648 Deus.

1307 1686 1349 1717 Et
1375 1686 1403 1717 l.
1429 1685 1506 1716 Cor.
1529 1684 1560 1716 6.
1586 1684 1811 1723 Scortatores,
1834 1683 1975 1721 moechi,
1999 1683 2209 1724 molles,etc.

1220 1741 1286 1763 non
1310 1730 1531 1772 possidebunt
1555 1739 1694 1771 regnum
1718 1727 1792 1760 Dei.

1308 1800 1349 1831 Et
1379 1800 1421 1830 ad
1451 1797 1525 1830 Gal.
1552 1798 1581 1831 5,
1629 1797 1693 1834 Qui
1726 1796 1806 1829 talia
1834 1802 1953 1840 agunt,
1982 1807 2123 1839 regnum
2145 1795 2211 1829 Dei

1220 1855 1287 1876 non
1310 1844 1540 1885 possidebunt..

1307 1913 1433 1955 Ephes.
1459 1912 1489 1944 5.
1538 1912 1654 1942 Omnis
1684 1915 1851 1941 scortator
1880 1914 1936 1940 aut
1965 1909 2208 1940 contaminatus

1222 1968 1288 1989 non
1310 1957 1445 1988 habebit
1468 1956 1706 1987 haereditatem
1731 1955 1763 1985 in
1786 1963 1890 1995 regno
1916 1951 2048 1984 Christi.
2102 1952 2208 1984 Nemo

1221 2012 1284 2032 vos
1309 2001 1451 2041 decipiat
1475 2000 1569 2031 vanis
1593 1998 1816 2029 sermonibus.
1851 1995 1992 2038 Propter
2014 1995 2098 2027 haec
2122 1995 2210 2027 enim

1194 2057 1197 2100 Ι
1222 2046 1311 2077 venit
1335 2045 1385 2075 ira
1407 2043 1472 2074 Dei
1495 2052 1598 2084 super
1620 2042 1861 2073 inobedientes.

1195 2156 1198 2162 ,
1309 2122 1400 2153 Haec
1432 2122 1518 2152 dicta
1550 2127 1626 2152 sunt
1654 2119 1883 2160 interpretatio
1913 2118 2011 2149 huius
2040 2116 2210 2159 praecepti

1222 2167 1252 2197 in
1288 2164 1476 2206 Decalogo,
1511 2175 1595 2206 quae
1630 2174 1760 2204 semper
1785 2163 1816 2194 in
1853 2167 2036 2203 conspectu
2067 2161 2149 2197 sint,
2172 2166 2209 2191 ut

1195 2224 1197 2228 ’
1221 2210 1407 2241 firmissime
1432 2214 1583 2239 teneatur
1606 2207 1769 2237 sententia
1794 2206 1856 2237 Dei
1882 2206 1922 2235 de
1947 2205 2119 2243 castitate,
2144 2214 2208 2234 nec

1222 2254 1386 2284 intuentes
1422 2251 1552 2283 ethnica
1588 2250 1757 2292 exempla,
1793 2249 2005 2281 discedamus
2040 2258 2060 2279 a
2092 2245 2209 2290 regula

1195 2308 1197 2322 ³
1222 2298 1378 2329 divinitus
1402 2296 1531 2327 tradita.

1195 2383 1198 2409 t
1311 2377 1414 2410 Multa
1445 2378 1541 2408 etiam
1571 2387 1755 2418 poenarum
1787 2373 1934 2416 exempla
1966 2374 2062 2405 nobis
2086 2383 2207 2414 propo-

1222 2433 1350 2455 namus,
1387 2421 1615 2453 Certissimmu
1631 2426 1679 2450 est
1705 2426 1850 2450 atrocem
1874 2417 2085 2449 violationem
2111 2416 2207 2448 huius

1223 2467 1390 2509 praecepti
1427 2465 1597 2495 atrocibus
1632 2464 1749 2504 poenis
1785 2463 1881 2493 etiam
1915 2462 1947 2492 in
1978 2461 2042 2491 hac
2077 2458 2208 2491 mortali

1224 2511 1289 2542 vita
1320 2509 1444 2550 puniri,
1477 2508 1561 2537 sit-ut
1593 2506 1752 2537 historiae
1783 2506 2021 2541 Sodomorum,
2057 2503 2207 2540 Doridis,

1224 2554 1405 2595 principum
1432 2550 1535 2582 lsrael
1566 2552 1595 2581 in
1623 2551 1780 2581 vicesimo
1810 2550 1924 2591 quinto
1956 2549 2062 2589 capite
2087 2547 2207 2577 Nume-

1224 2608 1335 2628 rorum
1359 2595 1549 2627 ostendunt.
1594 2594 1635 2626 Et
1659 2594 1811 2625 omnibus
1836 2592 2038 2634 temporibus
2063 2590 2206 2621 omnium
