<?xml version="1.0" encoding="UTF-8"?>
<!DOCTYPE html PUBLIC "-//W3C//DTD XHTML 1.0 Transitional//EN"
    "http://www.w3.org/TR/xhtml1/DTD/xhtml1-transitional.dtd">
<html xmlns="http://www.w3.org/1999/xhtml" xml:lang="en" lang="en">
 <head>
  <title>
</title>
<meta http-equiv="Content-Type" content="text/html;charset=utf-8" />
  <meta name='ocr-system' content='tesseract 3.04.00' />
  <meta name='ocr-capabilities' content='ocr_page ocr_carea ocr_par ocr_line ocrx_word'/>
</head>
<body>
  <div class='ocr_page' id='page_1' title='image "./operaquaesupersu23melauoft_0319.png"; bbox 0 0 2383 2990; ppageno 0'>
   <div class='ocr_carea' id='block_1_1' title="bbox 165 147 231 178">
    <p class='ocr_par' dir='ltr' id='par_1_1' title="bbox 165 147 231 178">
     <span class='ocr_line' id='line_1_1' title="bbox 165 147 231 178; baseline 0 0"><span class='ocrx_word' id='word_1_1' title='bbox 165 147 231 178; x_wconf 86' lang='lat'>505</span> 
     </span>
    </p>
   </div>
   <div class='ocr_carea' id='block_1_2' title="bbox 162 239 1155 934">
    <p class='ocr_par' dir='ltr' id='par_1_2' title="bbox 162 239 1155 934">
     <span class='ocr_line' id='line_1_2' title="bbox 252 239 1153 283; baseline -0.002 -10"><span class='ocrx_word' id='word_1_2' title='bbox 252 242 449 283; x_wconf 85' lang='lat' dir='ltr'><strong>Quanquam</strong></span> <span class='ocrx_word' id='word_1_3' title='bbox 478 247 587 272; x_wconf 87' lang='lat' dir='ltr'>autem</span> <span class='ocrx_word' id='word_1_4' title='bbox 621 239 752 282; x_wconf 83' lang='lat' dir='ltr'>aliquae</span> <span class='ocrx_word' id='word_1_5' title='bbox 785 241 949 279; x_wconf 77' lang='lat' dir='ltr'>actiones,</span> <span class='ocrx_word' id='word_1_6' title='bbox 981 240 1153 273; x_wconf 87' lang='lat' dir='ltr'>vivificare</span> 
     </span>
     <span class='ocr_line' id='line_1_3' title="bbox 165 284 1153 325; baseline -0.003 -7"><span class='ocrx_word' id='word_1_7' title='bbox 165 292 221 318; x_wconf 85' lang='lat' dir='ltr'>aut</span> <span class='ocrx_word' id='word_1_8' title='bbox 249 286 452 317; x_wconf 85' lang='lat' dir='ltr'>resuscitare</span> <span class='ocrx_word' id='word_1_9' title='bbox 485 291 634 316; x_wconf 88' lang='lat' dir='ltr'>mortuos</span> <span class='ocrx_word' id='word_1_10' title='bbox 661 290 853 325; x_wconf 86' lang='lat' dir='ltr'>competunt</span> <span class='ocrx_word' id='word_1_11' title='bbox 877 284 1011 315; x_wconf 87' lang='lat' dir='ltr'>Christo</span> <span class='ocrx_word' id='word_1_12' title='bbox 1035 294 1153 315; x_wconf 93' lang='lat' dir='ltr'>secun·</span> 
     </span>
     <span class='ocr_line' id='line_1_4' title="bbox 165 328 1154 362; baseline -0.004 0"><span class='ocrx_word' id='word_1_13' title='bbox 165 330 241 362; x_wconf 84' lang='grc'><strong>(11101</strong></span> <span class='ocrx_word' id='word_1_14' title='bbox 274 336 426 360; x_wconf 85' lang='lat' dir='ltr'>naturam</span> <span class='ocrx_word' id='word_1_15' title='bbox 461 328 622 359; x_wconf 84' lang='lat' dir='ltr'>divinam:</span> <span class='ocrx_word' id='word_1_16' title='bbox 664 334 774 360; x_wconf 90' lang='lat' dir='ltr'>tamen</span> <span class='ocrx_word' id='word_1_17' title='bbox 815 329 964 359; x_wconf 79' lang='lat' dir='ltr'><strong>actiones</strong></span> <span class='ocrx_word' id='word_1_18' title='bbox 999 328 1154 359; x_wconf 87' lang='lat' dir='ltr'>dicuntur</span> 
     </span>
     <span class='ocr_line' id='line_1_5' title="bbox 165 371 1152 412; baseline -0.003 -8"><span class='ocrx_word' id='word_1_19' title='bbox 165 384 244 405; x_wconf 87' lang='lat' dir='ltr'>esse</span> <span class='ocrx_word' id='word_1_20' title='bbox 277 373 379 403; x_wconf 87' lang='lat' dir='ltr'>totius</span> <span class='ocrx_word' id='word_1_21' title='bbox 414 381 579 412; x_wconf 78' lang='lat' dir='ltr'><strong>personae</strong></span> <span class='ocrx_word' id='word_1_22' title='bbox 614 372 911 402; x_wconf 73' lang='lat' dir='ltr'>communicatione</span> <span class='ocrx_word' id='word_1_23' title='bbox 945 371 1152 408; x_wconf 81' lang='lat' dir='ltr'>Idiomatum,</span> 
     </span>
     <span class='ocr_line' id='line_1_6' title="bbox 164 414 1154 452; baseline -0.004 -4"><span class='ocrx_word' id='word_1_24' title='bbox 164 422 200 448; x_wconf 86' lang='lat' dir='ltr'>ut</span> <span class='ocrx_word' id='word_1_25' title='bbox 224 416 378 448; x_wconf 80' lang='lat' dir='ltr'>dicimus:</span> <span class='ocrx_word' id='word_1_26' title='bbox 413 414 512 446; x_wconf 89' lang='lat' dir='ltr'>homo</span> <span class='ocrx_word' id='word_1_27' title='bbox 536 421 704 452; x_wconf 90' lang='lat' dir='ltr'>numerat,</span> <span class='ocrx_word' id='word_1_28' title='bbox 739 415 866 446; x_wconf 83' lang='lat' dir='ltr'>etiamsi</span> <span class='ocrx_word' id='word_1_29' title='bbox 896 421 1021 445; x_wconf 80' lang='lat' dir='ltr'>tantum</span> <span class='ocrx_word' id='word_1_30' title='bbox 1045 420 1154 445; x_wconf 87' lang='lat' dir='ltr'>mente</span> 
     </span>
     <span class='ocr_line' id='line_1_7' title="bbox 162 458 1154 491; baseline -0.003 -1"><span class='ocrx_word' id='word_1_31' title='bbox 162 465 326 491; x_wconf 84' lang='lat' dir='ltr'>numerat.</span> <span class='ocrx_word' id='word_1_32' title='bbox 382 458 480 489; x_wconf 77' lang='lat' dir='ltr'>Fiunt</span> <span class='ocrx_word' id='word_1_33' title='bbox 512 458 576 489; x_wconf 89' lang='lat' dir='ltr'>iam</span> <span class='ocrx_word' id='word_1_34' title='bbox 610 458 675 489; x_wconf 88' lang='lat' dir='ltr'>hae</span> <span class='ocrx_word' id='word_1_35' title='bbox 704 459 854 488; x_wconf 83' lang='lat' dir='ltr'>actiones</span> <span class='ocrx_word' id='word_1_36' title='bbox 888 458 921 488; x_wconf 87' lang='lat' dir='ltr'>in</span> <span class='ocrx_word' id='word_1_37' title='bbox 955 464 1075 488; x_wconf 88' lang='lat' dir='ltr'>natura</span> <span class='ocrx_word' id='word_1_38' title='bbox 1104 467 1154 487; x_wconf 89' lang='lat' dir='ltr'>as-</span> 
     </span>
     <span class='ocr_line' id='line_1_8' title="bbox 164 499 1154 543; baseline -0.002 -10"><span class='ocrx_word' id='word_1_39' title='bbox 164 509 284 541; x_wconf 86' lang='lat' dir='ltr'>sumta,</span> <span class='ocrx_word' id='word_1_40' title='bbox 304 508 336 533; x_wconf 86' lang='lat' dir='ltr'>et</span> <span class='ocrx_word' id='word_1_41' title='bbox 358 503 434 532; x_wconf 89' lang='lat' dir='ltr'>ideo</span> <span class='ocrx_word' id='word_1_42' title='bbox 459 500 551 539; x_wconf 88' lang='lat' dir='ltr'>fiunt,</span> <span class='ocrx_word' id='word_1_43' title='bbox 575 502 652 543; x_wconf 91' lang='lat' dir='ltr'>quia</span> <span class='ocrx_word' id='word_1_44' title='bbox 671 502 838 532; x_wconf 81' lang='lat' dir='ltr'>decretum</span> <span class='ocrx_word' id='word_1_45' title='bbox 859 501 900 531; x_wconf 92' lang='lat' dir='ltr'>de</span> <span class='ocrx_word' id='word_1_46' title='bbox 923 499 980 532; x_wconf 92' lang='lat' dir='ltr'>illo</span> <span class='ocrx_word' id='word_1_47' title='bbox 1006 500 1154 535; x_wconf 82' lang='lat' dir='ltr'>mirando</span> 
     </span>
     <span class='ocr_line' id='line_1_9' title="bbox 164 543 1154 582; baseline -0.002 -6"><span class='ocrx_word' id='word_1_48' title='bbox 164 545 301 578; x_wconf 86' lang='lat' dir='ltr'>foedere</span> <span class='ocrx_word' id='word_1_49' title='bbox 324 545 448 576; x_wconf 81' lang='lat' dir='ltr'>factum</span> <span class='ocrx_word' id='word_1_50' title='bbox 475 551 544 582; x_wconf 81' lang='lat' dir='ltr'>est,</span> <span class='ocrx_word' id='word_1_51' title='bbox 577 543 732 576; x_wconf 90' lang='lat' dir='ltr'>videlicet</span> <span class='ocrx_word' id='word_1_52' title='bbox 757 545 798 575; x_wconf 83' lang='lat' dir='ltr'>de</span> <span class='ocrx_word' id='word_1_53' title='bbox 822 543 904 574; x_wconf 82' lang='lat' dir='ltr'>Filio</span> <span class='ocrx_word' id='word_1_54' title='bbox 929 544 1087 575; x_wconf 88' lang='lat' dir='ltr'>mittendo</span> <span class='ocrx_word' id='word_1_55' title='bbox 1112 544 1154 574; x_wconf 89' lang='lat' dir='ltr'>ad</span> 
     </span>
     <span class='ocr_line' id='line_1_10' title="bbox 164 586 1153 621; baseline -0.003 -1"><span class='ocrx_word' id='word_1_56' title='bbox 164 589 399 621; x_wconf 72' lang='lat' dir='ltr'>assumendam</span> <span class='ocrx_word' id='word_1_57' title='bbox 423 589 599 619; x_wconf 76' lang='lat' dir='ltr'>humanam</span> <span class='ocrx_word' id='word_1_58' title='bbox 624 594 785 619; x_wconf 83' lang='lat' dir='ltr'>naturam.</span> <span class='ocrx_word' id='word_1_59' title='bbox 831 586 873 618; x_wconf 87' lang='lat' dir='ltr'>Et</span> <span class='ocrx_word' id='word_1_60' title='bbox 897 587 977 619; x_wconf 78' lang='lat' dir='ltr'>fiunt</span> <span class='ocrx_word' id='word_1_61' title='bbox 1002 588 1153 618; x_wconf 73' lang='lat' dir='ltr'>actiones</span> 
     </span>
     <span class='ocr_line' id='line_1_11' title="bbox 163 631 1154 668; baseline -0.002 -5"><span class='ocrx_word' id='word_1_62' title='bbox 163 632 286 664; x_wconf 81' lang='lat' dir='ltr'>multae</span> <span class='ocrx_word' id='word_1_63' title='bbox 305 632 485 663; x_wconf 84' lang='lat' dir='ltr'>ministerio</span> <span class='ocrx_word' id='word_1_64' title='bbox 510 638 679 662; x_wconf 74' lang='lat' dir='ltr'>assumtae</span> <span class='ocrx_word' id='word_1_65' title='bbox 702 637 852 668; x_wconf 84' lang='lat' dir='ltr'>naturae,</span> <span class='ocrx_word' id='word_1_66' title='bbox 876 637 910 661; x_wconf 90' lang='lat' dir='ltr'>ut</span> <span class='ocrx_word' id='word_1_67' title='bbox 935 641 1009 662; x_wconf 90' lang='lat' dir='ltr'>cum</span> <span class='ocrx_word' id='word_1_68' title='bbox 1033 631 1154 662; x_wconf 90' lang='lat' dir='ltr'>iudica-</span> 
     </span>
     <span class='ocr_line' id='line_1_12' title="bbox 164 673 1155 712; baseline -0.003 -5"><span class='ocrx_word' id='word_1_69' title='bbox 164 677 210 707; x_wconf 90' lang='lat' dir='ltr'>bit</span> <span class='ocrx_word' id='word_1_70' title='bbox 234 674 335 707; x_wconf 84' lang='lat' dir='ltr'>Filius</span> <span class='ocrx_word' id='word_1_71' title='bbox 359 675 578 712; x_wconf 66' lang='lat' dir='ltr'>resuscitatos</span> <span class='ocrx_word' id='word_1_72' title='bbox 602 673 788 712; x_wconf 65' lang='lat' dir='ltr'>visibiliter,</span> <span class='ocrx_word' id='word_1_73' title='bbox 812 674 966 705; x_wconf 89' lang='lat' dir='ltr'>iudicium</span> <span class='ocrx_word' id='word_1_74' title='bbox 992 684 1070 705; x_wconf 82' lang='lat' dir='ltr'>vere</span> <span class='ocrx_word' id='word_1_75' title='bbox 1094 674 1155 705; x_wconf 87' lang='lat' dir='ltr'>erit</span> 
     </span>
     <span class='ocr_line' id='line_1_13' title="bbox 163 718 1153 761; baseline -0.002 -11"><span class='ocrx_word' id='word_1_76' title='bbox 163 719 331 761; x_wconf 83' lang='lat' dir='ltr'>potentiae</span> <span class='ocrx_word' id='word_1_77' title='bbox 356 719 496 756; x_wconf 85' lang='lat' dir='ltr'>divinae,</span> <span class='ocrx_word' id='word_1_78' title='bbox 521 718 582 748; x_wconf 87' lang='lat' dir='ltr'>sed</span> <span class='ocrx_word' id='word_1_79' title='bbox 606 718 787 748; x_wconf 88' lang='lat' dir='ltr'>ministerio</span> <span class='ocrx_word' id='word_1_80' title='bbox 812 723 948 748; x_wconf 88' lang='lat' dir='ltr'>naturae</span> <span class='ocrx_word' id='word_1_81' title='bbox 971 724 1153 755; x_wconf 79' lang='lat' dir='ltr'>assumtae,</span> 
     </span>
     <span class='ocr_line' id='line_1_14' title="bbox 165 759 1154 803; baseline -0.004 -9"><span class='ocrx_word' id='word_1_82' title='bbox 165 763 252 794; x_wconf 79' lang='lat' dir='ltr'>sicut</span> <span class='ocrx_word' id='word_1_83' title='bbox 274 762 392 803; x_wconf 88' lang='lat' dir='ltr'>inquit:</span> <span class='ocrx_word' id='word_1_84' title='bbox 418 762 524 792; x_wconf 82' lang='lat' dir='ltr'>Omne</span> <span class='ocrx_word' id='word_1_85' title='bbox 546 761 702 792; x_wconf 89' lang='lat' dir='ltr'>iudicium</span> <span class='ocrx_word' id='word_1_86' title='bbox 727 761 814 791; x_wconf 80' lang='lat' dir='ltr'>dedit</span> <span class='ocrx_word' id='word_1_87' title='bbox 828 760 922 791; x_wconf 82' lang='lat' dir='ltr'>Filio.</span> <span class='ocrx_word' id='word_1_88' title='bbox 962 759 1019 792; x_wconf 77' lang='lat' dir='ltr'>Est</span> <span class='ocrx_word' id='word_1_89' title='bbox 1043 768 1154 791; x_wconf 87' lang='lat' dir='ltr'>autem</span> 
     </span>
     <span class='ocr_line' id='line_1_15' title="bbox 163 803 1154 845; baseline -0.003 -8"><span class='ocrx_word' id='word_1_90' title='bbox 163 812 197 837; x_wconf 91' lang='lat' dir='ltr'>et</span> <span class='ocrx_word' id='word_1_91' title='bbox 220 816 282 836; x_wconf 80' lang='lat' dir='ltr'>sua</span> <span class='ocrx_word' id='word_1_92' title='bbox 305 804 458 836; x_wconf 85' lang='lat' dir='ltr'>efficacia</span> <span class='ocrx_word' id='word_1_93' title='bbox 482 811 617 835; x_wconf 85' lang='lat' dir='ltr'>naturae</span> <span class='ocrx_word' id='word_1_94' title='bbox 651 810 833 841; x_wconf 80' lang='lat' dir='ltr'>assumtae,</span> <span class='ocrx_word' id='word_1_95' title='bbox 868 814 953 845; x_wconf 89' lang='lat' dir='ltr'>quae</span> <span class='ocrx_word' id='word_1_96' title='bbox 984 803 1154 835; x_wconf 85' lang='lat' dir='ltr'>antecellit</span> 
     </span>
     <span class='ocr_line' id='line_1_16' title="bbox 165 845 1154 890; baseline -0.002 -10"><span class='ocrx_word' id='word_1_97' title='bbox 165 850 317 880; x_wconf 88' lang='lat' dir='ltr'>omnibus</span> <span class='ocrx_word' id='word_1_98' title='bbox 343 849 506 880; x_wconf 79' lang='lat' dir='ltr'>creaturis</span> <span class='ocrx_word' id='word_1_99' title='bbox 528 848 690 888; x_wconf 86' lang='lat' dir='ltr'>potentia,</span> <span class='ocrx_word' id='word_1_100' title='bbox 717 852 749 878; x_wconf 86' lang='lat' dir='ltr'>et</span> <span class='ocrx_word' id='word_1_101' title='bbox 770 845 875 878; x_wconf 83' lang='lat' dir='ltr'>multa</span> <span class='ocrx_word' id='word_1_102' title='bbox 897 854 1050 889; x_wconf 89' lang='lat' dir='ltr'>potenter</span> <span class='ocrx_word' id='word_1_103' title='bbox 1074 848 1154 890; x_wconf 82' lang='lat' dir='ltr'>agit,</span> 
     </span>
     <span class='ocr_line' id='line_1_17' title="bbox 164 893 593 934; baseline -0.007 -10"><span class='ocrx_word' id='word_1_104' title='bbox 164 903 249 934; x_wconf 87' lang='lat' dir='ltr'>quae</span> <span class='ocrx_word' id='word_1_105' title='bbox 272 893 371 934; x_wconf 80' lang='lat' dir='ltr'>capiti</span> <span class='ocrx_word' id='word_1_106' title='bbox 394 897 593 933; x_wconf 82' lang='lat' dir='ltr'>congruunt.</span> 
     </span>
    </p>
   </div>
   <div class='ocr_carea' id='block_1_3' title="bbox 162 975 1154 1150">
    <p class='ocr_par' dir='ltr' id='par_1_3' title="bbox 162 975 1154 1150">
     <span class='ocr_line' id='line_1_18' title="bbox 251 975 1153 1018; baseline -0.002 -8"><span class='ocrx_word' id='word_1_107' title='bbox 251 977 408 1010; x_wconf 82' lang='lat' dir='ltr'>Secundo</span> <span class='ocrx_word' id='word_1_108' title='bbox 433 976 587 1008; x_wconf 78' lang='lat' dir='ltr'>Christus</span> <span class='ocrx_word' id='word_1_109' title='bbox 618 982 670 1007; x_wconf 85' lang='lat' dir='ltr'>est</span> <span class='ocrx_word' id='word_1_110' title='bbox 700 982 797 1018; x_wconf 86' lang='lat' dir='ltr'>caput</span> <span class='ocrx_word' id='word_1_111' title='bbox 831 975 1056 1018; x_wconf 84' lang='lat' dir='ltr'>perfectione,</span> <span class='ocrx_word' id='word_1_112' title='bbox 1086 987 1153 1008; x_wconf 88' lang='lat' dir='ltr'>non</span> 
     </span>
     <span class='ocr_line' id='line_1_19' title="bbox 163 1020 1154 1059; baseline -0.002 -6"><span class='ocrx_word' id='word_1_113' title='bbox 163 1020 272 1053; x_wconf 86' lang='lat' dir='ltr'>solum</span> <span class='ocrx_word' id='word_1_114' title='bbox 297 1022 386 1052; x_wconf 82' lang='lat' dir='ltr'>iuxta</span> <span class='ocrx_word' id='word_1_115' title='bbox 406 1021 548 1052; x_wconf 82' lang='lat' dir='ltr'>divinam</span> <span class='ocrx_word' id='word_1_116' title='bbox 571 1027 739 1058; x_wconf 87' lang='lat' dir='ltr'>naturam,</span> <span class='ocrx_word' id='word_1_117' title='bbox 762 1020 820 1050; x_wconf 79' lang='lat' dir='ltr'>sed</span> <span class='ocrx_word' id='word_1_118' title='bbox 846 1021 941 1051; x_wconf 84' lang='lat' dir='ltr'>ctiam</span> <span class='ocrx_word' id='word_1_119' title='bbox 966 1020 1154 1059; x_wconf 82' lang='lat' dir='ltr'>humanam,</span> 
     </span>
     <span class='ocr_line' id='line_1_20' title="bbox 163 1062 1153 1107; baseline -0.001 -12"><span class='ocrx_word' id='word_1_120' title='bbox 163 1065 241 1107; x_wconf 84' lang='lat' dir='ltr'>quia</span> <span class='ocrx_word' id='word_1_121' title='bbox 275 1071 306 1096; x_wconf 88' lang='lat' dir='ltr'>et</span> <span class='ocrx_word' id='word_1_122' title='bbox 339 1064 483 1096; x_wconf 88' lang='lat' dir='ltr'>humana</span> <span class='ocrx_word' id='word_1_123' title='bbox 515 1070 634 1095; x_wconf 85' lang='lat' dir='ltr'>natura</span> <span class='ocrx_word' id='word_1_124' title='bbox 669 1064 700 1094; x_wconf 95' lang='lat' dir='ltr'>in</span> <span class='ocrx_word' id='word_1_125' title='bbox 731 1063 866 1094; x_wconf 75' lang='lat' dir='ltr'>Christo</span> <span class='ocrx_word' id='word_1_126' title='bbox 904 1062 1074 1095; x_wconf 87' lang='lat' dir='ltr'>antecellit</span> <span class='ocrx_word' id='word_1_127' title='bbox 1101 1074 1153 1094; x_wconf 85' lang='lat' dir='ltr'>sa-</span> 
     </span>
     <span class='ocr_line' id='line_1_21' title="bbox 162 1106 1101 1150; baseline -0.002 -10"><span class='ocrx_word' id='word_1_128' title='bbox 162 1109 285 1150; x_wconf 85' lang='lat' dir='ltr'>pientia</span> <span class='ocrx_word' id='word_1_129' title='bbox 309 1114 342 1139; x_wconf 90' lang='lat' dir='ltr'>et</span> <span class='ocrx_word' id='word_1_130' title='bbox 365 1108 488 1139; x_wconf 86' lang='lat' dir='ltr'>iustitia</span> <span class='ocrx_word' id='word_1_131' title='bbox 512 1108 665 1138; x_wconf 87' lang='lat' dir='ltr'>omnibus</span> <span class='ocrx_word' id='word_1_132' title='bbox 691 1106 821 1149; x_wconf 81' lang='lat' dir='ltr'>angelis</span> <span class='ocrx_word' id='word_1_133' title='bbox 845 1113 877 1138; x_wconf 92' lang='lat' dir='ltr'>et</span> <span class='ocrx_word' id='word_1_134' title='bbox 902 1106 1101 1139; x_wconf 85' lang='lat' dir='ltr'>homiuibus.</span> 
     </span>
    </p>
   </div>
   <div class='ocr_carea' id='block_1_4' title="bbox 162 1193 1155 1356">
    <p class='ocr_par' dir='ltr' id='par_1_4' title="bbox 162 1193 1155 1356">
     <span class='ocr_line' id='line_1_22' title="bbox 250 1193 1153 1235; baseline -0.001 -10"><span class='ocrx_word' id='word_1_135' title='bbox 250 1194 362 1226; x_wconf 87' lang='lat' dir='ltr'>Tertio</span> <span class='ocrx_word' id='word_1_136' title='bbox 386 1200 437 1225; x_wconf 90' lang='lat' dir='ltr'>est</span> <span class='ocrx_word' id='word_1_137' title='bbox 462 1200 563 1235; x_wconf 85' lang='lat' dir='ltr'>caput</span> <span class='ocrx_word' id='word_1_138' title='bbox 595 1194 725 1233; x_wconf 88' lang='lat' dir='ltr'>merito,</span> <span class='ocrx_word' id='word_1_139' title='bbox 760 1194 851 1224; x_wconf 83' lang='lat' dir='ltr'>iuxta</span> <span class='ocrx_word' id='word_1_140' title='bbox 886 1193 1061 1224; x_wconf 86' lang='lat' dir='ltr'>humanam</span> <span class='ocrx_word' id='word_1_141' title='bbox 1096 1204 1153 1224; x_wconf 90' lang='lat' dir='ltr'>na-</span> 
     </span>
     <span class='ocr_line' id='line_1_23' title="bbox 164 1235 1155 1279; baseline -0.001 -10"><span class='ocrx_word' id='word_1_142' title='bbox 164 1244 288 1275; x_wconf 80' lang='lat' dir='ltr'>turam,</span> <span class='ocrx_word' id='word_1_143' title='bbox 313 1239 400 1279; x_wconf 88' lang='lat' dir='ltr'>quia,</span> <span class='ocrx_word' id='word_1_144' title='bbox 425 1248 499 1269; x_wconf 88' lang='lat' dir='ltr'>cum</span> <span class='ocrx_word' id='word_1_145' title='bbox 522 1235 765 1278; x_wconf 74' lang='lat' dir='ltr'>perfectissima</span> <span class='ocrx_word' id='word_1_146' title='bbox 789 1237 976 1268; x_wconf 89' lang='lat' dir='ltr'>obedientia</span> <span class='ocrx_word' id='word_1_147' title='bbox 1001 1238 1155 1268; x_wconf 79' lang='lat' dir='ltr'>meruerit</span> 
     </span>
     <span class='ocr_line' id='line_1_24' title="bbox 163 1280 1153 1322; baseline -0.001 -10"><span class='ocrx_word' id='word_1_148' title='bbox 163 1280 339 1313; x_wconf 80' lang='lat' dir='ltr'>Ecclesiae</span> <span class='ocrx_word' id='word_1_149' title='bbox 363 1281 625 1318; x_wconf 84' lang='lat' dir='ltr'>Redemtionem,</span> <span class='ocrx_word' id='word_1_150' title='bbox 661 1281 781 1311; x_wconf 90' lang='lat' dir='ltr'>iustum</span> <span class='ocrx_word' id='word_1_151' title='bbox 815 1287 867 1312; x_wconf 88' lang='lat' dir='ltr'>est</span> <span class='ocrx_word' id='word_1_152' title='bbox 901 1291 975 1311; x_wconf 89' lang='grc'><strong>611111</strong></span> <span class='ocrx_word' id='word_1_153' title='bbox 1003 1281 1153 1322; x_wconf 85' lang='lat' dir='ltr'>superio-</span> 
     </span>
     <span class='ocr_line' id='line_1_25' title="bbox 162 1322 701 1356; baseline -0.004 0"><span class='ocrx_word' id='word_1_154' title='bbox 162 1335 232 1356; x_wconf 88' lang='lat' dir='ltr'>rem</span> <span class='ocrx_word' id='word_1_155' title='bbox 256 1335 332 1356; x_wconf 85' lang='lat' dir='ltr'>esse</span> <span class='ocrx_word' id='word_1_156' title='bbox 356 1325 513 1356; x_wconf 86' lang='lat' dir='ltr'>universa</span> <span class='ocrx_word' id='word_1_157' title='bbox 535 1322 701 1355; x_wconf 82' lang='lat' dir='ltr'>Ecclesia.</span> 
     </span>
    </p>
   </div>
   <div class='ocr_carea' id='block_1_5' title="bbox 161 1408 1153 1789">
    <p class='ocr_par' dir='ltr' id='par_1_5' title="bbox 161 1408 1153 1789">
     <span class='ocr_line' id='line_1_26' title="bbox 251 1408 1152 1447; baseline 0 -6"><span class='ocrx_word' id='word_1_158' title='bbox 251 1410 378 1445; x_wconf 86' lang='lat' dir='ltr'>Quarto</span> <span class='ocrx_word' id='word_1_159' title='bbox 403 1410 519 1441; x_wconf 86' lang='lat' dir='ltr'>ordine</span> <span class='ocrx_word' id='word_1_160' title='bbox 537 1410 627 1441; x_wconf 81' lang='lat' dir='ltr'>iuxta</span> <span class='ocrx_word' id='word_1_161' title='bbox 650 1408 851 1447; x_wconf 81' lang='lat' dir='ltr'>missionem,</span> <span class='ocrx_word' id='word_1_162' title='bbox 875 1410 962 1440; x_wconf 88' lang='lat' dir='ltr'>sicut</span> <span class='ocrx_word' id='word_1_163' title='bbox 986 1409 1152 1441; x_wconf 87' lang='lat' dir='ltr'>Iohannes</span> 
     </span>
     <span class='ocr_line' id='line_1_27' title="bbox 162 1452 1153 1495; baseline -0.001 -10"><span class='ocrx_word' id='word_1_164' title='bbox 162 1454 282 1495; x_wconf 90' lang='lat' dir='ltr'>inquit:</span> <span class='ocrx_word' id='word_1_165' title='bbox 319 1453 414 1484; x_wconf 87' lang='lat' dir='ltr'>Prior</span> <span class='ocrx_word' id='word_1_166' title='bbox 448 1464 500 1484; x_wconf 91' lang='lat' dir='ltr'>me</span> <span class='ocrx_word' id='word_1_167' title='bbox 536 1459 597 1491; x_wconf 84' lang='lat' dir='ltr'>est,</span> <span class='ocrx_word' id='word_1_168' title='bbox 632 1453 709 1494; x_wconf 84' lang='lat' dir='ltr'>quia</span> <span class='ocrx_word' id='word_1_169' title='bbox 733 1453 872 1493; x_wconf 88' lang='lat' dir='ltr'>primum</span> <span class='ocrx_word' id='word_1_170' title='bbox 898 1452 981 1484; x_wconf 90' lang='lat' dir='ltr'>haec</span> <span class='ocrx_word' id='word_1_171' title='bbox 1005 1454 1153 1485; x_wconf 90' lang='lat' dir='ltr'>secunda</span> 
     </span>
     <span class='ocr_line' id='line_1_28' title="bbox 161 1495 1153 1539; baseline 0 -11"><span class='ocrx_word' id='word_1_172' title='bbox 161 1507 307 1539; x_wconf 88' lang='lat' dir='ltr'>persona</span> <span class='ocrx_word' id='word_1_173' title='bbox 330 1502 466 1538; x_wconf 88' lang='lat' dir='ltr'>propter</span> <span class='ocrx_word' id='word_1_174' title='bbox 495 1497 665 1527; x_wconf 87' lang='lat' dir='ltr'>decretum</span> <span class='ocrx_word' id='word_1_175' title='bbox 700 1496 741 1527; x_wconf 85' lang='lat' dir='ltr'>de</span> <span class='ocrx_word' id='word_1_176' title='bbox 775 1497 976 1527; x_wconf 84' lang='lat' dir='ltr'>assumenda</span> <span class='ocrx_word' id='word_1_177' title='bbox 1009 1495 1153 1528; x_wconf 80' lang='lat' dir='ltr'>humana</span> 
     </span>
     <span class='ocr_line' id='line_1_29' title="bbox 161 1538 1152 1582; baseline -0.001 -10"><span class='ocrx_word' id='word_1_178' title='bbox 161 1546 280 1572; x_wconf 88' lang='lat' dir='ltr'>natura</span> <span class='ocrx_word' id='word_1_179' title='bbox 314 1541 355 1571; x_wconf 89' lang='lat' dir='ltr'>ad</span> <span class='ocrx_word' id='word_1_180' title='bbox 385 1538 574 1572; x_wconf 74' lang='lat' dir='ltr'>Ecclesiam</span> <span class='ocrx_word' id='word_1_181' title='bbox 608 1540 711 1570; x_wconf 72' lang='lat' dir='ltr'>missa</span> <span class='ocrx_word' id='word_1_182' title='bbox 746 1546 808 1571; x_wconf 89' lang='lat' dir='ltr'>est.</span> <span class='ocrx_word' id='word_1_183' title='bbox 854 1539 1010 1582; x_wconf 82' lang='lat' dir='ltr'>Dignitas</span> <span class='ocrx_word' id='word_1_184' title='bbox 1041 1546 1152 1571; x_wconf 85' lang='lat' dir='ltr'>autem</span> 
     </span>
     <span class='ocr_line' id='line_1_30' title="bbox 162 1582 1153 1625; baseline -0.001 -10"><span class='ocrx_word' id='word_1_185' title='bbox 162 1585 225 1615; x_wconf 88' lang='lat' dir='ltr'>etsi</span> <span class='ocrx_word' id='word_1_186' title='bbox 248 1594 376 1615; x_wconf 86' lang='lat' dir='ltr'>summa</span> <span class='ocrx_word' id='word_1_187' title='bbox 400 1590 462 1622; x_wconf 89' lang='lat' dir='ltr'>est,</span> <span class='ocrx_word' id='word_1_188' title='bbox 492 1590 524 1615; x_wconf 91' lang='lat' dir='ltr'>et</span> <span class='ocrx_word' id='word_1_189' title='bbox 546 1591 683 1624; x_wconf 86' lang='lat' dir='ltr'>propter</span> <span class='ocrx_word' id='word_1_190' title='bbox 707 1582 768 1614; x_wconf 83' lang='lat' dir='ltr'>has</span> <span class='ocrx_word' id='word_1_191' title='bbox 792 1593 925 1622; x_wconf 78' lang='lat' dir='ltr'>causas,</span> <span class='ocrx_word' id='word_1_192' title='bbox 961 1594 1045 1625; x_wconf 88' lang='lat' dir='ltr'>quas</span> <span class='ocrx_word' id='word_1_193' title='bbox 1070 1584 1153 1614; x_wconf 90' lang='lat' dir='ltr'>reci-</span> 
     </span>
     <span class='ocr_line' id='line_1_31' title="bbox 162 1625 1150 1668; baseline -0.001 -9"><span class='ocrx_word' id='word_1_194' title='bbox 162 1628 242 1666; x_wconf 84' lang='lat' dir='ltr'>tavi,</span> <span class='ocrx_word' id='word_1_195' title='bbox 267 1627 465 1665; x_wconf 85' lang='lat' dir='ltr'>efficaciam,</span> <span class='ocrx_word' id='word_1_196' title='bbox 489 1625 740 1668; x_wconf 84' lang='lat' dir='ltr'>perfectionem,</span> <span class='ocrx_word' id='word_1_197' title='bbox 764 1627 912 1658; x_wconf 90' lang='lat' dir='ltr'>meritum</span> <span class='ocrx_word' id='word_1_198' title='bbox 932 1632 963 1658; x_wconf 90' lang='lat' dir='ltr'>et</span> <span class='ocrx_word' id='word_1_199' title='bbox 984 1627 1150 1658; x_wconf 81' lang='lat' dir='ltr'>ordinem:</span> 
     </span>
     <span class='ocr_line' id='line_1_32' title="bbox 161 1670 1152 1712; baseline -0.001 -10"><span class='ocrx_word' id='word_1_200' title='bbox 161 1676 271 1702; x_wconf 84' lang='lat' dir='ltr'>tamen</span> <span class='ocrx_word' id='word_1_201' title='bbox 295 1681 355 1711; x_wconf 88' lang='lat' dir='ltr'>per</span> <span class='ocrx_word' id='word_1_202' title='bbox 378 1681 416 1702; x_wconf 91' lang='lat' dir='ltr'>se</span> <span class='ocrx_word' id='word_1_203' title='bbox 441 1677 491 1702; x_wconf 87' lang='lat' dir='ltr'>est</span> <span class='ocrx_word' id='word_1_204' title='bbox 515 1670 709 1712; x_wconf 82' lang='lat' dir='ltr'>dignissima</span> <span class='ocrx_word' id='word_1_205' title='bbox 732 1680 896 1710; x_wconf 88' lang='lat' dir='ltr'>persona,</span> <span class='ocrx_word' id='word_1_206' title='bbox 930 1676 1067 1712; x_wconf 88' lang='lat' dir='ltr'>propter</span> <span class='ocrx_word' id='word_1_207' title='bbox 1096 1681 1152 1702; x_wconf 90' lang='lat' dir='ltr'>na-</span> 
     </span>
     <span class='ocr_line' id='line_1_33' title="bbox 163 1713 1152 1787; baseline 0 -42"><span class='ocrx_word' id='word_1_208' title='bbox 163 1720 269 1787; x_wconf 56' lang='lat' dir='ltr'>tuliiim</span> <span class='ocrx_word' id='word_1_209' title='bbox 304 1714 467 1753; x_wconf 88' lang='lat' dir='ltr'>divinam,</span> <span class='ocrx_word' id='word_1_210' title='bbox 504 1721 536 1745; x_wconf 88' lang='lat' dir='ltr'>et</span> <span class='ocrx_word' id='word_1_211' title='bbox 569 1719 706 1755; x_wconf 86' lang='lat' dir='ltr'>propter</span> <span class='ocrx_word' id='word_1_212' title='bbox 729 1719 899 1746; x_wconf 83' lang='lat' dir='ltr'>assumtae</span> <span class='ocrx_word' id='word_1_213' title='bbox 922 1721 1062 1746; x_wconf 88' lang='lat' dir='ltr'>naturae</span> <span class='ocrx_word' id='word_1_214' title='bbox 1085 1713 1152 1745; x_wconf 81' lang='lat' dir='ltr'>Ex-</span> 
     </span>
     <span class='ocr_line' id='line_1_34' title="bbox 162 1758 362 1789; baseline 0 -1"><span class='ocrx_word' id='word_1_215' title='bbox 162 1767 201 1788; x_wconf 92' lang='lat' dir='ltr'>ce</span> <span class='ocrx_word' id='word_1_216' title='bbox 231 1758 362 1789; x_wconf 91' lang='lat' dir='ltr'>entiam.</span> 
     </span>
    </p>
   </div>
   <div class='ocr_carea' id='block_1_6' title="bbox 160 1842 1153 2493">
    <p class='ocr_par' dir='ltr' id='par_1_6' title="bbox 160 1842 1153 2493">
     <span class='ocr_line' id='line_1_35' title="bbox 249 1842 1152 1885; baseline 0 -10"><span class='ocrx_word' id='word_1_217' title='bbox 249 1843 320 1875; x_wconf 82' lang='lat' dir='ltr'>Hae</span> <span class='ocrx_word' id='word_1_218' title='bbox 345 1853 450 1875; x_wconf 84' lang='lat' dir='ltr'>causa</span> <span class='ocrx_word' id='word_1_219' title='bbox 473 1853 590 1874; x_wconf 88' lang='lat' dir='ltr'>omnes</span> <span class='ocrx_word' id='word_1_220' title='bbox 615 1843 815 1885; x_wconf 83' lang='lat' dir='ltr'>cogitentur,</span> <span class='ocrx_word' id='word_1_221' title='bbox 847 1853 922 1874; x_wconf 87' lang='lat' dir='ltr'>cum</span> <span class='ocrx_word' id='word_1_222' title='bbox 946 1842 1070 1874; x_wconf 85' lang='lat' dir='ltr'>Paulus</span> <span class='ocrx_word' id='word_1_223' title='bbox 1093 1854 1152 1875; x_wconf 88' lang='lat' dir='ltr'>no-</span> 
     </span>
     <span class='ocr_line' id='line_1_36' title="bbox 162 1886 1152 1927; baseline 0 -9"><span class='ocrx_word' id='word_1_224' title='bbox 162 1887 263 1918; x_wconf 86' lang='lat' dir='ltr'>minat</span> <span class='ocrx_word' id='word_1_225' title='bbox 287 1886 454 1918; x_wconf 82' lang='lat' dir='ltr'>Christum</span> <span class='ocrx_word' id='word_1_226' title='bbox 480 1894 589 1927; x_wconf 88' lang='lat' dir='ltr'>caput.</span> <span class='ocrx_word' id='word_1_227' title='bbox 625 1886 796 1927; x_wconf 76' lang='lat' dir='ltr'>Expresse</span> <span class='ocrx_word' id='word_1_228' title='bbox 820 1894 929 1917; x_wconf 88' lang='lat' dir='ltr'>autem</span> <span class='ocrx_word' id='word_1_229' title='bbox 955 1887 1048 1917; x_wconf 85' lang='lat' dir='ltr'>dicit:</span> <span class='ocrx_word' id='word_1_230' title='bbox 1073 1886 1152 1918; x_wconf 82' lang='lat' dir='ltr'>Per-</span> 
     </span>
     <span class='ocr_line' id='line_1_37' title="bbox 161 1929 1153 1972; baseline 0.001 -11"><span class='ocrx_word' id='word_1_231' title='bbox 161 1929 278 1961; x_wconf 83' lang='lat' dir='ltr'>ficiens</span> <span class='ocrx_word' id='word_1_232' title='bbox 303 1931 412 1961; x_wconf 83' lang='lat' dir='ltr'>omnia</span> <span class='ocrx_word' id='word_1_233' title='bbox 442 1931 473 1960; x_wconf 93' lang='lat' dir='ltr'>in</span> <span class='ocrx_word' id='word_1_234' title='bbox 503 1931 676 1968; x_wconf 78' lang='lat' dir='ltr'>omnibus,</span> <span class='ocrx_word' id='word_1_235' title='bbox 712 1931 800 1972; x_wconf 84' lang='lat' dir='ltr'>quod</span> <span class='ocrx_word' id='word_1_236' title='bbox 835 1929 1041 1972; x_wconf 76' lang='lat' dir='ltr'>intelligatur</span> <span class='ocrx_word' id='word_1_237' title='bbox 1065 1931 1153 1962; x_wconf 87' lang='lat' dir='ltr'>sicut</span> 
     </span>
     <span class='ocr_line' id='line_1_38' title="bbox 160 1972 1152 2015; baseline 0.002 -12"><span class='ocrx_word' id='word_1_238' title='bbox 160 1972 227 2005; x_wconf 93' lang='grc'><strong>1100</strong></span> <span class='ocrx_word' id='word_1_239' title='bbox 251 1975 389 2005; x_wconf 87' lang='lat' dir='ltr'>dictum:</span> <span class='ocrx_word' id='word_1_240' title='bbox 417 1973 490 2015; x_wconf 79' lang='lat' dir='ltr'>Ego</span> <span class='ocrx_word' id='word_1_241' title='bbox 515 1984 588 2005; x_wconf 87' lang='lat' dir='ltr'>sum</span> <span class='ocrx_word' id='word_1_242' title='bbox 612 1977 700 2011; x_wconf 72' lang='lat' dir='ltr'>vitis,</span> <span class='ocrx_word' id='word_1_243' title='bbox 723 1984 785 2005; x_wconf 83' lang='lat' dir='ltr'>vos</span> <span class='ocrx_word' id='word_1_244' title='bbox 810 1973 977 2014; x_wconf 83' lang='lat' dir='ltr'>palmites:</span> <span class='ocrx_word' id='word_1_245' title='bbox 1002 1974 1077 2005; x_wconf 88' lang='lat' dir='ltr'>Sine</span> <span class='ocrx_word' id='word_1_246' title='bbox 1100 1985 1152 2005; x_wconf 90' lang='grc'>016</span> 
     </span>
     <span class='ocr_line' id='line_1_39' title="bbox 162 2016 1153 2059; baseline 0.001 -11"><span class='ocrx_word' id='word_1_247' title='bbox 162 2016 243 2048; x_wconf 88' lang='lat' dir='ltr'>nihil</span> <span class='ocrx_word' id='word_1_248' title='bbox 276 2018 418 2059; x_wconf 76' lang='lat' dir='ltr'>potestis</span> <span class='ocrx_word' id='word_1_249' title='bbox 453 2018 585 2055; x_wconf 85' lang='lat' dir='ltr'>facere,</span> <span class='ocrx_word' id='word_1_250' title='bbox 619 2017 748 2048; x_wconf 86' lang='lat' dir='ltr'>scilicet</span> <span class='ocrx_word' id='word_1_251' title='bbox 777 2016 936 2048; x_wconf 75' lang='lat' dir='ltr'>salutare.</span> <span class='ocrx_word' id='word_1_252' title='bbox 982 2016 1054 2048; x_wconf 69' lang='lat' dir='ltr'>Etsi</span> <span class='ocrx_word' id='word_1_253' title='bbox 1083 2023 1153 2049; x_wconf 83' lang='lat' dir='ltr'>tota</span> 
     </span>
     <span class='ocr_line' id='line_1_40' title="bbox 163 2059 1151 2102; baseline -0.001 -11"><span class='ocrx_word' id='word_1_254' title='bbox 163 2061 317 2092; x_wconf 83' lang='lat' dir='ltr'>divinitas</span> <span class='ocrx_word' id='word_1_255' title='bbox 348 2060 475 2102; x_wconf 81' lang='lat' dir='ltr'>colligit</span> <span class='ocrx_word' id='word_1_256' title='bbox 509 2060 698 2092; x_wconf 72' lang='lat' dir='ltr'>Ecclesiam</span> <span class='ocrx_word' id='word_1_257' title='bbox 734 2068 763 2091; x_wconf 87' lang='lat' dir='ltr'>et</span> <span class='ocrx_word' id='word_1_258' title='bbox 800 2066 851 2091; x_wconf 80' lang='lat' dir='ltr'>est</span> <span class='ocrx_word' id='word_1_259' title='bbox 884 2062 917 2091; x_wconf 91' lang='lat' dir='ltr'>in</span> <span class='ocrx_word' id='word_1_260' title='bbox 947 2070 987 2092; x_wconf 85' lang='lat' dir='ltr'>ea</span> <span class='ocrx_word' id='word_1_261' title='bbox 1016 2059 1151 2092; x_wconf 83' lang='lat' dir='ltr'>efficax:</span> 
     </span>
     <span class='ocr_line' id='line_1_41' title="bbox 162 2103 1152 2145; baseline 0 -10"><span class='ocrx_word' id='word_1_262' title='bbox 162 2109 272 2135; x_wconf 89' lang='lat' dir='ltr'>tamen</span> <span class='ocrx_word' id='word_1_263' title='bbox 296 2115 356 2145; x_wconf 76' lang='lat' dir='ltr'>per</span> <span class='ocrx_word' id='word_1_264' title='bbox 369 2103 486 2136; x_wconf 83' lang='lat' dir='ltr'>Filium</span> <span class='ocrx_word' id='word_1_265' title='bbox 508 2104 647 2135; x_wconf 66' lang='lat' dir='ltr'>missum</span> <span class='ocrx_word' id='word_1_266' title='bbox 671 2105 713 2135; x_wconf 86' lang='lat' dir='ltr'>ad</span> <span class='ocrx_word' id='word_1_267' title='bbox 726 2103 912 2136; x_wconf 82' lang='lat' dir='ltr'>Ecclesiam</span> <span class='ocrx_word' id='word_1_268' title='bbox 936 2104 1020 2135; x_wconf 82' lang='lat' dir='ltr'>haec</span> <span class='ocrx_word' id='word_1_269' title='bbox 1044 2105 1152 2136; x_wconf 88' lang='lat' dir='ltr'>imme-</span> 
     </span>
     <span class='ocr_line' id='line_1_42' title="bbox 163 2147 1152 2189; baseline 0.001 -11"><span class='ocrx_word' id='word_1_270' title='bbox 163 2148 250 2179; x_wconf 88' lang='lat' dir='ltr'>diate</span> <span class='ocrx_word' id='word_1_271' title='bbox 284 2149 384 2186; x_wconf 79' lang='lat' dir='ltr'>liunt,</span> <span class='ocrx_word' id='word_1_272' title='bbox 420 2154 451 2179; x_wconf 88' lang='lat' dir='ltr'>et</span> <span class='ocrx_word' id='word_1_273' title='bbox 486 2157 572 2179; x_wconf 87' lang='lat' dir='ltr'>voce</span> <span class='ocrx_word' id='word_1_274' title='bbox 595 2147 780 2189; x_wconf 82' lang='lat' dir='ltr'>Evangelii.</span> <span class='ocrx_word' id='word_1_275' title='bbox 827 2148 869 2178; x_wconf 86' lang='lat' dir='ltr'>Et</span> <span class='ocrx_word' id='word_1_276' title='bbox 892 2159 1006 2179; x_wconf 84' lang='lat' dir='ltr'>verum</span> <span class='ocrx_word' id='word_1_277' title='bbox 1031 2154 1082 2179; x_wconf 78' lang='lat' dir='ltr'>est</span> <span class='ocrx_word' id='word_1_278' title='bbox 1107 2149 1152 2179; x_wconf 89' lang='lat' dir='ltr'>di-</span> 
     </span>
     <span class='ocr_line' id='line_1_43' title="bbox 163 2191 1150 2233; baseline 0 -11"><span class='ocrx_word' id='word_1_279' title='bbox 163 2197 271 2222; x_wconf 87' lang='lat' dir='ltr'>ctum:</span> <span class='ocrx_word' id='word_1_280' title='bbox 296 2191 400 2222; x_wconf 77' lang='lat' dir='ltr'>Filius</span> <span class='ocrx_word' id='word_1_281' title='bbox 419 2192 488 2233; x_wconf 76' lang='lat' dir='ltr'>agit</span> <span class='ocrx_word' id='word_1_282' title='bbox 512 2201 572 2232; x_wconf 85' lang='lat' dir='ltr'>per</span> <span class='ocrx_word' id='word_1_283' title='bbox 591 2201 640 2229; x_wconf 82' lang='lat' dir='ltr'>se,</span> <span class='ocrx_word' id='word_1_284' title='bbox 665 2192 725 2221; x_wconf 77' lang='lat' dir='ltr'>sed</span> <span class='ocrx_word' id='word_1_285' title='bbox 749 2202 814 2223; x_wconf 91' lang='lat' dir='ltr'>non</span> <span class='ocrx_word' id='word_1_286' title='bbox 841 2202 860 2222; x_wconf 85' lang='lat' dir='ltr'>a</span> <span class='ocrx_word' id='word_1_287' title='bbox 884 2202 931 2223; x_wconf 81' lang='lat' dir='ltr'>se.</span> <span class='ocrx_word' id='word_1_288' title='bbox 957 2192 1032 2223; x_wconf 91' lang='lat' dir='ltr'>Ideo</span> <span class='ocrx_word' id='word_1_289' title='bbox 1058 2192 1150 2222; x_wconf 86' lang='lat' dir='ltr'>dicit:</span> 
     </span>
     <span class='ocr_line' id='line_1_44' title="bbox 162 2234 1151 2278; baseline 0.001 -13"><span class='ocrx_word' id='word_1_290' title='bbox 162 2234 265 2265; x_wconf 80' lang='lat' dir='ltr'>Sedet</span> <span class='ocrx_word' id='word_1_291' title='bbox 288 2235 330 2265; x_wconf 87' lang='lat' dir='ltr'>ad</span> <span class='ocrx_word' id='word_1_292' title='bbox 355 2236 528 2266; x_wconf 74' lang='lat' dir='ltr'>dexteram</span> <span class='ocrx_word' id='word_1_293' title='bbox 551 2236 677 2266; x_wconf 85' lang='lat' dir='ltr'>aeterni</span> <span class='ocrx_word' id='word_1_294' title='bbox 703 2235 830 2274; x_wconf 75' lang='lat' dir='ltr'>Patris,</span> <span class='ocrx_word' id='word_1_295' title='bbox 864 2236 948 2278; x_wconf 70' lang='lat' dir='ltr'>dans</span> <span class='ocrx_word' id='word_1_296' title='bbox 983 2235 1071 2266; x_wconf 85' lang='lat' dir='ltr'>dona</span> <span class='ocrx_word' id='word_1_297' title='bbox 1094 2234 1151 2266; x_wconf 91' lang='lat' dir='ltr'>ho-</span> 
     </span>
     <span class='ocr_line' id='line_1_45' title="bbox 161 2277 1151 2320; baseline 0.001 -12"><span class='ocrx_word' id='word_1_298' title='bbox 161 2278 317 2310; x_wconf 76' lang='lat' dir='ltr'>minibus.</span> <span class='ocrx_word' id='word_1_299' title='bbox 364 2278 456 2309; x_wconf 81' lang='lat' dir='ltr'>llaec</span> <span class='ocrx_word' id='word_1_300' title='bbox 481 2279 569 2309; x_wconf 85' lang='lat' dir='ltr'>dona</span> <span class='ocrx_word' id='word_1_301' title='bbox 593 2278 712 2308; x_wconf 83' lang='lat' dir='ltr'>dantur</span> <span class='ocrx_word' id='word_1_302' title='bbox 736 2289 755 2309; x_wconf 86' lang='lat' dir='ltr'>a</span> <span class='ocrx_word' id='word_1_303' title='bbox 778 2278 890 2317; x_wconf 88' lang='lat' dir='ltr'>Patre,</span> <span class='ocrx_word' id='word_1_304' title='bbox 916 2277 998 2309; x_wconf 81' lang='lat' dir='ltr'>Filio</span> <span class='ocrx_word' id='word_1_305' title='bbox 1023 2284 1053 2309; x_wconf 87' lang='lat' dir='ltr'>et</span> <span class='ocrx_word' id='word_1_306' title='bbox 1078 2278 1151 2320; x_wconf 84' lang='lat' dir='ltr'>Spi-</span> 
     </span>
     <span class='ocr_line' id='line_1_46' title="bbox 162 2320 1148 2362; baseline 0.003 -11"><span class='ocrx_word' id='word_1_307' title='bbox 162 2321 227 2352; x_wconf 84' lang='lat' dir='ltr'>ritu</span> <span class='ocrx_word' id='word_1_308' title='bbox 251 2327 379 2359; x_wconf 81' lang='lat' dir='ltr'>sancto,</span> <span class='ocrx_word' id='word_1_309' title='bbox 404 2321 444 2352; x_wconf 81' lang='lat' dir='ltr'>Et</span> <span class='ocrx_word' id='word_1_310' title='bbox 464 2328 573 2352; x_wconf 87' lang='lat' dir='ltr'>tamen</span> <span class='ocrx_word' id='word_1_311' title='bbox 596 2322 782 2353; x_wconf 85' lang='lat' dir='ltr'>immediate</span> <span class='ocrx_word' id='word_1_312' title='bbox 803 2323 922 2353; x_wconf 81' lang='lat' dir='ltr'>dantur</span> <span class='ocrx_word' id='word_1_313' title='bbox 941 2332 1000 2362; x_wconf 87' lang='lat' dir='ltr'>per</span> <span class='ocrx_word' id='word_1_314' title='bbox 1023 2320 1148 2354; x_wconf 88' lang='lat' dir='ltr'>Filium.</span> 
     </span>
     <span class='ocr_line' id='line_1_47' title="bbox 162 2364 1149 2406; baseline 0.001 -11"><span class='ocrx_word' id='word_1_315' title='bbox 162 2365 218 2398; x_wconf 78' lang='lat' dir='ltr'>Sic</span> <span class='ocrx_word' id='word_1_316' title='bbox 253 2373 283 2396; x_wconf 87' lang='lat' dir='ltr'>et</span> <span class='ocrx_word' id='word_1_317' title='bbox 310 2364 463 2396; x_wconf 69' lang='lat' dir='ltr'>Psalmus</span> <span class='ocrx_word' id='word_1_318' title='bbox 488 2364 649 2406; x_wconf 85' lang='lat' dir='ltr'>loquitur:</span> <span class='ocrx_word' id='word_1_319' title='bbox 682 2365 776 2396; x_wconf 80' lang='lat' dir='ltr'>Dixit</span> <span class='ocrx_word' id='word_1_320' title='bbox 806 2365 972 2396; x_wconf 75' lang='lat' dir='ltr'>Dominus</span> <span class='ocrx_word' id='word_1_321' title='bbox 1006 2364 1149 2396; x_wconf 90' lang='lat' dir='ltr'>Domino</span> 
     </span>
     <span class='ocr_line' id='line_1_48' title="bbox 160 2408 1151 2446; baseline 0.001 -8"><span class='ocrx_word' id='word_1_322' title='bbox 160 2419 247 2446; x_wconf 86' lang='lat' dir='ltr'>meo,</span> <span class='ocrx_word' id='word_1_323' title='bbox 271 2409 352 2439; x_wconf 84' lang='lat' dir='ltr'>sede</span> <span class='ocrx_word' id='word_1_324' title='bbox 376 2419 394 2439; x_wconf 89' lang='lat' dir='ltr'>a</span> <span class='ocrx_word' id='word_1_325' title='bbox 416 2409 542 2439; x_wconf 73' lang='lat' dir='ltr'>dextris</span> <span class='ocrx_word' id='word_1_326' title='bbox 565 2408 658 2439; x_wconf 84' lang='lat' dir='ltr'>meis.</span> <span class='ocrx_word' id='word_1_327' title='bbox 705 2408 777 2440; x_wconf 84' lang='lat' dir='ltr'>Etsi</span> <span class='ocrx_word' id='word_1_328' title='bbox 800 2415 869 2440; x_wconf 78' lang='lat' dir='ltr'>tota</span> <span class='ocrx_word' id='word_1_329' title='bbox 898 2409 1051 2440; x_wconf 85' lang='lat' dir='ltr'>divinitas</span> <span class='ocrx_word' id='word_1_330' title='bbox 1084 2408 1151 2439; x_wconf 90' lang='lat' dir='ltr'>col-</span> 
     </span>
     <span class='ocr_line' id='line_1_49' title="bbox 170 2447 1150 2493; baseline 0.001 -12"><span class='ocrx_word' id='word_1_331' title='bbox 170 2447 231 2493; x_wconf 65' lang='lat' dir='ltr'>”igit</span> <span class='ocrx_word' id='word_1_332' title='bbox 262 2451 461 2489; x_wconf 81' lang='lat' dir='ltr'>Ecclesiam,</span> <span class='ocrx_word' id='word_1_333' title='bbox 496 2457 606 2482; x_wconf 87' lang='lat' dir='ltr'>tamen</span> <span class='ocrx_word' id='word_1_334' title='bbox 637 2451 790 2483; x_wconf 80' lang='lat' dir='ltr'>Psalmus</span> <span class='ocrx_word' id='word_1_335' title='bbox 820 2453 931 2483; x_wconf 86' lang='lat' dir='ltr'>tribuit</span> <span class='ocrx_word' id='word_1_336' title='bbox 962 2452 1026 2483; x_wconf 88' lang='grc'><strong>1100</strong></span> <span class='ocrx_word' id='word_1_337' title='bbox 1056 2451 1150 2491; x_wconf 82' lang='lat' dir='ltr'>Filio,</span> 
     </span>
    </p>
   </div>
   <div class='ocr_carea' id='block_1_7' title="bbox 803 145 1554 178">
    <p class='ocr_par' dir='ltr' id='par_1_7' title="bbox 803 145 1554 178">
     <span class='ocr_line' id='line_1_50' title="bbox 803 145 1554 178; baseline -0.003 -1"><span class='ocrx_word' id='word_1_338' title='bbox 803 145 846 178; x_wconf 89' lang='lat' dir='ltr'>V.</span> <span class='ocrx_word' id='word_1_339' title='bbox 870 145 1140 177; x_wconf 84' lang='lat' dir='ltr'>EXPLICATIO</span> <span class='ocrx_word' id='word_1_340' title='bbox 1165 145 1368 177; x_wconf 85' lang='lat' dir='ltr'>SYMBOLI</span> <span class='ocrx_word' id='word_1_341' title='bbox 1394 145 1554 177; x_wconf 84' lang='lat' dir='ltr'>NICENI.</span> 
     </span>
    </p>
   </div>
   <div class='ocr_carea' id='block_1_8' title="bbox 1174 2454 1358 2495">
    <p class='ocr_par' dir='ltr' id='par_1_8' title="bbox 1174 2454 1358 2495">
     <span class='ocr_line' id='line_1_51' title="bbox 1174 2454 1358 2495; baseline -0.005 -10"><span class='ocrx_word' id='word_1_342' title='bbox 1174 2483 1178 2493; x_wconf 67' lang='grc'><strong>,</strong></span> <span class='ocrx_word' id='word_1_343' title='bbox 1202 2454 1358 2495; x_wconf 62' lang='lat' dir='ltr'>potentis,</span> 
     </span>
    </p>
   </div>
   <div class='ocr_carea' id='block_1_9' title="bbox 1410 146 2193 272">
    <p class='ocr_par' dir='ltr' id='par_1_9' title="bbox 1410 146 2193 272">
     <span class='ocr_line' id='line_1_52' title="bbox 2127 146 2193 178; baseline 0 0"><span class='ocrx_word' id='word_1_344' title='bbox 2127 146 2193 178; x_wconf 80' lang='lat'>506</span> 
     </span>
     <span class='ocr_line' id='line_1_53' title="bbox 1410 239 1992 272; baseline -0.002 0"><span class='ocrx_word' id='word_1_345' title='bbox 1410 239 1472 272; x_wconf 88' lang='lat' dir='ltr'>EX</span> <span class='ocrx_word' id='word_1_346' title='bbox 1494 239 1658 272; x_wconf 84' lang='lat' dir='ltr'>VETERI</span> <span class='ocrx_word' id='word_1_347' title='bbox 1680 239 1992 272; x_wconf 87' lang='lat' dir='ltr'>TESTAMENTO.</span> 
     </span>
    </p>
   </div>
   <div class='ocr_carea' id='block_1_10' title="bbox 1204 334 2199 1668">
    <p class='ocr_par' dir='ltr' id='par_1_10' title="bbox 1204 334 2199 1668">
     <span class='ocr_line' id='line_1_54' title="bbox 1293 334 2195 377; baseline -0.001 -10"><span class='ocrx_word' id='word_1_348' title='bbox 1293 335 1528 377; x_wconf 85' lang='lat' dir='ltr'>Adiungantur</span> <span class='ocrx_word' id='word_1_349' title='bbox 1550 341 1582 367; x_wconf 85' lang='lat' dir='ltr'>et</span> <span class='ocrx_word' id='word_1_350' title='bbox 1612 335 1800 367; x_wconf 88' lang='lat' dir='ltr'>testimonia</span> <span class='ocrx_word' id='word_1_351' title='bbox 1823 345 1865 366; x_wconf 80' lang='lat' dir='ltr'>ex</span> <span class='ocrx_word' id='word_1_352' title='bbox 1888 334 2082 377; x_wconf 87' lang='lat' dir='ltr'>Prophetis:</span> <span class='ocrx_word' id='word_1_353' title='bbox 2105 336 2195 376; x_wconf 86' lang='lat' dir='ltr'>apud</span> 
     </span>
     <span class='ocr_line' id='line_1_55' title="bbox 1207 379 2195 421; baseline 0.001 -12"><span class='ocrx_word' id='word_1_354' title='bbox 1207 389 1291 421; x_wconf 90' lang='lat' dir='ltr'>quos</span> <span class='ocrx_word' id='word_1_355' title='bbox 1310 379 1375 410; x_wconf 91' lang='lat' dir='ltr'>hoc</span> <span class='ocrx_word' id='word_1_356' title='bbox 1399 388 1572 410; x_wconf 90' lang='lat' dir='ltr'>commune</span> <span class='ocrx_word' id='word_1_357' title='bbox 1595 389 1725 420; x_wconf 83' lang='lat' dir='ltr'>semper</span> <span class='ocrx_word' id='word_1_358' title='bbox 1748 380 1780 409; x_wconf 93' lang='lat' dir='ltr'>in</span> <span class='ocrx_word' id='word_1_359' title='bbox 1804 385 1989 419; x_wconf 89' lang='lat' dir='ltr'>conspectu</span> <span class='ocrx_word' id='word_1_360' title='bbox 2012 379 2070 414; x_wconf 64' lang='lat' dir='ltr'>sit,</span> <span class='ocrx_word' id='word_1_361' title='bbox 2106 379 2195 420; x_wconf 88' lang='lat' dir='ltr'>quod</span> 
     </span>
     <span class='ocr_line' id='line_1_56' title="bbox 1206 421 2194 463; baseline 0 -10"><span class='ocrx_word' id='word_1_362' title='bbox 1206 421 1438 454; x_wconf 85' lang='lat' dir='ltr'>universaliter</span> <span class='ocrx_word' id='word_1_363' title='bbox 1467 423 1589 453; x_wconf 87' lang='lat' dir='ltr'>docent</span> <span class='ocrx_word' id='word_1_364' title='bbox 1612 422 1811 463; x_wconf 86' lang='lat' dir='ltr'>Prophetae,</span> <span class='ocrx_word' id='word_1_365' title='bbox 1846 422 2006 453; x_wconf 70' lang='lat' dir='ltr'>Messiam</span> <span class='ocrx_word' id='word_1_366' title='bbox 2035 422 2194 453; x_wconf 87' lang='lat' dir='ltr'>invocan-</span> 
     </span>
     <span class='ocr_line' id='line_1_57' title="bbox 1207 463 2196 508; baseline 0 -12"><span class='ocrx_word' id='word_1_367' title='bbox 1207 466 1284 496; x_wconf 87' lang='lat' dir='ltr'>dum</span> <span class='ocrx_word' id='word_1_368' title='bbox 1308 476 1395 497; x_wconf 87' lang='lat' dir='ltr'>esse.</span> <span class='ocrx_word' id='word_1_369' title='bbox 1440 463 1530 496; x_wconf 91' lang='lat' dir='ltr'>Nihil</span> <span class='ocrx_word' id='word_1_370' title='bbox 1548 471 1659 496; x_wconf 87' lang='lat' dir='ltr'>autem</span> <span class='ocrx_word' id='word_1_371' title='bbox 1682 466 1904 497; x_wconf 86' lang='lat' dir='ltr'>invocandum</span> <span class='ocrx_word' id='word_1_372' title='bbox 1929 471 1992 503; x_wconf 91' lang='lat' dir='ltr'>est,</span> <span class='ocrx_word' id='word_1_373' title='bbox 2016 466 2104 508; x_wconf 88' lang='lat' dir='ltr'>quod</span> <span class='ocrx_word' id='word_1_374' title='bbox 2128 476 2196 497; x_wconf 89' lang='lat' dir='ltr'>non</span> 
     </span>
     <span class='ocr_line' id='line_1_58' title="bbox 1208 507 2196 550; baseline 0 -10"><span class='ocrx_word' id='word_1_375' title='bbox 1208 515 1259 540; x_wconf 85' lang='lat' dir='ltr'>est</span> <span class='ocrx_word' id='word_1_376' title='bbox 1282 515 1400 540; x_wconf 87' lang='lat' dir='ltr'>natura</span> <span class='ocrx_word' id='word_1_377' title='bbox 1423 507 1530 539; x_wconf 88' lang='lat' dir='ltr'>Deus.</span> <span class='ocrx_word' id='word_1_378' title='bbox 1576 508 1672 539; x_wconf 82' lang='lat' dir='ltr'>Item:</span> <span class='ocrx_word' id='word_1_379' title='bbox 1704 510 1793 550; x_wconf 90' lang='lat' dir='ltr'>quod</span> <span class='ocrx_word' id='word_1_380' title='bbox 1817 507 2052 540; x_wconf 87' lang='lat' dir='ltr'>universaliter</span> <span class='ocrx_word' id='word_1_381' title='bbox 2075 510 2196 540; x_wconf 84' lang='lat' dir='ltr'>docent</span> 
     </span>
     <span class='ocr_line' id='line_1_59' title="bbox 1208 551 2196 594; baseline 0 -11"><span class='ocrx_word' id='word_1_382' title='bbox 1208 552 1407 594; x_wconf 85' lang='lat' dir='ltr'>Prophetae,</span> <span class='ocrx_word' id='word_1_383' title='bbox 1430 551 1589 583; x_wconf 81' lang='lat' dir='ltr'>Messiam</span> <span class='ocrx_word' id='word_1_384' title='bbox 1613 552 1754 583; x_wconf 86' lang='lat' dir='ltr'>reddere</span> <span class='ocrx_word' id='word_1_385' title='bbox 1782 553 1936 583; x_wconf 87' lang='lat' dir='ltr'>iustitiam</span> <span class='ocrx_word' id='word_1_386' title='bbox 1962 558 1993 583; x_wconf 89' lang='lat' dir='ltr'>et</span> <span class='ocrx_word' id='word_1_387' title='bbox 2021 553 2121 584; x_wconf 86' lang='lat' dir='ltr'>vitam</span> <span class='ocrx_word' id='word_1_388' title='bbox 2141 562 2196 583; x_wconf 87' lang='lat' dir='ltr'>ae-</span> 
     </span>
     <span class='ocr_line' id='line_1_60' title="bbox 1207 595 2196 637; baseline -0.001 -10"><span class='ocrx_word' id='word_1_389' title='bbox 1207 602 1346 634; x_wconf 81' lang='lat' dir='ltr'>ternam,</span> <span class='ocrx_word' id='word_1_390' title='bbox 1381 596 1471 637; x_wconf 89' lang='lat' dir='ltr'>quod</span> <span class='ocrx_word' id='word_1_391' title='bbox 1506 602 1557 625; x_wconf 89' lang='lat' dir='ltr'>est</span> <span class='ocrx_word' id='word_1_392' title='bbox 1587 601 1725 626; x_wconf 81' lang='lat' dir='ltr'>naturae</span> <span class='ocrx_word' id='word_1_393' title='bbox 1761 596 2008 636; x_wconf 88' lang='lat' dir='ltr'>omnipotentis.</span> <span class='ocrx_word' id='word_1_394' title='bbox 2055 595 2097 626; x_wconf 89' lang='lat' dir='ltr'>Et</span> <span class='ocrx_word' id='word_1_395' title='bbox 2120 596 2196 637; x_wconf 88' lang='lat' dir='ltr'>quia</span> 
     </span>
     <span class='ocr_line' id='line_1_61' title="bbox 1207 638 2196 676; baseline 0 -7"><span class='ocrx_word' id='word_1_396' title='bbox 1207 646 1285 670; x_wconf 90' lang='lat' dir='ltr'>ante</span> <span class='ocrx_word' id='word_1_397' title='bbox 1307 644 1448 670; x_wconf 87' lang='lat' dir='ltr'>naturae</span> <span class='ocrx_word' id='word_1_398' title='bbox 1472 638 1636 669; x_wconf 87' lang='lat' dir='ltr'>humanae</span> <span class='ocrx_word' id='word_1_399' title='bbox 1661 639 1910 676; x_wconf 85' lang='lat' dir='ltr'>assumtionem,</span> <span class='ocrx_word' id='word_1_400' title='bbox 1941 650 2015 670; x_wconf 86' lang='lat' dir='ltr'>cum</span> <span class='ocrx_word' id='word_1_401' title='bbox 2040 638 2196 670; x_wconf 88' lang='lat' dir='ltr'>Patribus</span> 
     </span>
     <span class='ocr_line' id='line_1_62' title="bbox 1208 680 2197 724; baseline 0 -11"><span class='ocrx_word' id='word_1_402' title='bbox 1208 690 1239 714; x_wconf 89' lang='lat' dir='ltr'>et</span> <span class='ocrx_word' id='word_1_403' title='bbox 1266 681 1443 722; x_wconf 88' lang='lat' dir='ltr'>Prophetis</span> <span class='ocrx_word' id='word_1_404' title='bbox 1466 680 1628 723; x_wconf 85' lang='lat' dir='ltr'>loquitur,</span> <span class='ocrx_word' id='word_1_405' title='bbox 1654 688 1686 713; x_wconf 91' lang='lat' dir='ltr'>et</span> <span class='ocrx_word' id='word_1_406' title='bbox 1709 682 1898 713; x_wconf 84' lang='lat' dir='ltr'>tribuuntur</span> <span class='ocrx_word' id='word_1_407' title='bbox 1921 683 1950 712; x_wconf 91' lang='lat' dir='ltr'>ei</span> <span class='ocrx_word' id='word_1_408' title='bbox 1973 684 2197 724; x_wconf 82' lang='lat' dir='ltr'>proprietates</span> 
     </span>
     <span class='ocr_line' id='line_1_63' title="bbox 1208 724 2196 766; baseline -0.001 -9"><span class='ocrx_word' id='word_1_409' title='bbox 1208 727 1351 763; x_wconf 82' lang='lat' dir='ltr'>divinae,</span> <span class='ocrx_word' id='word_1_410' title='bbox 1376 724 1473 756; x_wconf 84' lang='lat' dir='ltr'>fateri</span> <span class='ocrx_word' id='word_1_411' title='bbox 1498 735 1638 756; x_wconf 82' lang='lat' dir='ltr'>necesse</span> <span class='ocrx_word' id='word_1_412' title='bbox 1661 731 1725 763; x_wconf 73' lang='lat' dir='ltr'>est,</span> <span class='ocrx_word' id='word_1_413' title='bbox 1749 725 1837 766; x_wconf 89' lang='lat' dir='ltr'>quod</span> <span class='ocrx_word' id='word_1_414' title='bbox 1854 724 1999 756; x_wconf 84' lang='lat' dir='ltr'>Messias</span> <span class='ocrx_word' id='word_1_415' title='bbox 2023 726 2066 756; x_wconf 89' lang='lat' dir='ltr'>sit</span> <span class='ocrx_word' id='word_1_416' title='bbox 2089 725 2196 756; x_wconf 88' lang='lat' dir='ltr'>Deus.</span> 
     </span>
     <span class='ocr_line' id='line_1_64' title="bbox 1208 767 2197 811; baseline -0.001 -10"><span class='ocrx_word' id='word_1_417' title='bbox 1208 770 1308 801; x_wconf 80' lang='lat' dir='ltr'>Iacob</span> <span class='ocrx_word' id='word_1_418' title='bbox 1332 770 1451 811; x_wconf 88' lang='lat' dir='ltr'>inquit:</span> <span class='ocrx_word' id='word_1_419' title='bbox 1476 768 1659 799; x_wconf 84' lang='lat' dir='ltr'>Benedicat</span> <span class='ocrx_word' id='word_1_420' title='bbox 1682 767 1776 799; x_wconf 86' lang='lat' dir='ltr'>Deus</span> <span class='ocrx_word' id='word_1_421' title='bbox 1800 768 1851 799; x_wconf 84' lang='lat' dir='ltr'>his</span> <span class='ocrx_word' id='word_1_422' title='bbox 1870 770 1994 809; x_wconf 87' lang='lat' dir='ltr'>pueris,</span> <span class='ocrx_word' id='word_1_423' title='bbox 2030 774 2063 799; x_wconf 84' lang='lat' dir='ltr'>et</span> <span class='ocrx_word' id='word_1_424' title='bbox 2095 779 2197 810; x_wconf 83' lang='lat' dir='ltr'>ange-</span> 
     </span>
     <span class='ocr_line' id='line_1_65' title="bbox 1207 810 2197 854; baseline -0.001 -10"><span class='ocrx_word' id='word_1_425' title='bbox 1207 812 1261 844; x_wconf 87' lang='lat' dir='ltr'>lus</span> <span class='ocrx_word' id='word_1_426' title='bbox 1296 813 1351 854; x_wconf 89' lang='lat' dir='ltr'>qui</span> <span class='ocrx_word' id='word_1_427' title='bbox 1385 812 1538 843; x_wconf 84' lang='lat' dir='ltr'>liberavit</span> <span class='ocrx_word' id='word_1_428' title='bbox 1561 822 1613 842; x_wconf 92' lang='lat' dir='ltr'>me</span> <span class='ocrx_word' id='word_1_429' title='bbox 1636 822 1677 842; x_wconf 85' lang='lat' dir='ltr'>ex</span> <span class='ocrx_word' id='word_1_430' title='bbox 1702 812 1854 842; x_wconf 90' lang='lat' dir='ltr'>omnibus</span> <span class='ocrx_word' id='word_1_431' title='bbox 1878 810 1985 842; x_wconf 78' lang='lat' dir='ltr'>malis.</span> <span class='ocrx_word' id='word_1_432' title='bbox 2031 812 2095 843; x_wconf 87' lang='lat' dir='ltr'>Ubi</span> <span class='ocrx_word' id='word_1_433' title='bbox 2130 822 2197 843; x_wconf 90' lang='lat' dir='ltr'>non</span> 
     </span>
     <span class='ocr_line' id='line_1_66' title="bbox 1209 853 2198 896; baseline -0.001 -9"><span class='ocrx_word' id='word_1_434' title='bbox 1209 857 1342 888; x_wconf 88' lang='lat' dir='ltr'>dubium</span> <span class='ocrx_word' id='word_1_435' title='bbox 1366 861 1429 893; x_wconf 90' lang='lat' dir='ltr'>est,</span> <span class='ocrx_word' id='word_1_436' title='bbox 1464 855 1625 886; x_wconf 88' lang='lat' dir='ltr'>nominari</span> <span class='ocrx_word' id='word_1_437' title='bbox 1659 853 1814 896; x_wconf 83' lang='lat' dir='ltr'>angelum</span> <span class='ocrx_word' id='word_1_438' title='bbox 1845 854 1961 886; x_wconf 89' lang='lat' dir='ltr'>Filium</span> <span class='ocrx_word' id='word_1_439' title='bbox 1984 856 2122 886; x_wconf 84' lang='lat' dir='ltr'>missurn</span> <span class='ocrx_word' id='word_1_440' title='bbox 2155 855 2198 886; x_wconf 86' lang='lat' dir='ltr'>ad</span> 
     </span>
     <span class='ocr_line' id='line_1_67' title="bbox 1207 897 2196 940; baseline -0.001 -10"><span class='ocrx_word' id='word_1_441' title='bbox 1207 898 1410 937; x_wconf 84' lang='lat' dir='ltr'>Ecclesiam,</span> <span class='ocrx_word' id='word_1_442' title='bbox 1435 899 1491 940; x_wconf 87' lang='lat' dir='ltr'>qui</span> <span class='ocrx_word' id='word_1_443' title='bbox 1514 909 1647 939; x_wconf 87' lang='lat' dir='ltr'>semper</span> <span class='ocrx_word' id='word_1_444' title='bbox 1670 897 1731 929; x_wconf 81' lang='lat' dir='ltr'>fuit</span> <span class='ocrx_word' id='word_1_445' title='bbox 1754 904 1786 929; x_wconf 88' lang='lat' dir='ltr'>et</span> <span class='ocrx_word' id='word_1_446' title='bbox 1810 903 1861 929; x_wconf 87' lang='lat' dir='ltr'>est</span> <span class='ocrx_word' id='word_1_447' title='bbox 1886 904 2004 930; x_wconf 79' lang='lat' dir='ltr'>custos</span> <span class='ocrx_word' id='word_1_448' title='bbox 2028 909 2109 930; x_wconf 84' lang='lat' dir='ltr'>suae</span> <span class='ocrx_word' id='word_1_449' title='bbox 2134 898 2196 929; x_wconf 89' lang='lat' dir='ltr'>Ec-</span> 
     </span>
     <span class='ocr_line' id='line_1_68' title="bbox 1209 940 2198 983; baseline -0.002 -9"><span class='ocrx_word' id='word_1_450' title='bbox 1209 942 1345 981; x_wconf 89' lang='lat' dir='ltr'>clesiae,</span> <span class='ocrx_word' id='word_1_451' title='bbox 1367 949 1399 974; x_wconf 89' lang='lat' dir='ltr'>et</span> <span class='ocrx_word' id='word_1_452' title='bbox 1422 942 1646 983; x_wconf 84' lang='lat' dir='ltr'>proprietates</span> <span class='ocrx_word' id='word_1_453' title='bbox 1666 948 1742 972; x_wconf 89' lang='lat' dir='ltr'>sunt</span> <span class='ocrx_word' id='word_1_454' title='bbox 1767 941 1897 973; x_wconf 90' lang='lat' dir='ltr'>divinae</span> <span class='ocrx_word' id='word_1_455' title='bbox 1931 948 2082 980; x_wconf 85' lang='lat' dir='ltr'>naturae,</span> <span class='ocrx_word' id='word_1_456' title='bbox 2118 940 2198 973; x_wconf 88' lang='lat' dir='ltr'>libe-</span> 
     </span>
     <span class='ocr_line' id='line_1_69' title="bbox 1207 983 2198 1026; baseline -0.002 -9"><span class='ocrx_word' id='word_1_457' title='bbox 1207 997 1283 1017; x_wconf 88' lang='lat' dir='ltr'>rare</span> <span class='ocrx_word' id='word_1_458' title='bbox 1307 997 1348 1017; x_wconf 85' lang='lat' dir='ltr'>ex</span> <span class='ocrx_word' id='word_1_459' title='bbox 1367 986 1495 1017; x_wconf 82' lang='lat' dir='ltr'>cunctis</span> <span class='ocrx_word' id='word_1_460' title='bbox 1520 984 1628 1023; x_wconf 88' lang='lat' dir='ltr'>malis,</span> <span class='ocrx_word' id='word_1_461' title='bbox 1649 996 1668 1016; x_wconf 88' lang='lat' dir='ltr'>a</span> <span class='ocrx_word' id='word_1_462' title='bbox 1691 990 1843 1026; x_wconf 77' lang='lat' dir='ltr'>peccam,</span> <span class='ocrx_word' id='word_1_463' title='bbox 1868 990 1899 1016; x_wconf 90' lang='lat' dir='ltr'>et</span> <span class='ocrx_word' id='word_1_464' title='bbox 1922 991 2027 1016; x_wconf 86' lang='lat' dir='ltr'>morte</span> <span class='ocrx_word' id='word_1_465' title='bbox 2051 991 2083 1016; x_wconf 88' lang='lat' dir='ltr'>et</span> <span class='ocrx_word' id='word_1_466' title='bbox 2106 996 2126 1016; x_wconf 90' lang='lat' dir='ltr'>a</span> <span class='ocrx_word' id='word_1_467' title='bbox 2150 983 2198 1016; x_wconf 90' lang='lat' dir='ltr'>fu-</span> 
     </span>
     <span class='ocr_line' id='line_1_70' title="bbox 1206 1028 2199 1066; baseline 0 -6"><span class='ocrx_word' id='word_1_468' title='bbox 1206 1030 1340 1061; x_wconf 89' lang='lat' dir='ltr'>roribus</span> <span class='ocrx_word' id='word_1_469' title='bbox 1374 1028 1613 1066; x_wconf 88' lang='lat' dir='ltr'>Diabolorum,</span> <span class='ocrx_word' id='word_1_470' title='bbox 1652 1028 1731 1059; x_wconf 87' lang='lat' dir='ltr'>item</span> <span class='ocrx_word' id='word_1_471' title='bbox 1765 1028 1941 1060; x_wconf 81' lang='lat' dir='ltr'>restituere</span> <span class='ocrx_word' id='word_1_472' title='bbox 1976 1029 2131 1060; x_wconf 77' lang='lat' dir='ltr'>iustitiam</span> <span class='ocrx_word' id='word_1_473' title='bbox 2166 1033 2199 1060; x_wconf 86' lang='lat' dir='ltr'>et</span> 
     </span>
     <span class='ocr_line' id='line_1_71' title="bbox 1207 1071 2199 1113; baseline -0.001 -10"><span class='ocrx_word' id='word_1_474' title='bbox 1207 1073 1307 1104; x_wconf 78' lang='lat' dir='ltr'>vitam</span> <span class='ocrx_word' id='word_1_475' title='bbox 1342 1079 1520 1104; x_wconf 88' lang='lat' dir='ltr'>aeternam.</span> <span class='ocrx_word' id='word_1_476' title='bbox 1580 1072 1742 1113; x_wconf 89' lang='lat' dir='ltr'>Loquitur</span> <span class='ocrx_word' id='word_1_477' title='bbox 1782 1071 1903 1102; x_wconf 88' lang='lat' dir='ltr'>Daniel</span> <span class='ocrx_word' id='word_1_478' title='bbox 1945 1081 2018 1103; x_wconf 90' lang='lat' dir='ltr'>cum</span> <span class='ocrx_word' id='word_1_479' title='bbox 2041 1071 2199 1110; x_wconf 84' lang='lat' dir='ltr'>Domino,</span> 
     </span>
     <span class='ocr_line' id='line_1_72' title="bbox 1207 1113 2198 1158; baseline 0.001 -12"><span class='ocrx_word' id='word_1_480' title='bbox 1207 1126 1303 1158; x_wconf 88' lang='lat' dir='ltr'>quem</span> <span class='ocrx_word' id='word_1_481' title='bbox 1327 1117 1473 1147; x_wconf 81' lang='lat' dir='ltr'>nominat</span> <span class='ocrx_word' id='word_1_482' title='bbox 1499 1113 1662 1153; x_wconf 87' lang='lat' dir='ltr'>Palmoni,</span> <span class='ocrx_word' id='word_1_483' title='bbox 1687 1115 1719 1146; x_wconf 89' lang='lat' dir='ltr'>id</span> <span class='ocrx_word' id='word_1_484' title='bbox 1745 1121 1808 1151; x_wconf 85' lang='lat' dir='ltr'>est,</span> <span class='ocrx_word' id='word_1_485' title='bbox 1832 1114 2018 1153; x_wconf 87' lang='lat' dir='ltr'>mirificum,</span> <span class='ocrx_word' id='word_1_486' title='bbox 2042 1114 2198 1147; x_wconf 80' lang='lat' dir='ltr'>videlicet</span> 
     </span>
     <span class='ocr_line' id='line_1_73' title="bbox 1206 1157 2198 1200; baseline 0 -10"><span class='ocrx_word' id='word_1_487' title='bbox 1206 1159 1363 1190; x_wconf 88' lang='lat' dir='ltr'>mirandis</span> <span class='ocrx_word' id='word_1_488' title='bbox 1387 1160 1495 1191; x_wconf 92' lang='lat' dir='ltr'>modis</span> <span class='ocrx_word' id='word_1_489' title='bbox 1514 1157 1727 1200; x_wconf 86' lang='lat' dir='ltr'>colligentem</span> <span class='ocrx_word' id='word_1_490' title='bbox 1746 1164 1779 1189; x_wconf 92' lang='lat' dir='ltr'>et</span> <span class='ocrx_word' id='word_1_491' title='bbox 1795 1165 1984 1189; x_wconf 84' lang='lat' dir='ltr'>servantem</span> <span class='ocrx_word' id='word_1_492' title='bbox 1997 1157 2198 1197; x_wconf 87' lang='lat' dir='ltr'>Ecclesiam,</span> 
     </span>
     <span class='ocr_line' id='line_1_74' title="bbox 1207 1202 2198 1243; baseline 0.001 -10"><span class='ocrx_word' id='word_1_493' title='bbox 1207 1209 1239 1234; x_wconf 90' lang='lat' dir='ltr'>et</span> <span class='ocrx_word' id='word_1_494' title='bbox 1263 1204 1402 1233; x_wconf 88' lang='lat' dir='ltr'>mortuis</span> <span class='ocrx_word' id='word_1_495' title='bbox 1426 1203 1620 1233; x_wconf 87' lang='lat' dir='ltr'>reddentem</span> <span class='ocrx_word' id='word_1_496' title='bbox 1644 1203 1756 1239; x_wconf 90' lang='lat' dir='ltr'>vitam,</span> <span class='ocrx_word' id='word_1_497' title='bbox 1792 1202 1868 1243; x_wconf 88' lang='lat' dir='ltr'>quia</span> <span class='ocrx_word' id='word_1_498' title='bbox 1899 1207 1950 1232; x_wconf 88' lang='lat' dir='ltr'>est</span> <span class='ocrx_word' id='word_1_499' title='bbox 1973 1212 2118 1242; x_wconf 84' lang='lat' dir='ltr'>persona</span> <span class='ocrx_word' id='word_1_500' title='bbox 2141 1202 2198 1234; x_wconf 89' lang='lat' dir='ltr'>im-</span> 
     </span>
     <span class='ocr_line' id='line_1_75' title="bbox 1206 1244 2198 1287; baseline 0 -11"><span class='ocrx_word' id='word_1_501' title='bbox 1206 1247 1345 1278; x_wconf 84' lang='lat' dir='ltr'>mediate</span> <span class='ocrx_word' id='word_1_502' title='bbox 1365 1245 1507 1287; x_wconf 85' lang='lat' dir='ltr'>loquens</span> <span class='ocrx_word' id='word_1_503' title='bbox 1528 1256 1602 1277; x_wconf 88' lang='lat' dir='ltr'>cum</span> <span class='ocrx_word' id='word_1_504' title='bbox 1626 1244 1745 1283; x_wconf 84' lang='lat' dir='ltr'>Moise,</span> <span class='ocrx_word' id='word_1_505' title='bbox 1780 1251 1812 1276; x_wconf 87' lang='lat' dir='ltr'>et</span> <span class='ocrx_word' id='word_1_506' title='bbox 1847 1246 2028 1276; x_wconf 88' lang='lat' dir='ltr'>ostendens</span> <span class='ocrx_word' id='word_1_507' title='bbox 2052 1255 2090 1276; x_wconf 91' lang='lat' dir='ltr'>se</span> <span class='ocrx_word' id='word_1_508' title='bbox 2113 1246 2142 1276; x_wconf 89' lang='lat' dir='ltr'>ei</span> <span class='ocrx_word' id='word_1_509' title='bbox 2165 1246 2198 1277; x_wconf 89' lang='lat' dir='ltr'>in</span> 
     </span>
     <span class='ocr_line' id='line_1_76' title="bbox 1208 1287 2198 1329; baseline -0.001 -9"><span class='ocrx_word' id='word_1_510' title='bbox 1208 1289 1316 1320; x_wconf 76' lang='lat' dir='ltr'>Petra.</span> <span class='ocrx_word' id='word_1_511' title='bbox 1362 1289 1471 1320; x_wconf 84' lang='lat' dir='ltr'>Exodi</span> <span class='ocrx_word' id='word_1_512' title='bbox 1496 1289 1548 1320; x_wconf 74' lang='lat'>³33.</span> <span class='ocrx_word' id='word_1_513' title='bbox 1573 1294 1605 1319; x_wconf 87' lang='lat' dir='ltr'>et</span> <span class='ocrx_word' id='word_1_514' title='bbox 1639 1287 1743 1319; x_wconf 88' lang='lat' dir='ltr'>Filius</span> <span class='ocrx_word' id='word_1_515' title='bbox 1774 1288 1860 1328; x_wconf 72' lang='grc' dir='ltr'><em>λόγος</em></span> <span class='ocrx_word' id='word_1_516' title='bbox 1879 1289 1933 1329; x_wconf 84' lang='lat' dir='ltr'>qui</span> <span class='ocrx_word' id='word_1_517' title='bbox 1964 1289 2009 1319; x_wconf 87' lang='lat' dir='ltr'>ibi</span> <span class='ocrx_word' id='word_1_518' title='bbox 2037 1298 2198 1329; x_wconf 81' lang='lat' dir='ltr'>expresse</span> 
     </span>
     <span class='ocr_line' id='line_1_77' title="bbox 1207 1331 2199 1374; baseline 0 -10"><span class='ocrx_word' id='word_1_519' title='bbox 1207 1333 1326 1374; x_wconf 84' lang='lat' dir='ltr'>inquit:</span> <span class='ocrx_word' id='word_1_520' title='bbox 1361 1332 1520 1364; x_wconf 88' lang='lat' dir='ltr'>Vacabor</span> <span class='ocrx_word' id='word_1_521' title='bbox 1543 1333 1575 1364; x_wconf 86' lang='grc'>10</span> <span class='ocrx_word' id='word_1_522' title='bbox 1599 1333 1732 1363; x_wconf 88' lang='lat' dir='ltr'>nomine</span> <span class='ocrx_word' id='word_1_523' title='bbox 1756 1331 1889 1363; x_wconf 90' lang='lat' dir='ltr'>Domini</span> <span class='ocrx_word' id='word_1_524' title='bbox 1924 1342 2037 1362; x_wconf 86' lang='lat' dir='ltr'>coram</span> <span class='ocrx_word' id='word_1_525' title='bbox 2072 1340 2120 1363; x_wconf 80' lang='lat' dir='ltr'>te:</span> <span class='ocrx_word' id='word_1_526' title='bbox 2155 1331 2199 1364; x_wconf 87' lang='lat' dir='ltr'>Et</span> 
     </span>
     <span class='ocr_line' id='line_1_78' title="bbox 1207 1374 2199 1418; baseline -0.001 -11"><span class='ocrx_word' id='word_1_527' title='bbox 1207 1387 1280 1408; x_wconf 88' lang='lat' dir='ltr'>cum</span> <span class='ocrx_word' id='word_1_528' title='bbox 1303 1376 1419 1418; x_wconf 82' lang='lat' dir='ltr'>inquit,</span> <span class='ocrx_word' id='word_1_529' title='bbox 1445 1376 1638 1407; x_wconf 76' lang='lat' dir='ltr'>Posteriora</span> <span class='ocrx_word' id='word_1_530' title='bbox 1661 1385 1734 1406; x_wconf 88' lang='lat' dir='ltr'>mea</span> <span class='ocrx_word' id='word_1_531' title='bbox 1758 1375 1898 1412; x_wconf 89' lang='lat' dir='ltr'>videbis,</span> <span class='ocrx_word' id='word_1_532' title='bbox 1922 1374 2087 1417; x_wconf 80' lang='lat' dir='ltr'>significat</span> <span class='ocrx_word' id='word_1_533' title='bbox 2111 1374 2199 1406; x_wconf 85' lang='lat' dir='ltr'>hanc</span> 
     </span>
     <span class='ocr_line' id='line_1_79' title="bbox 1206 1417 2197 1461; baseline 0 -11"><span class='ocrx_word' id='word_1_534' title='bbox 1206 1430 1385 1461; x_wconf 86' lang='lat' dir='ltr'>personam</span> <span class='ocrx_word' id='word_1_535' title='bbox 1420 1426 1569 1450; x_wconf 87' lang='lat' dir='ltr'>assumta</span> <span class='ocrx_word' id='word_1_536' title='bbox 1603 1424 1722 1449; x_wconf 86' lang='lat' dir='ltr'>natura</span> <span class='ocrx_word' id='word_1_537' title='bbox 1759 1419 1904 1449; x_wconf 88' lang='lat' dir='ltr'>humana</span> <span class='ocrx_word' id='word_1_538' title='bbox 1939 1419 1971 1449; x_wconf 90' lang='lat' dir='ltr'>in</span> <span class='ocrx_word' id='word_1_539' title='bbox 2002 1417 2066 1450; x_wconf 86' lang='lat' dir='ltr'>fine</span> <span class='ocrx_word' id='word_1_540' title='bbox 2100 1419 2197 1450; x_wconf 88' lang='lat' dir='ltr'>istius</span> 
     </span>
     <span class='ocr_line' id='line_1_80' title="bbox 1207 1461 2198 1504; baseline 0 -11"><span class='ocrx_word' id='word_1_541' title='bbox 1207 1461 1341 1503; x_wconf 87' lang='lat' dir='ltr'>politiae</span> <span class='ocrx_word' id='word_1_542' title='bbox 1361 1463 1561 1493; x_wconf 82' lang='lat' dir='ltr'>cernendam</span> <span class='ocrx_word' id='word_1_543' title='bbox 1586 1472 1672 1493; x_wconf 85' lang='lat' dir='ltr'>esse.</span> <span class='ocrx_word' id='word_1_544' title='bbox 1719 1461 1831 1497; x_wconf 87' lang='lat' dir='ltr'>Quare</span> <span class='ocrx_word' id='word_1_545' title='bbox 1855 1468 1888 1493; x_wconf 89' lang='lat' dir='ltr'>et</span> <span class='ocrx_word' id='word_1_546' title='bbox 1911 1467 2043 1494; x_wconf 90' lang='lat' dir='ltr'>veteres</span> <span class='ocrx_word' id='word_1_547' title='bbox 2067 1463 2198 1504; x_wconf 84' lang='lat' dir='ltr'>sapien-</span> 
     </span>
     <span class='ocr_line' id='line_1_81' title="bbox 1206 1504 2195 1544; baseline 0 -8"><span class='ocrx_word' id='word_1_548' title='bbox 1206 1513 1256 1537; x_wconf 81' lang='lat' dir='ltr'>ter</span> <span class='ocrx_word' id='word_1_549' title='bbox 1280 1505 1362 1537; x_wconf 83' lang='lat' dir='ltr'>illud</span> <span class='ocrx_word' id='word_1_550' title='bbox 1385 1504 1495 1538; x_wconf 90' lang='lat' dir='ltr'>Pauli:</span> <span class='ocrx_word' id='word_1_551' title='bbox 1529 1505 1600 1536; x_wconf 79' lang='lat' dir='ltr'>Lex</span> <span class='ocrx_word' id='word_1_552' title='bbox 1635 1510 1686 1536; x_wconf 86' lang='lat' dir='ltr'>est</span> <span class='ocrx_word' id='word_1_553' title='bbox 1709 1505 1784 1536; x_wconf 85' lang='lat' dir='ltr'>(lata</span> <span class='ocrx_word' id='word_1_554' title='bbox 1809 1505 1841 1535; x_wconf 89' lang='grc'>10</span> <span class='ocrx_word' id='word_1_555' title='bbox 1865 1516 1965 1536; x_wconf 86' lang='lat' dir='ltr'>manu</span> <span class='ocrx_word' id='word_1_556' title='bbox 1987 1504 2195 1544; x_wconf 85' lang='lat' dir='ltr'>Mediatoris,</span> 
     </span>
     <span class='ocr_line' id='line_1_82' title="bbox 1205 1547 2198 1587; baseline 0 -7"><span class='ocrx_word' id='word_1_557' title='bbox 1205 1548 1439 1581; x_wconf 85' lang='lat' dir='ltr'>intellexerunt</span> <span class='ocrx_word' id='word_1_558' title='bbox 1463 1549 1504 1580; x_wconf 91' lang='lat' dir='ltr'>de</span> <span class='ocrx_word' id='word_1_559' title='bbox 1528 1547 1620 1580; x_wconf 82' lang='lat' dir='ltr'>Filio.</span> <span class='ocrx_word' id='word_1_560' title='bbox 1658 1548 1692 1579; x_wconf 91' lang='lat' dir='ltr'>ln</span> <span class='ocrx_word' id='word_1_561' title='bbox 1717 1559 1815 1579; x_wconf 91' lang='lat' dir='ltr'>manu</span> <span class='ocrx_word' id='word_1_562' title='bbox 1839 1548 2042 1587; x_wconf 72' lang='lat' dir='ltr'>Mediator-is,</span> <span class='ocrx_word' id='word_1_563' title='bbox 2067 1548 2198 1580; x_wconf 89' lang='lat' dir='ltr'>scilicet</span> 
     </span>
     <span class='ocr_line' id='line_1_83' title="bbox 1206 1590 2196 1635; baseline 0 -11"><span class='ocrx_word' id='word_1_564' title='bbox 1206 1592 1295 1632; x_wconf 86' lang='lat' dir='ltr'>Filii,</span> <span class='ocrx_word' id='word_1_565' title='bbox 1331 1594 1417 1624; x_wconf 88' lang='lat' dir='ltr'>sicut</span> <span class='ocrx_word' id='word_1_566' title='bbox 1450 1591 1594 1624; x_wconf 88' lang='lat' dir='ltr'>affirmat</span> <span class='ocrx_word' id='word_1_567' title='bbox 1618 1590 1758 1630; x_wconf 84' lang='lat' dir='ltr'>Paulus,</span> <span class='ocrx_word' id='word_1_568' title='bbox 1795 1591 1944 1623; x_wconf 88' lang='lat' dir='ltr'>adluisse</span> <span class='ocrx_word' id='word_1_569' title='bbox 1974 1602 2049 1624; x_wconf 88' lang='lat' dir='ltr'>eum</span> <span class='ocrx_word' id='word_1_570' title='bbox 2072 1591 2196 1635; x_wconf 88' lang='lat' dir='ltr'>populo</span> 
     </span>
     <span class='ocr_line' id='line_1_84' title="bbox 1204 1637 1420 1668; baseline -0.005 -1"><span class='ocrx_word' id='word_1_571' title='bbox 1204 1637 1237 1667; x_wconf 93' lang='lat' dir='ltr'>in</span> <span class='ocrx_word' id='word_1_572' title='bbox 1261 1637 1420 1668; x_wconf 82' lang='lat' dir='ltr'>deserto.¹</span> 
     </span>
    </p>
   </div>
   <div class='ocr_carea' id='block_1_11' title="bbox 1201 1712 2197 2278">
    <p class='ocr_par' dir='ltr' id='par_1_11' title="bbox 1201 1712 2197 2278">
     <span class='ocr_line' id='line_1_85' title="bbox 1292 1712 2196 1755; baseline 0.001 -10"><span class='ocrx_word' id='word_1_573' title='bbox 1292 1713 1479 1745; x_wconf 85' lang='lat' dir='ltr'>Hieremiae</span> <span class='ocrx_word' id='word_1_574' title='bbox 1502 1713 1554 1745; x_wconf 83' lang='lat'>33.</span> <span class='ocrx_word' id='word_1_575' title='bbox 1596 1713 1638 1744; x_wconf 91' lang='lat' dir='ltr'>Et</span> <span class='ocrx_word' id='word_1_576' title='bbox 1662 1712 1728 1744; x_wconf 90' lang='lat' dir='ltr'>hoc</span> <span class='ocrx_word' id='word_1_577' title='bbox 1751 1719 1804 1745; x_wconf 86' lang='lat' dir='ltr'>est</span> <span class='ocrx_word' id='word_1_578' title='bbox 1826 1724 1948 1745; x_wconf 88' lang='lat' dir='ltr'>nomen</span> <span class='ocrx_word' id='word_1_579' title='bbox 1972 1714 2061 1755; x_wconf 89' lang='lat' dir='ltr'>quod</span> <span class='ocrx_word' id='word_1_580' title='bbox 2096 1724 2196 1746; x_wconf 87' lang='lat' dir='ltr'>voca-</span> 
     </span>
     <span class='ocr_line' id='line_1_86' title="bbox 1206 1756 2197 1798; baseline 0 -9"><span class='ocrx_word' id='word_1_581' title='bbox 1206 1759 1286 1789; x_wconf 86' lang='lat' dir='ltr'>bunt</span> <span class='ocrx_word' id='word_1_582' title='bbox 1320 1768 1394 1789; x_wconf 92' lang='lat' dir='ltr'>eum</span> <span class='ocrx_word' id='word_1_583' title='bbox 1423 1757 1593 1788; x_wconf 86' lang='lat' dir='ltr'>lEHOVA</span> <span class='ocrx_word' id='word_1_584' title='bbox 1628 1757 1752 1788; x_wconf 85' lang='lat' dir='ltr'>iustitia</span> <span class='ocrx_word' id='word_1_585' title='bbox 1785 1764 1911 1798; x_wconf 88' lang='lat' dir='ltr'>nostra,</span> <span class='ocrx_word' id='word_1_586' title='bbox 1946 1757 2003 1788; x_wconf 90' lang='lat' dir='ltr'>ubi</span> <span class='ocrx_word' id='word_1_587' title='bbox 2027 1756 2197 1798; x_wconf 86' lang='lat' dir='ltr'>Propheta</span> 
     </span>
     <span class='ocr_line' id='line_1_87' title="bbox 1205 1800 2196 1843; baseline 0 -11"><span class='ocrx_word' id='word_1_588' title='bbox 1205 1811 1369 1843; x_wconf 77' lang='lat' dir='ltr'>expresse</span> <span class='ocrx_word' id='word_1_589' title='bbox 1391 1802 1539 1832; x_wconf 87' lang='lat' dir='ltr'>nominat</span> <span class='ocrx_word' id='word_1_590' title='bbox 1552 1801 1710 1832; x_wconf 81' lang='lat' dir='ltr'>Messiam</span> <span class='ocrx_word' id='word_1_591' title='bbox 1724 1800 1857 1839; x_wconf 83' lang='lat' dir='ltr'>lehova,</span> <span class='ocrx_word' id='word_1_592' title='bbox 1881 1801 1970 1842; x_wconf 89' lang='lat' dir='ltr'>quod</span> <span class='ocrx_word' id='word_1_593' title='bbox 1983 1811 2103 1832; x_wconf 90' lang='lat' dir='ltr'>nomen</span> <span class='ocrx_word' id='word_1_594' title='bbox 2117 1811 2196 1832; x_wconf 89' lang='lat' dir='ltr'>nus-</span> 
     </span>
     <span class='ocr_line' id='line_1_88' title="bbox 1204 1844 2196 1887; baseline 0 -11"><span class='ocrx_word' id='word_1_595' title='bbox 1204 1856 1303 1887; x_wconf 89' lang='lat' dir='ltr'>quam</span> <span class='ocrx_word' id='word_1_596' title='bbox 1337 1845 1498 1876; x_wconf 81' lang='lat' dir='ltr'>creaturis</span> <span class='ocrx_word' id='word_1_597' title='bbox 1530 1845 1694 1875; x_wconf 88' lang='lat' dir='ltr'>tribuitur.</span> <span class='ocrx_word' id='word_1_598' title='bbox 1730 1844 1802 1875; x_wconf 84' lang='lat' dir='ltr'>Etsi</span> <span class='ocrx_word' id='word_1_599' title='bbox 1826 1851 1936 1875; x_wconf 88' lang='lat' dir='ltr'>autem</span> <span class='ocrx_word' id='word_1_600' title='bbox 1951 1844 2061 1875; x_wconf 82' lang='lat' dir='ltr'>ludaei</span> <span class='ocrx_word' id='word_1_601' title='bbox 2085 1850 2196 1876; x_wconf 78' lang='lat' dir='ltr'>astute</span> 
     </span>
     <span class='ocr_line' id='line_1_89' title="bbox 1205 1887 2195 1926; baseline -0.001 -7"><span class='ocrx_word' id='word_1_602' title='bbox 1205 1887 1357 1920; x_wconf 84' lang='lat' dir='ltr'>eludunt:</span> <span class='ocrx_word' id='word_1_603' title='bbox 1394 1895 1503 1919; x_wconf 87' lang='lat' dir='ltr'>tamen</span> <span class='ocrx_word' id='word_1_604' title='bbox 1533 1888 1709 1919; x_wconf 87' lang='lat' dir='ltr'>manifesta</span> <span class='ocrx_word' id='word_1_605' title='bbox 1744 1894 1794 1919; x_wconf 89' lang='lat' dir='ltr'>est</span> <span class='ocrx_word' id='word_1_606' title='bbox 1827 1888 1994 1926; x_wconf 86' lang='lat' dir='ltr'>refutatio,</span> <span class='ocrx_word' id='word_1_607' title='bbox 2030 1899 2104 1919; x_wconf 88' lang='lat' dir='ltr'>cum</span> <span class='ocrx_word' id='word_1_608' title='bbox 2133 1888 2195 1919; x_wconf 83' lang='lat' dir='ltr'>ait:</span> 
     </span>
     <span class='ocr_line' id='line_1_90' title="bbox 1207 1930 2197 1970; baseline -0.001 -7"><span class='ocrx_word' id='word_1_609' title='bbox 1207 1931 1384 1963; x_wconf 88' lang='lat' dir='ltr'>Vocabunt</span> <span class='ocrx_word' id='word_1_610' title='bbox 1418 1941 1492 1963; x_wconf 90' lang='lat' dir='ltr'>eum</span> <span class='ocrx_word' id='word_1_611' title='bbox 1526 1930 1666 1969; x_wconf 82' lang='lat' dir='ltr'>lehova,</span> <span class='ocrx_word' id='word_1_612' title='bbox 1708 1932 1739 1962; x_wconf 92' lang='lat' dir='ltr'>id</span> <span class='ocrx_word' id='word_1_613' title='bbox 1776 1938 1838 1970; x_wconf 87' lang='lat' dir='ltr'>est,</span> <span class='ocrx_word' id='word_1_614' title='bbox 1873 1932 2088 1963; x_wconf 89' lang='lat' dir='ltr'>invocabunt.</span> <span class='ocrx_word' id='word_1_615' title='bbox 2134 1930 2197 1962; x_wconf 88' lang='lat' dir='ltr'>Est</span> 
     </span>
     <span class='ocr_line' id='line_1_91' title="bbox 1205 1975 2196 2016; baseline -0.001 -10"><span class='ocrx_word' id='word_1_616' title='bbox 1205 1981 1315 2006; x_wconf 85' lang='lat' dir='ltr'>autem</span> <span class='ocrx_word' id='word_1_617' title='bbox 1340 1982 1372 2006; x_wconf 88' lang='lat' dir='ltr'>et</span> <span class='ocrx_word' id='word_1_618' title='bbox 1394 1976 1467 2016; x_wconf 84' lang='lat' dir='ltr'>ipsa</span> <span class='ocrx_word' id='word_1_619' title='bbox 1490 1975 1660 2006; x_wconf 85' lang='lat' dir='ltr'>Invocatio</span> <span class='ocrx_word' id='word_1_620' title='bbox 1686 1975 1912 2007; x_wconf 85' lang='lat' dir='ltr'>testimonium</span> <span class='ocrx_word' id='word_1_621' title='bbox 1936 1975 2127 2013; x_wconf 78' lang='lat' dir='ltr'>divinitatis,</span> <span class='ocrx_word' id='word_1_622' title='bbox 2163 1980 2196 2006; x_wconf 87' lang='lat' dir='ltr'>et</span> 
     </span>
     <span class='ocr_line' id='line_1_92' title="bbox 1205 2018 2195 2060; baseline 0 -11"><span class='ocrx_word' id='word_1_623' title='bbox 1205 2019 1250 2049; x_wconf 90' lang='lat' dir='ltr'>ait</span> <span class='ocrx_word' id='word_1_624' title='bbox 1274 2020 1324 2049; x_wconf 93' lang='lat' dir='ltr'>sic</span> <span class='ocrx_word' id='word_1_625' title='bbox 1342 2019 1565 2050; x_wconf 88' lang='lat' dir='ltr'>invocandum</span> <span class='ocrx_word' id='word_1_626' title='bbox 1590 2029 1686 2057; x_wconf 89' lang='lat' dir='ltr'>esse,</span> <span class='ocrx_word' id='word_1_627' title='bbox 1721 2026 1757 2050; x_wconf 86' lang='lat' dir='ltr'>ut.</span> <span class='ocrx_word' id='word_1_628' title='bbox 1781 2018 1944 2050; x_wconf 73' lang='lat' dir='ltr'>fateamur</span> <span class='ocrx_word' id='word_1_629' title='bbox 1966 2018 2032 2049; x_wconf 89' lang='lat' dir='ltr'>hoc</span> <span class='ocrx_word' id='word_1_630' title='bbox 2057 2028 2195 2060; x_wconf 79' lang='lat' dir='ltr'>germen</span> 
     </span>
     <span class='ocr_line' id='line_1_93' title="bbox 1204 2062 2195 2104; baseline 0 -11"><span class='ocrx_word' id='word_1_631' title='bbox 1204 2062 1315 2093; x_wconf 82' lang='lat' dir='ltr'>David</span> <span class='ocrx_word' id='word_1_632' title='bbox 1339 2063 1428 2104; x_wconf 92' lang='lat' dir='ltr'>quod</span> <span class='ocrx_word' id='word_1_633' title='bbox 1452 2069 1503 2093; x_wconf 90' lang='lat' dir='ltr'>est</span> <span class='ocrx_word' id='word_1_634' title='bbox 1527 2062 1662 2099; x_wconf 80' lang='lat' dir='ltr'>lehova,</span> <span class='ocrx_word' id='word_1_635' title='bbox 1689 2072 1765 2093; x_wconf 86' lang='lat' dir='ltr'>esse</span> <span class='ocrx_word' id='word_1_636' title='bbox 1788 2063 1943 2093; x_wconf 82' lang='lat' dir='ltr'>iustitiam</span> <span class='ocrx_word' id='word_1_637' title='bbox 1968 2067 2129 2098; x_wconf 87' lang='lat' dir='ltr'>nostram,</span> <span class='ocrx_word' id='word_1_638' title='bbox 2161 2062 2195 2093; x_wconf 87' lang='lat' dir='ltr'>id</span> 
     </span>
     <span class='ocr_line' id='line_1_94' title="bbox 1204 2103 2194 2146; baseline 0.001 -10"><span class='ocrx_word' id='word_1_639' title='bbox 1204 2112 1267 2143; x_wconf 86' lang='lat' dir='ltr'>est,</span> <span class='ocrx_word' id='word_1_640' title='bbox 1286 2106 1527 2137; x_wconf 78' lang='lat' dir='ltr'>vivificatorem</span> <span class='ocrx_word' id='word_1_641' title='bbox 1551 2111 1583 2136; x_wconf 82' lang='lat' dir='ltr'>et</span> <span class='ocrx_word' id='word_1_642' title='bbox 1616 2105 1876 2144; x_wconf 85' lang='lat' dir='ltr'>iustificatorem,</span> <span class='ocrx_word' id='word_1_643' title='bbox 1911 2103 2082 2136; x_wconf 88' lang='lat' dir='ltr'>tollentem</span> <span class='ocrx_word' id='word_1_644' title='bbox 2116 2115 2194 2146; x_wconf 87' lang='lat' dir='ltr'>pec·</span> 
     </span>
     <span class='ocr_line' id='line_1_95' title="bbox 1203 2149 2192 2188; baseline -0.001 -8"><span class='ocrx_word' id='word_1_645' title='bbox 1203 2156 1324 2188; x_wconf 80' lang='lat' dir='ltr'>catum,</span> <span class='ocrx_word' id='word_1_646' title='bbox 1370 2150 1564 2180; x_wconf 85' lang='lat' dir='ltr'>reddentem</span> <span class='ocrx_word' id='word_1_647' title='bbox 1610 2149 1768 2180; x_wconf 84' lang='lat' dir='ltr'>iustitiam</span> <span class='ocrx_word' id='word_1_648' title='bbox 1810 2156 1840 2180; x_wconf 88' lang='lat' dir='ltr'>et</span> <span class='ocrx_word' id='word_1_649' title='bbox 1875 2149 1975 2181; x_wconf 89' lang='lat' dir='ltr'>vitam</span> <span class='ocrx_word' id='word_1_650' title='bbox 2010 2155 2192 2180; x_wconf 86' lang='lat' dir='ltr'>aeternam.</span> 
     </span>
     <span class='ocr_line' id='line_1_96' title="bbox 1202 2192 2192 2234; baseline 0 -11"><span class='ocrx_word' id='word_1_651' title='bbox 1202 2192 1294 2224; x_wconf 88' lang='lat' dir='ltr'>Haec</span> <span class='ocrx_word' id='word_1_652' title='bbox 1324 2198 1376 2224; x_wconf 89' lang='lat' dir='ltr'>est</span> <span class='ocrx_word' id='word_1_653' title='bbox 1410 2193 1598 2234; x_wconf 87' lang='lat' dir='ltr'>proprietas</span> <span class='ocrx_word' id='word_1_654' title='bbox 1633 2193 1764 2224; x_wconf 84' lang='lat' dir='ltr'>divinae</span> <span class='ocrx_word' id='word_1_655' title='bbox 1792 2193 1971 2234; x_wconf 84' lang='lat' dir='ltr'>potentiae,</span> <span class='ocrx_word' id='word_1_656' title='bbox 2002 2203 2065 2223; x_wconf 89' lang='lat' dir='ltr'>nec</span> <span class='ocrx_word' id='word_1_657' title='bbox 2095 2192 2192 2223; x_wconf 86' lang='lat' dir='ltr'>tribui</span> 
     </span>
     <span class='ocr_line' id='line_1_97' title="bbox 1201 2237 1512 2278; baseline -0.003 -11"><span class='ocrx_word' id='word_1_658' title='bbox 1201 2242 1313 2278; x_wconf 85' lang='lat' dir='ltr'>potest</span> <span class='ocrx_word' id='word_1_659' title='bbox 1337 2237 1512 2268; x_wconf 85' lang='lat' dir='ltr'>creaturis.</span> 
     </span>
    </p>
   </div>
   <div class='ocr_carea' id='block_1_12' title="bbox 1202 2320 2193 2494">
    <p class='ocr_par' dir='ltr' id='par_1_12' title="bbox 1202 2320 2193 2494">
     <span class='ocr_line' id='line_1_98' title="bbox 1289 2320 2191 2360; baseline -0.002 -6"><span class='ocrx_word' id='word_1_660' title='bbox 1289 2322 1412 2354; x_wconf 86' lang='lat' dir='ltr'>Esaiae</span> <span class='ocrx_word' id='word_1_661' title='bbox 1430 2323 1462 2353; x_wconf 76' lang='lat'>7.</span> <span class='ocrx_word' id='word_1_662' title='bbox 1508 2322 1692 2354; x_wconf 86' lang='lat' dir='ltr'>Vocabitur</span> <span class='ocrx_word' id='word_1_663' title='bbox 1726 2333 1848 2354; x_wconf 88' lang='lat' dir='ltr'>nomen</span> <span class='ocrx_word' id='word_1_664' title='bbox 1883 2323 1953 2354; x_wconf 83' lang='lat' dir='ltr'>eius</span> <span class='ocrx_word' id='word_1_665' title='bbox 1983 2320 2191 2360; x_wconf 84' lang='lat' dir='ltr'>Emmanuel,</span> 
     </span>
     <span class='ocr_line' id='line_1_99' title="bbox 1202 2365 2193 2405; baseline 0 -8"><span class='ocrx_word' id='word_1_666' title='bbox 1202 2367 1235 2398; x_wconf 84' lang='lat' dir='ltr'>id</span> <span class='ocrx_word' id='word_1_667' title='bbox 1260 2372 1322 2404; x_wconf 88' lang='lat' dir='ltr'>est,</span> <span class='ocrx_word' id='word_1_668' title='bbox 1358 2366 1533 2397; x_wconf 85' lang='lat' dir='ltr'>nobiscum</span> <span class='ocrx_word' id='word_1_669' title='bbox 1557 2366 1662 2405; x_wconf 85' lang='lat' dir='ltr'>Deus,</span> <span class='ocrx_word' id='word_1_670' title='bbox 1698 2366 1770 2397; x_wconf 89' lang='lat' dir='ltr'>Nec</span> <span class='ocrx_word' id='word_1_671' title='bbox 1805 2365 1894 2397; x_wconf 87' lang='lat' dir='ltr'>valet</span> <span class='ocrx_word' id='word_1_672' title='bbox 1929 2365 2034 2396; x_wconf 82' lang='lat' dir='ltr'>elusio</span> <span class='ocrx_word' id='word_1_673' title='bbox 2059 2365 2193 2397; x_wconf 82' lang='lat' dir='ltr'>Iudaica</span> 
     </span>
     <span class='ocr_line' id='line_1_100' title="bbox 1203 2408 2192 2451; baseline -0.002 -10"><span class='ocrx_word' id='word_1_674' title='bbox 1203 2411 1244 2441; x_wconf 90' lang='lat' dir='ltr'>de</span> <span class='ocrx_word' id='word_1_675' title='bbox 1268 2409 1446 2447; x_wconf 78' lang='lat' dir='ltr'>vocabulo,</span> <span class='ocrx_word' id='word_1_676' title='bbox 1471 2408 1547 2451; x_wconf 83' lang='lat' dir='ltr'>quia</span> <span class='ocrx_word' id='word_1_677' title='bbox 1570 2410 1700 2441; x_wconf 80' lang='lat' dir='ltr'>additur</span> <span class='ocrx_word' id='word_1_678' title='bbox 1719 2410 1904 2450; x_wconf 85' lang='lat' dir='ltr'>proprietas</span> <span class='ocrx_word' id='word_1_679' title='bbox 1927 2416 2065 2440; x_wconf 88' lang='lat' dir='ltr'>naturae</span> <span class='ocrx_word' id='word_1_680' title='bbox 2089 2409 2192 2440; x_wconf 91' lang='lat' dir='ltr'>omni-</span> 
     </span>
     <span class='ocr_line' id='line_1_101' title="bbox 1407 2452 2191 2494; baseline 0 -11"><span class='ocrx_word' id='word_1_681' title='bbox 1407 2453 1507 2484; x_wconf 87' lang='lat' dir='ltr'>Pater</span> <span class='ocrx_word' id='word_1_682' title='bbox 1530 2454 1618 2484; x_wconf 76' lang='lat' dir='ltr'>vitae</span> <span class='ocrx_word' id='word_1_683' title='bbox 1640 2460 1830 2494; x_wconf 68' lang='lat' dir='ltr'>pei&#39;pet&#39;ssae.</span> <span class='ocrx_word' id='word_1_684' title='bbox 1865 2452 1957 2483; x_wconf 91' lang='lat' dir='ltr'>Dare</span> <span class='ocrx_word' id='word_1_685' title='bbox 1982 2453 2067 2483; x_wconf 90' lang='lat' dir='ltr'>enim</span> <span class='ocrx_word' id='word_1_686' title='bbox 2092 2453 2191 2483; x_wconf 74' lang='lat' dir='ltr'>vitam</span> 
     </span>
    </p>
   </div>
   <div class='ocr_carea' id='block_1_13' title="bbox 161 2494 2192 2540">
    <p class='ocr_par' dir='ltr' id='par_1_13' title="bbox 161 2494 2192 2540">
     <span class='ocr_line' id='line_1_102' title="bbox 161 2494 2192 2540; baseline 0 -15"><span class='ocrx_word' id='word_1_687' title='bbox 161 2495 238 2535; x_wconf 89' lang='lat' dir='ltr'>quia</span> <span class='ocrx_word' id='word_1_688' title='bbox 262 2505 321 2536; x_wconf 88' lang='lat' dir='ltr'>per</span> <span class='ocrx_word' id='word_1_689' title='bbox 345 2497 452 2536; x_wconf 86' lang='lat' dir='ltr'>ipsum</span> <span class='ocrx_word' id='word_1_690' title='bbox 477 2495 544 2526; x_wconf 88' lang='lat' dir='ltr'>hoc</span> <span class='ocrx_word' id='word_1_691' title='bbox 567 2494 602 2526; x_wconf 88' lang='lat' dir='ltr'>fit</span> <span class='ocrx_word' id='word_1_692' title='bbox 626 2495 811 2527; x_wconf 86' lang='lat' dir='ltr'>immediate</span> <span class='ocrx_word' id='word_1_693' title='bbox 834 2497 989 2534; x_wconf 72' lang='lat' dir='ltr'>missum,</span> <span class='ocrx_word' id='word_1_694' title='bbox 1016 2501 1050 2527; x_wconf 93' lang='lat' dir='ltr'>ut</span> <span class='ocrx_word' id='word_1_695' title='bbox 1075 2507 1151 2537; x_wconf 84' lang='lat' dir='ltr'>pro·</span> <span class='ocrx_word' id='word_1_696' title='bbox 1174 2495 1178 2540; x_wconf 66' lang='grc'>1</span> <span class='ocrx_word' id='word_1_697' title='bbox 1202 2503 1372 2528; x_wconf 83' lang='lat' dir='ltr'>aeternam</span> <span class='ocrx_word' id='word_1_698' title='bbox 1391 2503 1443 2528; x_wconf 84' lang='lat' dir='ltr'>est</span> <span class='ocrx_word' id='word_1_699' title='bbox 1465 2502 1605 2528; x_wconf 85' lang='lat' dir='ltr'>naturae</span> <span class='ocrx_word' id='word_1_700' title='bbox 1629 2497 1878 2537; x_wconf 80' lang='lat' dir='ltr'>oumipotentis:</span> <span class='ocrx_word' id='word_1_701' title='bbox 1911 2495 1967 2527; x_wconf 78' lang='lat' dir='ltr'>Sic</span> <span class='ocrx_word' id='word_1_702' title='bbox 1990 2496 2095 2537; x_wconf 90' lang='lat' dir='ltr'>inquit</span> <span class='ocrx_word' id='word_1_703' title='bbox 2118 2497 2192 2536; x_wconf 84' lang='lat' dir='ltr'>ipse</span> 
     </span>
    </p>
   </div>
   <div class='ocr_carea' id='block_1_14' title="bbox 160 2537 1949 2581">
    <p class='ocr_par' dir='ltr' id='par_1_14' title="bbox 160 2537 1949 2581">
     <span class='ocr_line' id='line_1_103' title="bbox 160 2537 1949 2581; baseline 0.001 -12"><span class='ocrx_word' id='word_1_704' title='bbox 160 2538 245 2569; x_wconf 84' lang='lat' dir='ltr'>ferat</span> <span class='ocrx_word' id='word_1_705' title='bbox 276 2537 498 2580; x_wconf 83' lang='lat' dir='ltr'>Evangelium</span> <span class='ocrx_word' id='word_1_706' title='bbox 533 2548 574 2569; x_wconf 83' lang='lat' dir='ltr'>ex</span> <span class='ocrx_word' id='word_1_707' title='bbox 609 2539 684 2570; x_wconf 90' lang='lat' dir='ltr'>sinu</span> <span class='ocrx_word' id='word_1_708' title='bbox 718 2540 845 2571; x_wconf 89' lang='lat' dir='ltr'>aeterni</span> <span class='ocrx_word' id='word_1_709' title='bbox 871 2539 999 2578; x_wconf 88' lang='lat' dir='ltr'>Patris,</span> <span class='ocrx_word' id='word_1_710' title='bbox 1041 2546 1074 2571; x_wconf 86' lang='lat' dir='ltr'>et</span> <span class='ocrx_word' id='word_1_711' title='bbox 1108 2540 1152 2571; x_wconf 88' lang='lat' dir='ltr'>sit</span> <span class='ocrx_word' id='word_1_712' title='bbox 1202 2540 1381 2571; x_wconf 88' lang='lat' dir='ltr'>Dominus:</span> <span class='ocrx_word' id='word_1_713' title='bbox 1406 2539 1479 2581; x_wconf 80' lang='lat' dir='ltr'>Ego</span> <span class='ocrx_word' id='word_1_714' title='bbox 1504 2540 1603 2570; x_wconf 74' lang='lat' dir='ltr'>vitam</span> <span class='ocrx_word' id='word_1_715' title='bbox 1627 2547 1798 2571; x_wconf 89' lang='lat' dir='ltr'>aeternam</span> <span class='ocrx_word' id='word_1_716' title='bbox 1823 2540 1865 2570; x_wconf 93' lang='lat' dir='ltr'>do</span> <span class='ocrx_word' id='word_1_717' title='bbox 1890 2539 1949 2570; x_wconf 82' lang='lat' dir='ltr'>eis.</span> 
     </span>
    </p>
   </div>
   <div class='ocr_carea' id='block_1_15' title="bbox 159 2581 777 2614">
    <p class='ocr_par' dir='ltr' id='par_1_15' title="bbox 159 2581 777 2614">
     <span class='ocr_line' id='line_1_104' title="bbox 159 2581 777 2614; baseline 0.002 -1"><span class='ocrx_word' id='word_1_718' title='bbox 159 2581 342 2614; x_wconf 86' lang='lat' dir='ltr'>Redemtor</span> <span class='ocrx_word' id='word_1_719' title='bbox 365 2589 396 2613; x_wconf 86' lang='lat' dir='ltr'>et</span> <span class='ocrx_word' id='word_1_720' title='bbox 419 2581 570 2613; x_wconf 87' lang='lat' dir='ltr'>salvator</span> <span class='ocrx_word' id='word_1_721' title='bbox 592 2581 777 2614; x_wconf 82' lang='lat' dir='ltr'>Ecclesiae.</span> 
     </span>
    </p>
   </div>
   <div class='ocr_carea' id='block_1_16' title="bbox 1202 2539 2190 2659">
    <p class='ocr_par' dir='ltr' id='par_1_16' title="bbox 1202 2539 2190 2659">
     <span class='ocr_line' id='line_1_105' title="bbox 1996 2539 2190 2570; baseline 0.005 -1"><span class='ocrx_word' id='word_1_722' title='bbox 1996 2539 2057 2570; x_wconf 79' lang='lat' dir='ltr'>Est</span> <span class='ocrx_word' id='word_1_723' title='bbox 2080 2545 2190 2570; x_wconf 63' lang='lat' dir='ltr'>autem</span> 
     </span>
     <span class='ocr_line' id='line_1_106' title="bbox 1202 2580 2190 2624; baseline -0.002 -10"><span class='ocrx_word' id='word_1_724' title='bbox 1202 2584 1236 2614; x_wconf 89' lang='lat' dir='ltr'>in</span> <span class='ocrx_word' id='word_1_725' title='bbox 1259 2584 1324 2615; x_wconf 91' lang='lat' dir='ltr'>hoc</span> <span class='ocrx_word' id='word_1_726' title='bbox 1348 2584 1434 2615; x_wconf 80' lang='lat' dir='ltr'>dicto</span> <span class='ocrx_word' id='word_1_727' title='bbox 1460 2583 1590 2622; x_wconf 78' lang='lat' dir='ltr'>Esaiae,</span> <span class='ocrx_word' id='word_1_728' title='bbox 1625 2590 1657 2614; x_wconf 91' lang='lat' dir='ltr'>et</span> <span class='ocrx_word' id='word_1_729' title='bbox 1687 2584 1719 2614; x_wconf 93' lang='lat' dir='ltr'>in</span> <span class='ocrx_word' id='word_1_730' title='bbox 1749 2581 1970 2624; x_wconf 84' lang='lat' dir='ltr'>appellatione</span> <span class='ocrx_word' id='word_1_731' title='bbox 1993 2580 2190 2614; x_wconf 85' lang='lat' dir='ltr'>Emmanuel</span> 
     </span>
     <span class='ocr_line' id='line_1_107' title="bbox 1203 2624 2190 2659; baseline -0.002 0"><span class='ocrx_word' id='word_1_732' title='bbox 1203 2628 1483 2659; x_wconf 87' lang='lat' dir='ltr'>considerandum</span> <span class='ocrx_word' id='word_1_733' title='bbox 1513 2627 1736 2659; x_wconf 82' lang='lat' dir='ltr'>testimonium</span> <span class='ocrx_word' id='word_1_734' title='bbox 1776 2627 1817 2658; x_wconf 88' lang='lat' dir='ltr'>de</span> <span class='ocrx_word' id='word_1_735' title='bbox 1850 2627 2009 2658; x_wconf 81' lang='lat' dir='ltr'>missione</span> <span class='ocrx_word' id='word_1_736' title='bbox 2039 2624 2112 2657; x_wconf 87' lang='lat' dir='ltr'>Filii</span> <span class='ocrx_word' id='word_1_737' title='bbox 2147 2625 2190 2658; x_wconf 80' lang='lat' dir='ltr'>ad</span> 
     </span>
    </p>
   </div>
  </div>
 </body>
</html>
