2383 2990
94 171 135 202 13

91 271 160 296 tum
178 265 212 295 in
234 263 392 295 membris
411 262 567 300 externis,
595 267 630 293 ut
655 267 815 292 externae
845 261 995 292 actiones
1019 270 1080 301 pu—

91 313 233 351 gnantes
258 317 332 338 cum
354 305 447 348 Lege
469 305 544 336 Dei.

446 472 542 512 ‘Alia
574 471 728 511 divisio.

178 580 357 612 Peccatum
392 580 483 611 aliud
521 585 574 610 est
612 578 790 620 Regnans,
832 587 891 608 seu
925 576 1080 608 Mortale.

90 623 192 657 Aliud
227 631 278 656 est
313 635 381 655 nnn
414 624 587 665 RegnanS‚
621 622 711 663 quod
744 621 864 652 usitate
894 622 1081 651 nominatur

91 667 245 700 Veniale.

178 743 440 776 REGNANTIA
462 748 602 784 peccata
626 751 687 773 seu
716 740 890 779 Mortalia,
927 741 1081 771 dicuntur

92 789 201 820 omnia
224 794 361 829 peccata
384 788 417 817 in
440 797 507 817 non
530 786 666 823 renatiS,
691 783 853 826 originale
872 790 903 815 et
922 783 1079 821 actualia,

56 843 60 846 ’
91 832 249 862 interiora
273 837 305 861 et
329 830 506 867 exteriora,
531 839 616 870 quae
641 829 714 860 ideo
739 829 893 859 dicuntur
912 826 1079 864 Mortalia,

91 875 167 916 quia
201 884 269 905 non
296 878 431 904 renatus
461 878 600 914 propter
622 870 678 903 illa
705 872 813 902 onmia
832 881 909 902 reus
934 876 987 901 est
1010 871 1080 900 irae

89 917 167 956 Dei,
193 924 224 948 et
249 927 378 957 poenae
396 922 565 953 aeternae,
589 916 620 946 id
646 922 708 953 est,
739 915 911 957 ordinatus
935 914 978 944 ad
1001 922 1079 954 poe-

89 971 165 991 nam
201 966 387 997 aeternam,
411 960 495 990 sicut
516 958 671 990 Iohannis
698 958 728 989 3.
754 959 889 988 dicitur:
925 956 988 991 Qui
1012 966 1079 986 non

91 1004 197 1035 credit
215 1002 310 1041 Filio,
334 1013 399 1033 non
423 1003 546 1034 videbit
570 1003 690 1039 vitam,
720 1002 780 1032 sed
810 1001 858 1031 ira
881 999 945 1030 Dei
969 1010 1080 1030 mane-

90 1048 138 1078 bit
172 1057 275 1088 super
309 1056 393 1076 eum.
456 1045 586 1076 Rursus
621 1050 795 1085 peccatum
830 1043 989 1085 Regnans
1018 1053 1079 1073 seu

88 1089 232 1121 Mortale
255 1095 325 1126 est,
351 1100 425 1120 cum
445 1089 492 1126 is,
515 1089 570 1129 qui
594 1087 702 1119 fuerat
726 1092 872 1124 renatus,
898 1086 1079 1117 assentitur

91 1133 196 1164 errori
216 1134 246 1163 in
271 1131 505 1169 fundamento,
540 1138 594 1162 aut
619 1131 743 1161 labitur
766 1136 883 1160 contra
906 1129 1078 1159 conscien-

90 1177 179 1208 tiam.
203 1176 297 1207 Tunc
321 1176 405 1206 enim
429 1175 544 1205 amittit
569 1175 721 1216 gratiam,
746 1173 902 1213 Spiritum
927 1177 1079 1203 sanctum

90 1225 122 1250 et
146 1220 254 1256 fidem,
278 1220 365 1249 sicut,
387 1218 495 1248 Adam
519 1224 551 1248 et
575 1218 658 1254 Eva,
681 1216 792 1247 Aaron
817 1216 1006 1246 assentiens
1031 1213 1078 1245 fa-

91 1263 254 1293 cientibus
278 1261 416 1297 ldolum,
442 1260 553 1291 David
577 1261 710 1300 rapiens
734 1258 870 1290 alterius
890 1259 1076 1299 coniugem,

91 1306 288 1336 contristant
311 1310 342 1334 et
368 1305 535 1334 excutiunt
555 1303 712 1343 Spiritum
737 1302 905 1339 sanctum=
940 1308 1078 1341 prepter

90 1347 167 1379 talia
198 1346 336 1384 delicta,
368 1354 399 1377 et
430 1356 548 1376 rursus
578 1346 660 1376 fiunt
685 1346 731 1375 rei
755 1352 910 1375 aeternae
935 1354 1076 1384 poenae.

88 1390 197 1421 Posse
221 1391 305 1420 enim
329 1389 378 1419 sic
402 1388 469 1419 labi
493 1395 627 1419 renatos
647 1388 859 1428 perspicuum
884 1393 935 1417 est
959 1398 998 1418 ex
1024 1397 1077 1416 ca-

46 1447 49 1449 >
87 1434 154 1474 pite
177 1432 338 1463 Matthaei
364 1432 414 1461 12.
434 1437 465 1462 et
490 1432 521 1462 2.
545 1431 633 1462 Petri
655 1432 687 1461 52..
738 1430 850 1472 Aliqui
876 1440 958 1460 vero
982 1430 1078 1459 rede-

87 1481 146 1507 unt
168 1476 209 1506 ad
234 1475 485 1516 poenitentiam,
511 1480 542 1505 et
565 1473 650 1505 salvi
674 1474 765 1506 fiunt.
812 1472 908 1504 Multi
934 1483 1000 1503 non
1027 1482 1077 1503 re-

88 1519 189 1550 deunt
200 1519 243 1549 ad
256 1518 501 1560 poenitentiam,
515 1524 547 1549 61
560 1523 711 1559 pereunt,
730 1523 765 1548 ut
776 1523 897 1558 postea
917 1517 1076 1547 dicemus·

174 1596 355 1627 Peccatum
386 1595 483 1626 NON
512 1594 741 1633 REGNANS,
775 1595 863 1636 quod
888 1595 1077 1625 nominatur

85 1639 240 1678 Veniale‚
260 1640 291 1670 id
315 1645 377 1677 est,
400 1644 538 1680 propter
558 1639 646 1680 quod
665 1649 731 1669 non
745 1634 939 1669 amittuntur
955 1637 1075 1678 gratia,

86 1682 230 1724 Spiritus
244 1688 381 1713 sanctus
406 1688 437 1713 et
454 1683 564 1718 Fides,
590 1687 640 1713 est
664 1682 695 1712 111
722 1682 846 1712 renatis
866 1682 897 1712 in
923 1680 985 1711 hac
1010 1681 1074 1711 vita

86 1725 209 1757 malum
243 1727 394 1767 originis,
429 1732 462 1756 et
496 1726 719 1756 dubitationes
745 1730 776 1755 et
799 1725 952 1755 incendia
976 1722 1076 1754 malo-

87 1780 159 1800 rum
184 1769 373 1807 affectuum,
397 1769 517 1810 quibus
543 1775 649 1799 tamen
674 1774 859 1809 repugnant
886 1768 1010 1805 renati,
1034 1777 1075 1797 116

88 1818 186 1843 ruant
221 1818 335 1842 contra
373 1813 630 1849 conscientiam,
665 1818 695 1842 et
717 1810 826 1841 dolent
856 1817 992 1851 propter
1014 1811 1075 1841 has

88 1856 218 1892 sordes,
245 1862 273 1885 et
299 1857 435 1886 credunt
462 1865 498 1885 se
522 1855 887 1896 propterMediatorem
908 1853 982 1885 Deo
1007 1853 1076 1895 pla-

89 1909 182 1937 cere,
214 1899 280 1940 tegi
304 1899 367 1930 11115
392 1899 522 1936 sordes,
547 1904 577 1928 et
601 1899 741 1940 gratiam
766 1898 951 1928 exuberare
975 1907 1077 1938 supra

87 1947 273 1984 peecatum.

179 2117 301 2158 Unde
333 2125 496 2172 sumpta
530 2123 592 2156 cst
623 2118 724 2156 haee
757 2115 988 2156 distinctio?

176 2241 389 2284 Respondeo.
435 2243 570 2274 Certum
601 2249 652 2274 est
673 2245 757 2274 banc
780 2252 858 2273 esse
880 2248 1076 2283 perpetuam

90 2286 273 2317 doctrinam
304 2296 403 2317 verae
434 2285 623 2325 Ecclesiae,
661 2293 692 2317 et
717 2285 861 2316 illustria
886 2286 1077 2316 testimonia

88 2330 120 2360 in
146 2329 279 2370 scriptis
312 2329 519 2370 propheticis
549 2336 581 2360 et
604 2328 810 2371 Apostolicis
842 2335 969 2360 extant.
1009 2328 1076 2359 Ro-

89 2383 153 2403 ma.
176 2372 207 2404 8.
232 2383 392 2413 expresse
423 2374 556 2413 ponitur
582 2372 666 2405 haee
691 2373 876 2404 distinctio:
897 2373 933 2404 Si
957 2382 1076 2403 seeun-

90 2416 165 2447 dum
191 2426 325 2447 earnem
347 2417 477 2454 vivetis,
500 2416 695 2455 moriemini,
719 2416 778 2447 Sin
802 2422 912 2447 autem
925 2417 1073 2446 actiones

90 2459 201 2490 carnis
230 2458 356 2501 Spiritu
390 2459 642 2497 mortificamus,
675 2460 807 2491 vivetis.
865 2459 945 2490 ltem
970 2459 998 2489 1.
1022 2458 1074 2490 Ti-

88 2501 192 2534 moth.
215 2502 242 2532 l.
289 2502 402 2533 milita*
419 2504 538 2534 bonam
561 2502 719 2542 militiam,
749 2503 896 2534 retinens
920 2502 1018 2534 fidem
1042 2508 1075 2534 et

89 2546 210 2577 bonam
245 2547 496 2577 conscientiam.
549 2546 630 2577 ltem
666 2545 776 2578 Galat.
805 2546 837 2577 5.
895 2544 1075 2577 Manifesta

89 2595 169 2620 sunt
192 2599 296 2630 opera
320 2590 452 2628 earnis,
488 2589 551 2625 Qui
574 2588 653 2621 talia
676 2588 820 2629 faciunt,
849 2600 988 2632 regnum
1010 2589 1075 2620 Dei

89 2642 155 2664 non
178 2633 409 2673 possidebunt.

787 166 826 198 11.
849 165 1040 197 EXAMEN
1064 165 1443 197 ORDINANDORUM.

1101 1579 1104 1768 1

2079 164 2120 196 14

1135 261 1208 298 teri,
1232 260 1428 299 homicidae,
1447 259 1655 299 idololatrae,
1678 270 1818 302 regnum
1834 258 1900 290 Dei
1922 270 1990 291 non
2012 259 2120 300 possi-

1134 305 1270 379 ssebgnff.
1317 304 1397 377 ltpm
1424 304 1452 334 l.
1476 304 1590 335 lohan.
1604 303 1634 334 3.
1681 303 1745 339 Qui
1768 301 1847 334 facit
1865 309 2053 344 peccatum,
2078 313 2120 334 ex

1169 359 1199 379 la
1226 359 1244 379 o
1261 358 1280 378 o
1305 357 1341 378 es
1359 371 1366 377 .

1196 512 1302 567 [DE
1350 511 1624 552 LIBERO
1657 511 2057 567 ARBITRIO]

1272 641 1491 692 Quomodo
1525 641 1698 681 docendi
1731 649 1826 681 sunt
1857 642 1991 681 homi-

1316 717 1388 742 nes
1420 703 1472 742 de
1489 703 1691 754 *libertate
1725 702 1944 742 voluntatis

1512 762 1743 802 humanae?

1221 881 1436 923 Respondeo.
1501 879 1584 911 Cum
1621 879 1654 910 fit
1684 879 1807 909 mentio
1838 878 1952 909 Liberi
1983 879 2120 917 arbitrii,

1133 936 1199 956 non
1234 927 1436 956 misceantur
1459 924 1572 955 Stoica
1598 922 1813 953 deliramenta
1838 923 1878 952 de
1909 922 2120 953 Necessitate

1133 969 1276 1000 omnium
1301 969 1465 999 actionum
1486 967 1518 997 in
1543 967 1696 997 omnibus
1720 965 1916 1002 Elementis,
1940 966 1971 996 in
1985 965 2120 1005 pecudi-

1133 1014 1195 1043 bus
1216 1018 1246 1043 et
1266 1012 1466 1048 hominibus,
1491 1010 1587 1041 bonis
1611 1016 1641 1039 et
1666 1008 1780 1039 malis:
1816 1008 1884 1039 Sed
1907 1014 2033 1039 tantum
2057 1018 2119 1038 nos

1131 1056 1225 1095 ipsos
1250 1056 1468 1096 aspiciamus,
1492 1060 1525 1084 et
1549 1053 1821 1089 cmisideremus,
1845 1052 2013 1093 quomodo
2036 1051 2120 1093 Legi

1131 1098 1195 1130 Dei
1236 1099 1373 1129 obedire
1413 1097 1564 1127 homines
1606 1102 1661 1127 aut
1697 1106 1762 1126 non
1805 1096 1939 1126 obedire
1979 1096 2120 1136 possint.

1132 1143 1272 1182 Semper
1306 1141 1389 1172 haec
1424 1139 1561 1181 simplex
1597 1146 1629 1169 et
1663 1149 1743 1169 vera
1770 1139 1935 1169 distinctio
1956 1143 2120 1175 teneatur,

1132 1184 1327 1227 disciplinae
1350 1190 1510 1215 externae
1529 1190 1559 1214 et
1586 1183 1728 1213 iustitiae
1752 1181 1953 1222 Spiritualis.

1218 1254 1363 1284 Primum
1396 1253 1495 1293 igitur
1523 1252 1564 1283 de
1588 1250 1761 1291 disciplina
1786 1256 1922 1281 externa
1946 1250 2012 1281 hoe
2036 1250 2120 1281 scia-

1131 1303 1201 1335 tur,
1236 1307 1352 1327 omnes
1387 1297 1556 1333 homines,
1592 1295 1688 1325 etiam
1715 1305 1780 1325 non
1803 1301 1958 1330 renatos,
1994 1294 2118 1324 habere

1132 1342 1217 1371 banc
1236 1339 1435 1375 libertatem,
1459 1340 1490 1369 id
1510 1345 1572 1375 est,
1596 1336 1800 1375 facultatem,
1834 1344 1868 1368 ut
1889 1336 1999 1378 aliquo
2019 1336 2120 1367 modo

1131 1384 1259 1423 possint
1283 1392 1399 1423 regere
1420 1382 1664 1418 locomofivam,
1689 1387 1719 1411 ct
1744 1380 1857 1411 facere
1879 1387 2018 1411 externa
2042 1390 2120 1421 ope·

1131 1437 1167 1457 ra
1202 1426 1421 1467 congruentia
1453 1435 1526 1455 rum
1556 1424 1648 1465 Lege
1672 1423 1746 1454 Dei.
1805 1423 1890 1453 Nam
1914 1422 2040 1454 Paulus
2060 1433 2121 1453 no-

1130 1470 1231 1500 minat
1254 1469 1419 1510 quandam
1439 1468 1595 1498 iustitiam
1617 1467 1740 1504 carnis,
1760 1467 1793 1496 id
1818 1472 1881 1504 est,
1907 1477 2006 1507 quam
2018 1466 2118 1497 homo

1130 1524 1196 1543 non
1217 1519 1351 1543 renatus
1376 1510 1473 1548 facit,
1502 1520 1588 1552 quac
1618 1515 1666 1541 est
1696 1516 1834 1540 externa
1856 1509 1998 1540 honesta
2023 1510 2120 1541 disci-

1130 1555 1232 1596 plina,
1266 1556 1297 1585 id
1322 1562 1385 1593 est.
1411 1554 1606 1595 gubernatio
1632 1560 1845 1583 externorum
1869 1563 2006 1593 operum
2030 1554 2120 1584 iuxta

1129 1599 1253 1641 Legem
1278 1598 1352 1629 Dei.
1398 1597 1477 1628 Vult
1498 1598 1582 1627 enim
1609 1597 1701 1627 Deus
1725 1596 1810 1627 banc
1834 1595 2019 1627 libertatem
2045 1595 2120 1627 reli-

1131 1654 1228 1684 quam
1252 1640 1329 1672 esse
1353 1642 1385 1672 in
1410 1640 1552 1677 homine,
1576 1646 1606 1671 ut
1634 1639 1840 1679 intelligatur
1870 1641 2048 1671 discrimen
2072 1640 2119 1670 111-

1131 1692 1302 1728 teragens
1318 1685 1470 1721 liberum,
1495 1690 1525 1715 61
1547 1685 1630 1714 inter
1655 1684 1786 1725 agentia
1812 1693 1877 1714 non
1902 1682 2024 1713 libere:
2049 1682 2120 1714 Sic-

1130 1736 1165 1760 ut
1202 1730 1287 1770 ignis
1317 1740 1384 1759 non
1416 1734 1525 1769 potest
1560 1739 1625 1758 non
1665 1738 1763 1757 urere
1792 1727 1929 1757 admota
1965 1736 2119 1767 corpora.

1130 1773 1226 1811 Item=
1261 1778 1296 1803 ut
1325 1774 1470 1803 sciamus
1501 1772 1605 1811 ipsunt
1634 1770 1738 1801 Deum
1764 1781 1841 1801 esse
1864 1780 1969 1811 agens
1994 1769 2120 1800 liberri-

1131 1828 1228 1847 mum.
1275 1816 1373 1853 item,
1405 1821 1437 1846 ut
1463 1815 1566 1856 pose-it
1594 1815 1625 1844 111
1650 1814 1810 1844 societate
1833 1812 1977 1843 humana
2001 1814 2120 1854 guber-

1130 1860 1219 1890 natio
1239 1858 1348 1900 aliqua
1374 1869 1450 1889 esse
1474 1865 1685 1889 externorum
1710 1858 1946 1887 incinlworum.
1992 1857 2044 1887 Ac
2065 1866 2119 1887 ne-

1130 1914 1294 1944 quaquam
1327 1901 1393 1933 vult
1432 1902 1524 1933 Deus
1559 1911 1696 1942 prorsus
1726 1899 1871 1931 inutilem
1897 1910 1976 1929 csse
2003 1910 2119 1930 1-066111

1130 1947 1255 1987 Legum
1281 1946 1312 1975 in
1333 1944 1419 1977 civili
1442 1946 1685 1986 gubernatione
1707 1954 1766 1974 seu
1792 1944 2013 1984 paedagogia.
2040 1943 2118 1974 Ideo

1131 1991 1231 2030 inquit
1258 1989 1400 2020 Paulum
1426 1988 1495 2018 Lex
1520 1988 1734 2029 paedagogus
1759 1993 1821 2021 est„
1846 1985 1973 2017 scilicet
1993 1987 2120 2018 docens

1131 2040 1163 2064 et
1187 2033 1374 2063 cohercens
1398 2033 1557 2063 membra.

1218 2110 1375 2142 Secundo
1399 2110 1572 2139 sciendum
1597 2115 1660 2147 est,
1684 2108 1835 2139 homiues
1860 2109 1932 2138 sine
1963 2107 2117 2149 Evange-

1130 2154 1187 2191 lio,
1213 2160 1243 2184 et
1268 2154 1339 2184 sine
1363 2153 1487 2193 Spiritu
1512 2158 1649 2189 sancto,
1684 2162 1745 2182 nec
1769 2162 1871 2193 posse
1892 2150 2051 2181 inchoare
2070 2152 2118 2181 in-

1129 2198 1286 2228 teriorem
1321 2197 1559 2233 obedientiam,
1604 2201 1815 2236 praeceptam
1849 2195 1881 2225 in
1916 2194 2008 2235 Lege
2043 2193 2118 2232 Dei,

1130 2240 1285 2272 videlicet
1309 2250 1423 2271 verum
1443 2240 1592 2270 timorem
1613 2238 1687 2277 Dei,
1712 2249 1825 2269 veram
1850 2238 1959 2276 fidem,
1984 2238 2117 2268 invoca-

1129 2286 1252 2315 tionem
1276 2289 1307 2313 et
1331 2282 1540 2314 dilectionem
1563 2282 1637 2319 Dei,
1662 2283 1751 2313 iuxta
1774 2281 1859 2312 haec
1888 2282 1977 2312 dicta
1998 2280 2117 2311 Roma.

1128 2327 1159 2359 8.
1184 2327 1247 2363 Qui
1272 2328 1437 2358 ducuntur
1460 2327 1575 2367 spiritu
1588 2325 1662 2364 Dei,
1685 2326 1717 2356 hi
1742 2331 1819 2356 sunt
1843 2324 1900 2355 filii
1912 2324 1988 2355 Dei.
2019 2324 2116 2354 Item:

1129 2370 1165 2402 Si
1189 2372 1263 2412 quis
1283 2370 1439 2412 Spiritum
1452 2369 1577 2401 Christi
1606 2379 1673 2400 non
1696 2368 1809 2405 habet,
1832 2379 1898 2399 non
1923 2373 1975 2399 est
1997 2367 2115 2408 ipsius,

1128 2414 1225 2446 Item:
1252 2414 1332 2445 Sine
1356 2424 1407 2445 me
1430 2413 1510 2445 nihil
1533 2413 1673 2453 potestis
1698 2411 1820 2443 facere.
1868 2411 1918 2442 Sit
1936 2411 2036 2453 igitur
2058 2420 2116 2441 no-

1128 2464 1196 2489 tum
1229 2459 1405 2489 discrimen
1435 2458 1521 2488 inter
1550 2462 1718 2488 externam
1746 2454 1952 2496 disciplinam
1976 2459 2009 2486 et
2031 2455 2119 2485 inter

1127 2507 1237 2533 motus
1260 2502 1449 2539 interiores,
1469 2501 1524 2542 qui
1548 2501 1641 2538 fiunt,
1666 2499 1931 2541 quotiescunque
1950 2496 2038 2529 filius
2050 2496 2116 2527 Dei

1129 2555 1213 2576 voce
1235 2543 1411 2586 Evangelii
1435 2542 1628 2575 consolatur
1651 2543 1771 2579 corda,
1797 2548 1829 2573 et
1849 2541 1973 2583 Spiritu
1997 2546 2115 2572 sancto

1128 2589 1283 2620 accendit
1305 2588 1404 2620 fidem
1427 2593 1458 2619 et
1481 2587 1725 2619 invocationem
1747 2586 1822 2624 Dei,
1842 2591 1874 2616 et
1897 2583 1980 2616 alios
2003 2589 2115 2615 motus

457 2633 486 2664 1.
511 2632 661 2665 Corinth.
683 2633 715 2665 6.
759 2633 810 2665 Ne
832 2634 963 2672 erretis,
981 2631 1076 2664 adul·
1099 2641 1103 2665 ι
1129 2631 1342 2674 spirituales,
1377 2632 1419 2663 de
1442 2632 1561 2673 quibus
1585 2631 1719 2662 dicitur:
1742 2629 1937 2670 Accepistis
1956 2628 2115 2670 Spiritum

1165 2764 1172 2776 d
