2383 2990
158 135 221 168 263
799 133 909 164 PHlL.
934 132 1036 164 MEL.
1057 132 1244 165 SCRIPTA
1264 131 1545 164 DOGMATICA.
2121 133 2186 165 264

159 229 284 269 oleum,
313 230 345 261 id
370 235 439 268 est,
474 230 582 270 arguit
610 235 802 269 peccatum,
838 234 871 260 et
905 228 996 259 addit
1024 238 1143 259 vocem
1284 228 1450 259 Usitatum
1473 233 1526 258 est
1549 227 1598 258 sic
1622 228 1698 265 dici,
1722 227 1859 258 Animas
1893 228 2003 259 inficia
2037 229 2185 270 corpori-

157 272 348 316 Evangelii‚
380 284 444 314 qua
468 279 566 303 sanat
594 270 734 303 vulnera
758 277 890 310 nostra,
916 271 993 302 dato
1018 271 1144 312 Spiritu
1198 273 1270 304 bus,
1307 272 1374 302 Sed
1400 282 1474 303 cum
1499 269 1652 302 defectus
1677 271 1808 312 quidam
1827 272 1953 312 proprii
1977 272 2043 303 sint
2064 273 2186 304 mentis

157 323 276 349 sancto
302 315 428 357 obligat
452 316 550 346 etiam
574 314 724 353 vulnera,
747 315 779 346 id
805 320 867 353 est,
892 320 1031 355 peccata
1048 325 1144 356 prae·
1199 321 1231 346 et
1255 314 1448 352 voluntatis,
1467 320 1503 346 ut
1526 314 1558 345 in
1582 319 1691 346 mente
1716 314 1886 353 dubitatio,
1912 321 1945 346 et
1967 316 1999 346 in
2012 314 2185 347 voluntate

157 361 265 399 terita,
290 366 321 391 et
335 359 492 400 reliquias
516 359 548 389 in
572 359 668 389 nobis
688 357 866 390 haerentes
891 359 989 400 tegit,
1014 368 1143 399 nosque
1198 359 1330 390 aversio
1365 369 1384 389 a
1418 357 1512 396 Deo,
1548 368 1691 389 necesse
1719 364 1771 389 est
1794 357 1891 389 fateri
1913 359 1945 389 in
1974 359 2048 400 ipsa
2077 359 2186 391 anima

156 403 293 444 imponit
323 412 384 433 suo
409 402 558 442 corpori,
594 402 627 433 id
652 407 719 439 est,
745 407 881 442 propter
902 411 965 432 nos
990 403 1143 439 sustinet,
1170 389 1175 453 ἱ
1199 412 1331 443 quoque
1355 400 1475 432 malum
1500 406 1531 432 et
1553 407 1726 442 peccatum
1751 411 1839 432 esse.

156 453 296 479 mortem
321 451 351 476 et
379 445 415 476 fit
438 445 571 476 victima
595 456 656 487 pro
680 445 793 478 nobis.
825 445 944 476 deinde
967 455 1030 476 nos
1054 455 1145 476 com-
1286 471 1383 502 Nunc
1407 471 1523 502 ordine
1546 471 1732 501 recensebo
1757 480 1878 501 causas
1903 477 1935 501 et
1954 470 2091 502 effectus
2109 481 2171 513 pec

1173 1644 1177 1666 ι

155 491 288 521 mendat
306 489 347 527 ei,
371 489 425 530 qui
448 495 582 528 praeest
599 489 762 530 hospitiO,
792 486 957 527 videlicet,
985 488 1145 519 ministris
1201 515 1265 546 cati
1289 515 1426 545 orhaim<
1463 515 1496 545 in
1519 514 1626 545 Adam
1651 519 1683 544 et
1702 514 1735 544 in
1757 514 1956 555 posteritate

1340 540 1360 556 υ
1410 537 1438 552 A„
1834 540 1835 543 ,
1959 536 1966 544 .

157 531 348 575 Evangelii,
375 532 427 563 cui
455 533 553 563 tradit
575 531 673 563 Duos
696 531 882 571 Denarios,
906 541 1024 563 vocem
1047 530 1146 573 legiS‚

157 582 188 608 et
212 586 330 607 vocem
342 574 527 617 Evangelii,
551 581 583 606 et
607 574 677 607 vult
699 575 858 607 inchoata
881 576 1056 606 sanatione
1079 585 1146 606 ma-

156 620 208 661 gis
231 620 404 661 magisque
433 618 622 650 confirmari
650 621 681 650 in
710 620 808 650 nobis
839 619 1040 660 agnitionem
1070 618 1146 655 Dei,

155 663 274 700 fidem,
297 672 410 703 spem,
435 661 666 700 dilectionem,
691 668 723 693 et
748 668 897 694 caeteras
921 662 1077 700 virtutes,
1114 668 1147 692 et

156 706 247 737 initia
270 706 357 736 vitae
381 711 555 743 aeternae,
591 712 623 737 et
652 706 811 747 promittit
840 711 981 743 sumtuS,
1016 706 1048 736 id
1084 711 1145 743 est,

156 748 312 781 auxilium
335 748 498 790 utrisque,
523 750 718 780 doctoribus
742 756 773 780 et
797 749 859 790 piis
884 749 1101 780 auditoribus.

1288 591 1418 623 Causae
1442 590 1627 623 efficientes
1651 592 1790 633 primum
1812 589 1943 633 lapsum
1966 592 1998 623 in
2023 591 2131 624 Adam
2154 598 2188 624 et

1200 635 1309 674 Heva,
1346 634 1478 667 fuerunt
1510 633 1662 667 diabolus
1686 634 1862 666 offundens
1886 633 2006 666 falsam
2029 636 2187 677 imagina-

1201 680 1342 717 tionem,
1366 685 1399 710 et
1421 678 1579 711 voluntas
1603 679 1636 709 in
1661 678 1753 710 Heva
1780 684 1812 710 et
1834 678 1960 716 Adam,
1994 679 2188 710 adsentiens

1200 722 1266 753 illis
1302 722 1607 763 imaginationibus,
1638 732 1678 753 ac
1713 721 1890 753 discedens
1925 732 1944 752 a
1971 723 2076 753 verbo
2111 721 2186 754 Dei.

1200 765 1275 796 Non
1299 766 1397 807 igitur
1421 765 1526 804 Deus,
1549 767 1607 797 sed
1631 764 1788 796 voluntas
1812 766 1843 795 in
1875 765 1956 807 ipsis
1987 766 2100 806 primis
2130 776 2188 807 pa-

1201 809 1350 840 rentibus
1375 819 1476 840 causa
1500 815 1551 840 est
1569 810 1709 850 peccati,
1734 810 1819 840 sicut
1832 808 1957 840 Paulus
1976 809 2099 850 inquit:
2123 808 2188 841 Per

1200 863 1300 884 unum
1319 851 1483 884 hominem
1505 858 1679 893 peccatum
1702 853 1834 883 intravit
1858 853 1889 883 in
1912 852 2079 884 mundum.

244 809 336 841 Haec
358 810 469 852 imago
493 810 598 852 pingit
629 816 661 841 et
686 810 836 841 miserias
859 815 1011 847 nostraS,
1037 814 1069 840 et
1093 818 1147 840 sa-

157 853 336 885 nationem.

244 930 366 966 Quaeri
384 937 493 962 autem
513 930 611 968 solet,
636 941 721 972 quae
741 941 820 972 pars
838 929 980 961 hominis
1014 931 1057 961 sit
1070 939 1146 970 spo-

157 973 248 1012 liata,
272 984 356 1016 quae
380 974 573 1012 vulnerata,
598 980 630 1005 et
654 974 707 1005 ubi
731 975 771 1004 sit
795 980 973 1015 peccatum
997 974 1145 1015 originis.

157 1017 247 1049 Vera
270 1018 446 1058 responsio
471 1023 537 1057 est,
562 1023 736 1058 peccatum
758 1018 894 1058 originis
921 1017 952 1047 in
982 1017 1091 1048 anima
1116 1023 1146 1047 et

157 1061 190 1092 in
215 1071 356 1102 corpore
380 1072 469 1098 esse,
494 1072 533 1091 ac
547 1061 725 1101 praecipue
744 1061 775 1091 in
795 1061 902 1091 tribus
921 1060 1059 1098 viribus,
1082 1061 1146 1091 sci-

157 1102 245 1142 licet,
269 1105 300 1135 in
324 1109 433 1135 mente
459 1103 645 1145 caliginem,
670 1104 861 1145 gignentem
891 1109 995 1134 tetras
1019 1104 1145 1134 dubita-

159 1148 265 1179 tiones
290 1148 330 1178 de
353 1148 577 1187 proademia,
609 1148 650 1178 de
680 1147 992 1178 comminationibus
1015 1153 1047 1178 et
1071 1158 1145 1188 pro-

157 1191 370 1223 missionibus
401 1190 476 1227 Dei,
513 1191 630 1222 deinde
664 1192 697 1221 in
735 1189 907 1222 voluntate
937 1191 1146 1222 aversionem

157 1245 176 1266 a
200 1234 291 1272 Deo,
315 1235 403 1265 unde
427 1239 504 1265 sunt
528 1234 673 1276 ingentia
697 1233 803 1271 maia,
829 1235 1011 1271 securitas,
1036 1233 1147 1276 negle-

159 1278 223 1310 ctio
247 1278 316 1308 irae
340 1277 422 1315 Dei,
459 1276 660 1316 diffidentia,
694 1288 788 1308 amor
806 1278 923 1308 nostri.
971 1277 1146 1308 Postremo

157 1322 190 1352 in
215 1322 316 1352 corde
339 1320 532 1352 horribilem
557 1321 798 1352 contumaciam
823 1322 1015 1363 gignentem
1033 1331 1147 1352 erran-

157 1370 208 1396 tes
244 1365 463 1405 adpetitiones
488 1371 517 1395 et
550 1364 700 1396 flammas
735 1371 924 1406 pugnantes
961 1375 1036 1396 cum
1070 1364 1147 1406 lege

158 1407 233 1446 Dei,
258 1409 398 1439 iniustos
422 1418 566 1446 amores,
591 1409 712 1439 iniusta
735 1409 822 1439 odia.

1287 929 1453 962 Dicuntur
1471 936 1581 961 autem
1607 936 1639 961 et
1663 928 1845 962 efficientes
1859 940 1993 969 causae,
2013 939 2098 971 quae
2121 940 2188 961 me·

1200 979 1314 1005 rentur
1336 972 1469 1015 aliquid.
1504 973 1560 1004 Sic
1584 974 1691 1005 Adam
1724 980 1756 1004 et
1780 973 1873 1004 Hera
1903 979 1981 1005 sunt
2004 972 2188 1005 efficientes

1201 1027 1334 1054 causae,
1364 1017 1439 1058 quia
1476 1018 1538 1048 sibi
1571 1023 1603 1048 et
1636 1018 1781 1058 posteris
1816 1017 1921 1047 meriti
1948 1023 2025 1048 sunt
2048 1022 2188 1055 reatum,

1201 1067 1234 1091 et
1291 1060 1353 1091 hos
1409 1061 1504 1101 ipsos
1557 1059 1708 1092 defectus
1764 1070 1823 1091 seu
1859 1061 2056 1101 pravitatem
2102 1070 2189 1102 quae

1200 1103 1331 1144 lapsum
1377 1109 1494 1134 secuta
1540 1111 1602 1141 est,
1649 1113 1795 1134 excussa
1839 1102 1916 1134 luce
1952 1102 2024 1135 Dei.
2092 1103 2189 1134 Post-

1201 1158 1298 1189 quam
1340 1147 1426 1177 enim
1471 1147 1564 1186 primi
1609 1153 1765 1187 parentes
1806 1145 2030 1188 deliquerunt,
2073 1147 2189 1178 amise-

1200 1196 1275 1221 runt
1299 1189 1425 1220 firmam
1460 1188 1549 1220 illam
1581 1191 1743 1228 notitiam,
1779 1200 1865 1231 quae
1891 1191 2056 1221 mentibus
2087 1190 2190 1221 insita

1200 1233 1320 1271 suerat,
1345 1239 1377 1264 et
1401 1234 1631 1264 rectitudinem
1655 1232 1849 1271 voluntatis,
1874 1239 1903 1264 et
1926 1234 2191 1265 convenientiam

1202 1277 1313 1308 cordis
1338 1287 1411 1308 cum
1436 1275 1511 1317 lege
1534 1276 1609 1307 Dei.
1656 1276 1697 1307 Et
1723 1275 1831 1318 qualis
1855 1275 1915 1307 suit
1944 1277 1977 1307 in
2001 1277 2048 1307 eis
2071 1282 2191 1308 natura

1202 1322 1319 1352 orbata
1343 1319 1496 1361 originali
1516 1320 1651 1358 iustitia,
1675 1318 1760 1351 tales
1779 1326 1899 1361 postea
1918 1325 2189 1361 procreaverunt.

1201 1364 1315 1406 ltaque
1339 1363 1494 1395 voluntas
1518 1364 1549 1394 in
1574 1364 1687 1404 primis
1712 1365 1917 1404 parentibuS,
1939 1370 1993 1395 est
2018 1374 2121 1394 causa
2144 1362 2190 1395 ef-

1200 1408 1314 1438 ficiens
1347 1407 1568 1447 corruptionis
1592 1407 1770 1438 universae
1802 1413 1939 1437 naturae
1968 1408 2000 1437 in
2032 1407 2188 1447 posteris.

245 1468 337 1500 Haec
351 1466 437 1499 maia
445 1469 624 1499 omniauno
636 1469 766 1499 nomine
781 1467 955 1509 complecti
968 1469 1147 1510 antiquitas

1288 1475 1438 1507 Materia.
1484 1476 1558 1506 Non
1582 1475 1646 1513 hic,
1670 1476 1733 1506 nisi
1753 1476 1793 1506 de
1817 1475 1958 1506 Materia
1986 1476 2018 1505 in
2043 1485 2126 1516 qua,
2156 1476 2191 1506 id

159 1510 273 1551 voluit,
297 1523 382 1554 quae
406 1513 586 1543 nominavit
606 1510 726 1543 malum
747 1513 886 1553 originis
909 1513 1148 1552 concupiscen-

1202 1526 1269 1556 est,
1306 1520 1346 1550 de
1372 1520 1524 1550 subiecto
1548 1520 1663 1559 quaeri
1693 1524 1823 1560 potest,
1859 1517 2033 1556 videlicet,
2069 1518 2191 1550 ubisit

159 1557 248 1594 fiam,
271 1566 335 1597 (1¹¹0
360 1566 444 1587 ''⁷⁰0ss
470 1566 536 1586 ”⁰¹¹
560 1556 781 1596 ῑὶᾶῐ)θῖῑῐὶ0“θις
801 1557 912 1596 ἳΡ-*Ἡθι
939 1561 1105 1596 quatenus
1129 1566 1148 1585 «Ἰ
1202 1562 1322 1594 malum
1347 1563 1507 1604 originis?
1544 1562 1603 1592 Est
1628 1568 1737 1593 autem
1761 1563 1793 1592 in
1817 1562 1937 1600 anima,
1961 1568 1994 1593 et
2017 1562 2050 1593 in
2075 1567 2188 1603 poten-

159 1599 233 1631 ΠΕΟ
259 1600 413 1630 conditae
437 1605 526 1637 Sum,
550 1597 786 1640 intelligantur,
811 1599 870 1629 sed
892 1598 998 1636 (ἶῑίῑξῖῐῑ
1022 1599 1147 1640 fldl'e‘i·
1201 1608 1254 1638 tiis
1280 1607 1519 1643 sentientibus,
1551 1612 1581 1636 et
1607 1616 1720 1637 earum
1744 1606 1896 1647 organi-3,
1927 1606 2004 1646 quia
2026 1606 2059 1636 in
2082 1611 2192 1636 mente

161 1644 296 1693 tionum,
318 1648 352 1673 ut
377 1652 479 1683 supra
502 1652 635 1684 quoque
654 1643 771 1673 monui
809 1641 923 1673 Facile
942 1648 1051 1673 autem
1071 1653 1148 1682 spo·
1201 1650 1345 1681 humana
1380 1655 1431 1680 est
1466 1647 1592 1690 caligo,
1628 1650 1658 1680 ᾗ,
1691 1647 1862 1679 voluntate
1892 1649 2024 1680 aver—550
2054 1659 2074 1680 a
2102 1648 2190 1686 Deo,

160 1685 249 1717 natio
270 1685 409 1728 ΙΜΕΠῙΞῙ
433 1692 542 1737 Ρθῒθδῖ
561 1687 591 1716 ᾗ)
612 1692 766 1736 ΠῘΓΟἿξῙθν
790 1686 822 1716 ῙΠ
846 1686 954 1736 animi}
974 1691 1005 1716 θῑ
1025 1686 1057 1736 ῑξὶ
1076 1695 1148 1717 001¹·
1202 1704 1295 1724 amor
1319 1694 1424 1724 nostri
1447 1693 1669 1730 inordinatus,
1701 1698 1732 1723 et
1751 1691 1920 1733 multiplex
1938 1691 2191 1733 pravainclina-

159 1740 252 1770 Pori?-
288 1729 323 1760 ¹¹¹
347 1735 456 1760 meme
481 1740 604 1760 anu-“SR
628 1736 677 1760 est
701 1732 794 1759 firma
817 1739 981 1760 aswnsm·
1017 1729 1067 1760 LX
1091 1740 1148 1760 VO·
1202 1739 1259 1775 tio,
1283 1743 1312 1767 et
1338 1738 1369 1768 in
1395 1737 1496 1767 corde
1521 1737 1730 1767 contumacia
1754 1741 1871 1766 contra
1892 1742 2017 1766 rectum
2036 1736 2191 1767 iudicium

160 1773 288 1804 luntate
313 1783 478 1804 excussus
506 1778 557 1803 est
587 1773 725 1813 Spiritus
758 1778 912 1810 sanctus,
948 1782 1006 1803 cor
1040 1773 1149 1803 amisit
1201 1781 1330 1812 mentis,
1377 1782 1421 1811 113
1452 1778 1528 1810 1000
1552 1780 1676 1817 morbi,
1710 1787 1744 1810 ut
1774 1780 1822 1810 sic
1847 1779 1970 1813 dicam,
1994 1785 2192 1817 monstrato,

161 1818 440 1859 gubernatorem,
465 1817 497 1847 id
522 1823 589 1855 est,
614 1827 708 1847 niens
733 1823 763 1847 et
788 1815 944 1847 voluntas
974 1826 1041 1846 non
1072 1826 1148 1857 pos·
1173 1772 1341 2190 gpmlffi
1365 1824 1470 1865 aspici
1495 1822 1617 1854 malum
1641 1829 1764 1864 polest.

161 1866 238 1891 sunt
271 1860 407 1891 firmiter
443 1870 561 1901 regere
592 1871 668 1897 cor,
700 1860 789 1901 quod
819 1860 909 1891 varie
934 1861 1060 1900 rapitur
1082 1870 1149 1890 non

161 1902 270 1935 solum
298 1904 545 1944 temperamenti
570 1903 742 1940 varietate,
765 1904 824 1934 sed
853 1904 949 1934 etiam
978 1913 1038 1934 sua
1070 1913 1149 1944 qua-

162 1948 236 1979 dam
261 1947 496 1978 imbecillitate.
532 1945 771 1988 Spoliationem
791 1954 898 1978 autem
919 1957 979 1977 seu
998 1945 1149 1978 desectus

162 1997 278 2022 secuta
302 1996 379 2022 sunt
398 1989 549 2029 vulnera,
572 1996 608 2021 ut
630 1991 662 2021 in
686 1989 858 2022 voluntate
881 2000 975 2021 amor
1000 1996 1030 2020 et
1048 1991 1150 2021 admi-

163 2034 247 2066 ratio
272 2035 396 2073 nostri,
430 2035 461 2065 in
489 2034 590 2065 corde
614 2032 786 2074 multiplex
811 2035 1040 2072 contumacia,
1066 2034 1151 2065 sicut

163 2077 369 2109 Anshelmus
393 2076 540 2120 loquitur
564 2078 604 2108 de
636 2078 711 2109 navi
736 2078 894 2108 destituta
925 2078 1151 2119 gubernatore

164 2126 197 2152 et
220 2121 331 2160 remis,
357 2131 442 2162 quae
465 2128 584 2162 postea
608 2122 708 2152 variis
732 2121 877 2152 motibus
902 2121 1057 2163 agitatur.

1290 1893 1421 1925 Forma.
1468 1891 1603 1934 Duplex
1626 1891 1767 1924 formale
1792 1898 1857 1923 est:
1893 1891 2032 1923 alterum
2061 1892 2192 1933 peccati

1202 1938 1386 1979 regnantis,
1407 1936 1546 1975 scilicet,
1570 1942 1693 1975 reatus,
1718 1935 1859 1967 alterum
1884 1936 1963 1973 vitii,
1989 1945 2049 1967 seu
2072 1936 2191 1974 morbi,

1204 1980 1374 2018 videlicet,
1411 1979 1570 2012 desectus.
1618 1979 1710 2010 Haec
1746 1980 1871 2010 dextre.
1890 1977 2057 2019 explicata
2091 1978 2193 2010 facile

1204 2023 1343 2066 intelligi
1368 2030 1507 2065 possunt
1531 2024 1573 2054 ab
1594 2024 1644 2061 iis,
1668 2023 1723 2064 qui
1747 2023 1957 2053 mediocriter
1973 2021 2097 2053 exculti
2116 2028 2193 2054 sunt

1205 2068 1368 2100 doctrina.
1420 2066 1673 2108 Disputationes
1707 2065 1948 2097 Monachorum
1983 2066 2024 2096 de
2058 2065 2122 2096 liae
2156 2076 2192 2097 re

1205 2111 1280 2154 plus
1304 2111 1427 2142 habent
1457 2110 1737 2152 labyrinthorum,
1773 2110 1849 2151 quia
1879 2110 2041 2140 inerudite
2070 2109 2192 2140 iudica-

1206 2162 1292 2193 runt,
1312 2165 1374 2185 nec
1387 2154 1685 2185 consideraverunt
1704 2153 1881 2184 discrimen
1902 2153 1987 2183 inter
2003 2159 2143 2192 reatum,
2161 2158 2194 2184 et

251 2180 314 2213 Hie
338 2187 445 2213 amem
465 2188 617 2223 quaes-‘¹⁰
631 2182 788 2224 agifmur’
812 2181 978 2223 quomodo
993 2183 1024 2212 3¹¹
1045 2183 1154 2212 anima
1205 2200 1313 2241 ipsum
1335 2199 1486 2229 morbum
1508 2197 1540 2227 in
1564 2203 1681 2228 natura
1703 2196 1868 2228 hominem
1891 2196 2094 2228 haerentem.

164 2230 338 2267 peccatum
362 2234 438 2256 esse
461 2225 588 2266 possit,
617 2235 689 2256 cum
720 2226 848 2256 animae
874 2225 1059 2257 immediate
1083 2235 1154 2256 cre-

164 2274 262 2300 entur
291 2279 311 2299 a
335 2268 425 2307 Deo,
460 2269 502 2300 ad
527 2269 615 2310 quod
646 2267 754 2300 facilis
785 2275 818 2300 et
846 2268 946 2310 plana
977 2270 1153 2310 responsio

165 2317 228 2350 est,
253 2312 282 2343 si
306 2312 445 2344 dicimus
469 2313 607 2344 Animas
632 2322 671 2343 ex
697 2313 834 2344 traduce
858 2313 946 2351 oriri,
973 2313 1062 2354 quod
1087 2312 1154 2343 Au-

166 2356 319 2397 gustinus
339 2361 372 2387 et
395 2354 449 2386 alii
473 2354 564 2387 multi
588 2356 677 2386 docti
701 2361 733 2387 et
756 2356 924 2397 sapientes
950 2357 1056 2398 magis
1079 2365 1154 2386 sen-

165 2405 292 2430 serunt.
338 2400 372 2430 Si
397 2400 471 2441 quis
494 2406 603 2430 autem
635 2398 737 2442 fugiet
768 2399 856 2431 hanc
887 2400 1153 2441 disputationem,

165 2443 371 2482 respondere
394 2443 516 2484 poterit
539 2441 623 2474 tales
647 2454 734 2474 nunc
756 2444 862 2474 creari
881 2444 1021 2481 animas,
1044 2441 1154 2485 qualis

167 2490 220 2517 est
241 2484 326 2516 haec
350 2491 468 2517 natura
491 2492 569 2528 post
591 2485 741 2528 lapsum,
769 2487 845 2528 quia
876 2485 1052 2518 dissimiles
1077 2496 1155 2517 esse

167 2528 295 2560 animas
317 2539 384 2561 non
403 2530 538 2561 dubium
557 2536 616 2561 est.
647 2530 724 2561 Her<
741 2530 812 2561 icae
836 2536 912 2562 sunt
936 2530 1156 2571 praestantio-

167 2581 236 2610 res,
260 2577 293 2603 et
315 2574 422 2615 magis
446 2574 656 2605 dominantur
685 2574 838 2606 omnfflus
861 2575 1006 2606 motibus
1037 2583 1155 2615 corpo-

168 2624 253 2654 rum,
276 2625 374 2657 quam
396 2615 481 2648 aliae
504 2615 749 2649 imbecilliores.

1293 2267 1328 2298 ln
1353 2266 1458 2298 Paulo
1487 2272 1621 2305 renato,
1656 2277 1842 2308 quanquam
1871 2276 2017 2307 persona
2047 2276 2113 2296 non
2141 2272 2193 2296 est

1207 2322 1278 2349 rea,
1301 2317 1409 2342 tamen
1433 2316 1565 2341 manent
1588 2309 1711 2342 multae
1736 2310 1957 2341 dubitationes
1976 2309 2018 2339 de
2030 2308 2118 2346 Deo,
2141 2319 2193 2339 or-

1207 2362 1260 2387 tae
1285 2365 1325 2386 ex
1349 2352 1491 2396 caligine
1519 2355 1651 2385 mentis.
1708 2353 1803 2385 Hanc
1835 2351 2011 2395 caliginem
2039 2358 2071 2383 et
2100 2353 2193 2394 ipsas

1208 2399 1428 2430 dubitationes
1451 2409 1527 2429 esse
1560 2397 1724 2429 desectum
1754 2396 1858 2434 lucis,
1894 2395 2103 2428 manifestum
2130 2401 2194 2433 est,

1207 2442 1338 2474 Deinde
1359 2440 1515 2473 voluntas
1539 2452 1606 2473 non
1629 2442 1730 2473 habet
1753 2440 1963 2472 dilectionem
1977 2439 2040 2471 Dei
2057 2444 2122 2470 tam
2143 2448 2194 2470 ar-

1209 2487 1353 2523 dentem,
1377 2490 1413 2516 ut
1437 2486 1598 2526 oportuit,
1624 2492 1656 2516 et.
1681 2494 1739 2516 cor
1761 2483 1861 2516 habet
1891 2482 2013 2514 multas
2041 2481 2194 2514 flammas

1208 2531 1403 2562 aberrantes
1423 2540 1442 2560 a
1461 2528 1547 2560 Deo.
1592 2529 1685 2560 Haec
1708 2526 1807 2567 mala,
1831 2525 1983 2558 desectus
2007 2536 2067 2557 seu
2084 2526 2194 2568 priva-

1207 2574 1316 2605 tiones
1335 2582 1425 2611 esse,
1450 2578 1485 2604 ut
1503 2571 1668 2604 dialectici
1691 2570 1882 2613 loquuntur,
1899 2568 2108 2602 manifestum
2131 2573 2195 2606 est,

1208 2623 1243 2649 ut
1256 2618 1284 2648 si
1297 2618 1339 2649 de
1350 2618 1438 2656 navi,
1461 2626 1547 2658 quae
1566 2617 1724 2648 destituta
1743 2616 1968 2657 gubernatore
1980 2614 2122 2646 iactatur
2134 2611 2194 2644 ssu-
