2383 2990
131 126 196 158 243
769 123 883 155 PHIL.
905 123 1010 156 MEL.
1033 122 1223 156 SCRIPTA
1240 123 1522 156 DOGMATICA.
2100 125 2167 158 244

134 218 274 251 bellator
297 220 420 258 losias‚
455 226 487 250 et
518 225 658 250 eventus
688 223 850 260 reguntur
873 224 1013 250 naturae
1041 218 1122 262 legi-

131 263 207 302 bus,
232 263 310 305 quid
333 263 471 304 prodest
483 261 639 294 auxilium
663 261 727 293 Dei
740 267 864 303 petere,
887 268 923 294 ut
945 262 1018 303 ipse
1041 263 1122 294 dex-

135 312 217 337 tram
252 307 324 337 eius
356 311 480 343 armet,
513 311 545 336 et
578 303 715 336 militum
753 306 882 337 animos
916 305 1122 337 inflaminet?

131 347 226 381 Multi
250 349 359 380 sciunt
383 347 468 380 tales
492 348 726 390 cogitationes,
750 359 872 391 magna
888 349 1122 390 impedimenta

132 402 208 423 esse
231 392 463 423 invocationis.

217 460 368 492 Necesse
387 466 440 492 est
462 460 562 502 igitur
584 460 617 490 in
643 459 797 491 Ecclesia
820 461 894 502 pias
918 468 1044 492 mentes
1069 471 1119 492 re-

133 512 186 535 ctc
209 504 330 535 erudiri
362 504 402 534 de
432 503 497 535 hac
521 503 735 544 quaestione,
770 509 801 534 et
825 504 910 535 bene
933 504 1122 536 confirmari
1145 521 1148 527 .

134 553 250 578 contra
274 545 409 578 Stoicos
441 556 587 578 errores.
635 545 787 588 Suntque
816 546 903 578 haec
930 558 1010 579 vera
1033 547 1120 589 prin-

131 590 214 630 cipia
237 589 428 621 firmissime
451 590 605 621 tenenda.
653 588 750 621 Deus
778 595 832 622 est
853 600 960 633 agens
991 590 1121 622 liberri-

128 644 233 670 mum,
262 639 295 664 et
319 633 415 664 adest
445 643 506 665 suo
531 632 675 674 opificio,
694 643 761 664 non
795 639 831 665 ut
854 634 990 666 Stoicus
1013 634 1122 672 Deus,

129 676 189 707 sed
218 682 256 707 ut
281 686 387 718 agens
414 675 627 708 liberrimum.
673 676 715 707 Et
739 687 928 719 quanquam
954 683 1121 709 sustentat

129 729 241 751 rerum
264 720 489 758 substantias,
513 726 546 751 et
568 730 688 761 magna
713 731 755 752 ex
778 726 872 760 parte
896 727 1011 752 servat
1035 721 1121 752 ordi-

129 774 203 794 nem
227 773 418 804 corporum,
441 773 539 805 quem
563 764 716 801 instituit,
741 769 850 794 tamen
873 764 1034 795 immensa
1063 764 1121 796 mi-

129 807 314 838 sericordia
347 805 468 838 multas
499 813 612 848 partes
641 807 849 844 moderatur,
885 813 918 838 et
951 808 1120 839 secundas

130 860 252 881 causas
276 849 330 881 vel
349 850 497 888 adiuvat,
521 849 575 881 vel
599 850 743 891 impedit,
769 856 801 881 et
825 860 927 891 saepe
949 856 1065 889 mutat,
1085 856 1120 882 ut
1144 854 1146 867 ¹

139 904 213 925 cum
236 892 336 924 Moisi
364 903 456 924 mare
480 894 615 924 rubrum
640 892 809 934 patefacit,
847 903 921 924 cum
945 893 1121 934 praelianti
1144 892 1146 910 ³

130 937 248 968 losuae
272 937 360 968 sistit
385 935 500 975 solem,
526 947 599 967 cnm
624 943 760 977 propter
784 942 920 977 peccata
935 935 1040 968 lsrael
1062 938 1120 969 im·
1143 965 1146 976 ⁴

130 981 220 1022 pedit
233 979 366 1020 pluvias
387 985 455 1011 toto
478 981 628 1017 triennio,
653 986 684 1010 et
704 985 823 1020 postea
842 980 947 1010 reddit
960 987 1121 1020 precante
1142 982 1146 1004 i

129 1022 219 1061 Elia,
251 1034 324 1054 cuin
349 1023 404 1054 (lat
429 1023 523 1054 lsaac
548 1021 756 1063 centuplum,
791 1033 865 1054 cum
879 1023 972 1064 Agar
1000 1022 1120 1065 pulsae

130 1068 161 1098 in
182 1065 314 1098 exilium
338 1065 464 1097 fontem
488 1067 520 1097 in
545 1067 677 1097 deserto
701 1072 884 1105 monstrat,
915 1077 989 1097 cum
1022 1075 1119 1098 sanat
1143 1071 1145 1085 ³

129 1108 307 1141 Ezechiam
331 1110 363 1140 in
386 1111 502 1141 morbo
527 1108 628 1141 letali.
675 1108 829 1150 Denique
860 1108 939 1140 talia
968 1109 1121 1151 exempla

128 1152 231 1185 multa
254 1153 380 1194 scripta
409 1159 504 1191 sunt,
538 1159 573 1184 ut
597 1153 743 1195 quotidie
766 1151 874 1183 Deum
897 1159 1035 1194 propter
1057 1154 1120 1185 Ec-

131 1195 266 1228 clesiam
290 1195 409 1227 similia
432 1195 545 1227 facere
569 1198 728 1233 sciamus
754 1196 961 1228 etiamsinon
976 1198 1119 1228 omnium
1144 1190 1146 1204 ’

130 1239 238 1272 oculis
263 1240 575 1271 animadvertuntur.
1144 1277 1146 1290 Α

217 1318 416 1359 Saepissime
437 1328 518 1349 vero
539 1316 680 1349 consilia
699 1324 730 1349 et
743 1317 932 1349 voluntates
952 1318 1121 1350 hominum
1145 1319 1147 1356 ξ

130 1361 233 1393 flectit
256 1371 322 1403 quo
347 1360 436 1400 vult,
459 1361 533 1392 sine
556 1361 668 1393 causis
692 1362 869 1399 secundis,
892 1368 929 1393 ut
954 1372 1029 1393 cum
1052 1371 1121 1392 mo-

130 1411 186 1437 vet
198 1403 380 1436 Alexandri
403 1410 547 1436 mentem
560 1406 602 1435 ad
621 1402 747 1436 bellum
765 1405 881 1436 Persis
899 1403 1121 1443 inferendum,

130 1455 163 1481 et
181 1448 300 1480 deinde
322 1446 516 1489 praeliantis
540 1448 689 1479 dextram
712 1449 809 1490 regit,
832 1458 893 1479 seu
910 1459 985 1480 cum
1004 1448 1122 1479 incutit

131 1498 278 1523 terrores
312 1491 519 1534 fugientibus
548 1491 721 1529 hostibus,
750 1497 786 1523 ut
813 1490 970 1523 Psalmus
999 1492 1120 1533 inquit:
1146 1502 1147 1510 ¹

130 1534 283 1567 Terribili
314 1540 347 1566 et
370 1535 497 1576 potenti
532 1535 588 1576 qui
610 1534 720 1566 aufert
748 1535 899 1576 spiritum
925 1535 1121 1577 principum.
1146 1548 1148 1591 ἴ

129 1580 177 1611 lta
201 1578 347 1610 sciamus
364 1578 473 1610 Deum
495 1577 666 1610 liberrime
689 1579 722 1609 in
746 1585 865 1609 natura
888 1583 921 1609 et
943 1576 1122 1609 voluntati·
1146 1595 1149 1614 ψ

130 1623 194 1654 bus
218 1621 322 1654 multa
345 1622 512 1653 moderari
535 1632 598 1653 sua
620 1621 784 1663 sapientia
815 1627 848 1653 et
881 1621 1122 1660 misericordia,
1146 1618 1149 1653 Ι

804 1664 1012 1706 Obstrepunt
1035 1665 1122 1696 enim
1145 1655 1149 1691 g
1173 1646 1255 1677 bunt
1285 1645 1450 1677 adversus
1485 1643 1681 1676 Ecclesiam.

130 1665 231 1697 etiam
260 1670 395 1707 praeter
430 1675 553 1697 causas
576 1666 758 1696 secundas.

130 1709 296 1740 mentibus
325 1708 494 1740 hominum
521 1709 607 1740 inter
636 1708 859 1740 invocandum
888 1707 972 1740 alias
1002 1707 1122 1750 Epicu·

132 1762 209 1784 reae
233 1753 417 1794 opiniones,
442 1758 477 1783 ut
487 1751 619 1792 plurimi
638 1751 790 1783 homines
814 1752 964 1783 dubitant
983 1752 1024 1783 de
1046 1763 1122 1794 pro-

130 1796 289 1834 videntia,
308 1795 392 1827 alias
405 1796 578 1837 opiniones
603 1795 750 1834 Stoicae,
770 1801 804 1826 ut
827 1805 902 1827 cum
936 1794 1056 1837 aliquis
1080 1796 1122 1826 si-

133 1839 365 1881 gnificationes
399 1838 500 1871 futuri
522 1838 600 1871 mali
623 1849 779 1877 cernens,
805 1839 942 1881 cogitat,
965 1839 1043 1881 quid
1065 1848 1121 1880 pe-

132 1890 199 1915 tam
233 1882 482 1920 liberationem,
518 1892 592 1915 cum
632 1883 716 1914 ordo
751 1881 901 1914 fatalium
945 1892 1122 1914 causarum

134 1936 198 1958 non
222 1927 388 1959 mutetur?

219 2004 395 2036 Adversus
420 2004 481 2035 has
505 2004 662 2035 tenebras
686 2003 862 2042 humanas,
885 2003 1072 2045 perspicuis
1093 2007 1124 2033 et

135 2047 236 2078 firmis
260 2048 459 2079 testimoniis
483 2047 603 2078 divinis
628 2047 830 2078 erudiendae
847 2052 924 2078 sunt
942 2046 1017 2088 piae
1035 2056 1125 2076 men-

135 2096 198 2129 tes,
220 2096 257 2122 ut
279 2091 388 2122 sciant
411 2097 443 2123 et
461 2091 609 2122 exaudiri
627 2089 801 2122 Ecclesiae
814 2100 944 2131 preces,
969 2096 999 2120 et
1016 2088 1124 2120 Deum

135 2144 202 2165 non
222 2143 298 2166 esse
311 2134 472 2172 Stoicum,
497 2134 557 2165 sed
576 2144 682 2176 agens
699 2133 852 2172 liberum,
874 2144 941 2164 non
954 2131 1125 2174 alligatum

136 2177 178 2208 ad
202 2187 325 2209 causas
351 2178 537 2215 secundas,
566 2178 632 2209 imo
656 2184 792 2219 propter
814 2183 953 2208 nostros
984 2177 1124 2218 gemitus

136 2221 300 2252 moderari
327 2231 450 2252 causas
480 2221 662 2259 secundas,
686 2227 741 2253 aut
765 2221 942 2263 impedire,
978 2226 1033 2251 aut
1058 2230 1127 2251 mu-

136 2270 216 2296 tare.

226 2376 297 2407 Huc
319 2377 485 2418 pertinent
510 2376 593 2407 haec
616 2377 717 2408 dicta:

162 2487 169 2494 ·
226 2445 342 2476 Matth.
366 2446 419 2477 ⁶21.

140 2488 277 2528 cupietis.

139 2529 207 2563 fiet.

467 2445 587 2477 Omnia
611 2456 697 2487 quae
719 2445 830 2487 petitis
853 2445 1045 2482 credentes,
1070 2454 1125 2476 ac-

323 2489 358 2520 Si
388 2489 505 2521 dicetis
541 2488 617 2521 huic
646 2490 765 2527 monti,
801 2488 889 2520 lacta
913 2494 944 2520 te
966 2489 998 2520 in
1021 2498 1124 2526 mare,

226 2598 335 2631 lohan.
361 2599 410 2632 14.
458 2600 520 2636 Qui
545 2602 647 2633 credit
672 2602 703 2633 in
730 2610 793 2641 me,
818 2611 921 2644 opera
944 2611 1029 2643 quac
1060 2611 1124 2643 ego

1172 217 1272 257 facio,
1297 224 1329 250 et
1347 219 1420 260 ipse
1442 216 1553 256 faciet,
1579 223 1611 249 et
1633 218 1760 250 maiora
1781 218 1834 250 his
1858 217 1974 257 faciet,
1999 219 2076 261 quia
2099 229 2164 262 ego

1172 262 1215 293 ad
1238 267 1365 303 patrem
1388 262 1486 293 vado.
1532 261 1575 292 Et
1603 262 1758 303 quicquid
1771 262 1932 302 petieritis
1964 261 2096 294 Patrem
2124 264 2161 295 in

1172 306 1306 337 nomine
1330 316 1416 344 meo,
1440 303 1504 336 hoc
1526 304 1659 343 faciam,
1682 310 1717 336 ut
1740 304 1946 347 glorificetur
1965 316 2024 347 per
2036 305 2162 338 Filium.

1260 374 1355 405 Rom.
1379 374 1410 405 4.
1457 373 1628 406 Abrabam
1651 380 1786 415 praeter
1803 384 1898 416 spem
1921 375 2079 414 credidit,
2103 385 2163 418 spe

1174 423 1318 449 erectus.

1260 485 1360 517 Deut.
1384 486 1415 517 8.
1461 486 1537 517 Non
1559 487 1593 517 in
1612 484 1685 516 solo
1709 496 1795 527 pane
1818 487 1899 518 vivit
1921 486 2033 526 homo,
2054 487 2114 519 sed
2130 488 2163 519 in

1173 530 1263 560 omni
1285 530 1403 567 verbo,
1428 530 1517 571 quod
1539 529 1691 571 procedit
1714 540 1757 560 ex
1781 539 1839 561 ore
1862 529 1938 561 Dei.

1260 597 1385 639 Ephes.
1417 598 1448 629 3.
1495 598 1537 629 Et
1567 599 1596 629 ei
1628 600 1682 640 qui
1709 604 1820 640 potest
1851 597 1997 630 SUPER
2020 597 2163 630 OMNIA

1173 647 1205 672 et
1228 640 1432 673 excellenter
1455 652 1551 683 opem
1570 641 1668 679 ferre,
1693 652 1795 683 supra
1819 652 1917 684 quam
1940 643 2083 683 petimus
2107 648 2169 674 aut

1173 684 1400 726 intelligimus
1456 685 1548 716 Haec
1573 687 1675 717 verba
1700 684 1876 717 manifeste
1906 684 2072 717 affirmant
2097 686 2165 727 opi-

1172 727 1268 759 tulari
1291 728 1418 767 Deum,
1449 729 1546 760 etiam
1570 740 1645 761 cum
1668 729 1751 760 ratio
1781 730 1870 760 videt
1899 739 2021 761 causas
2044 739 2162 761 secun-

1173 772 1233 802 das
1256 772 1399 803 minitari
1422 773 1563 803 exitium.

1260 840 1383 871 Psalm.
1408 840 1438 871 9.
1487 840 1551 876 Qui
1580 841 1709 872 exaltas
1746 852 1797 872 me
1827 843 1868 872 de
1898 843 2005 883 portis
2034 842 2162 880 mortis,

1172 889 1207 915 ut
1231 894 1362 915 narrem
1386 882 1504 915 laudes
1529 890 1604 916 tuas
1628 885 1661 916 in
1684 886 1790 926 portis
1816 884 1903 916 filiae
1927 885 2020 916 Zion.

1258 951 1382 984 Psalm.
1398 953 1448 983 10.
1484 953 1556 984 Tibi
1580 953 1761 985 derelictus
1782 961 1832 985 est
1849 965 1986 995 pauper,
2010 953 2162 995 orphano

1143 1008 1145 1014 ·
1173 1002 1207 1028 tu
1231 998 1297 1028 eris
1321 997 1465 1035 adiutor,
1488 997 1520 1027 id
1541 1003 1604 1034 est,
1630 998 1680 1036 iis,
1705 999 1759 1039 qui
1784 998 1907 1029 deserti
1931 1009 1951 1029 a
1974 999 2087 1029 causis
2111 1007 2162 1029 se-

1143 1057 1146 1068 »
1173 1040 1290 1071 cundis
1316 1046 1349 1071 te
1372 1041 1538 1071 invocant.

1260 1107 1384 1140 Psalm.
1409 1109 1462 1140 27.
1510 1109 1610 1140 Pater
1640 1116 1671 1140 et
1698 1116 1803 1141 mater
1828 1109 2076 1153 dereliquerunt
2099 1120 2162 1147 me,

1171 1150 1334 1183 Dominus
1359 1158 1469 1183 autem
1495 1153 1641 1194 suscepit
1666 1163 1727 1184 me.

1260 1219 1384 1252 Psalm.
1418 1221 1469 1253 ⁶23.
1538 1221 1677 1253 Etiamsi
1726 1220 1942 1253 ambulavero
1982 1223 2015 1253 in
2056 1223 2163 1254 medio

1172 1265 1311 1295 umbrae
1340 1266 1472 1303 mortis,
1516 1275 1581 1297 non
1617 1266 1740 1297 timebo
1777 1265 1884 1303 mala,
1921 1265 1998 1307 quia
2031 1271 2067 1296 tu
2099 1275 2165 1297 me-

1174 1317 1247 1339 cum
1272 1317 1319 1338 es.

1261 1375 1386 1408 Psalm.
1421 1377 1474 1409 46.

1530 1377 1714 1419 Propterea
1747 1386 1814 1408 non
1848 1377 2054 1415 timebimus,
2090 1387 2166 1410 cum

1174 1420 1353 1451 turbatitur
1375 1426 1476 1452 terra.

1173 1532 1194 1563 b
1260 1488 1373 1539 Iollan.
1412 1489 1463 1520 10.
1510 1489 1616 1521 Nemo
1639 1489 1747 1530 rapiet
1776 1499 1859 1520 oves
1882 1498 1974 1521 meas
1998 1488 2040 1520 de
2062 1489 2164 1521 mani-

1197 1541 1237 1564 us
1260 1542 1354 1564 meis,

1260 1601 1302 1633 Et
1320 1599 1438 1633 Matth.
1455 1600 1504 1633 16.
1552 1600 1676 1633 Portae
1698 1599 1880 1633 inferorum
1902 1610 1970 1632 non
1992 1599 2165 1642 praevale-

1727 1643 1792 1675 Ubi
1822 1643 1859 1675 fit
1887 1643 2021 1676 collatio
2051 1649 2166 1686 poten·

1173 1689 1253 1720 tium
1289 1694 1517 1720 creaturarum
1542 1699 1617 1720 cum
1640 1685 1804 1720 Ecclesia.
1838 1687 1881 1719 Et
1912 1697 2036 1719 causae
2048 1697 2167 1719 secun-

1175 1732 1237 1763 dae
1260 1732 1465 1773 potentiores
1489 1737 1577 1770 sunt,
1603 1742 1701 1774 quam
1713 1730 1878 1769 Ecclesia,
1902 1731 1962 1763 sed
1985 1731 2167 1773 reprimun—

1175 1782 1228 1807 tur
1252 1776 1419 1807 divinitus.

1265 1862 1315 1893 Ac
1347 1862 1463 1894 talium
1494 1860 1761 1893 consolationum
1784 1859 1904 1902 plenae
1935 1865 2013 1892 sunt
2035 1860 2167 1892 concio-

1176 1915 1237 1937 nes
1262 1906 1405 1944 divinae,
1428 1905 1517 1936 hanc
1539 1906 1645 1947 ipsam
1669 1906 1711 1936 ob
1737 1914 1876 1936 causam
1898 1903 2108 1945 propositae,
2130 1907 2168 1934 ut

1177 1959 1252 1980 cum
1275 1951 1424 1990 potentia
1447 1949 1570 1986 mundi,
1595 1949 1622 1979 si
1647 1958 1768 1979 causas
1792 1947 1959 1979 secundas
1980 1947 2168 1978 considere-

1177 2002 1268 2031 mus,
1302 1991 1403 2035 longe
1437 1991 1616 2023 antecellat
1651 1990 1838 2029 Ecclesiae,
1873 1990 2020 2022 sciamus
2057 1995 2168 2021 tamen

1177 2035 1286 2067 Deum
1320 2034 1488 2067 liberrime
1516 2036 1682 2066 moderari
1712 2034 1856 2066 omnium
1886 2044 1998 2065 rerum
2021 2033 2112 2064 vires
2136 2038 2170 2064 et

1177 2085 1306 2118 motus,
1343 2085 1376 2111 et
1397 2077 1487 2111 velle
1510 2079 1573 2109 sibi
1596 2076 1784 2109 Ecclesiam
1808 2087 1964 2116 servare,
1995 2082 2027 2108 et
2049 2085 2169 2108 revera

1179 2123 1336 2154 exaudire
1359 2124 1556 2154 invocantes
1580 2122 1708 2163 ipsum,
1731 2122 1764 2153 in
1793 2121 1964 2163 agnitione
1992 2125 2025 2152 et
2047 2119 2169 2152 fiducia

1179 2166 1312 2198 Domini
1336 2166 1440 2198 nostri
1460 2165 1538 2196 lesu
1561 2164 1696 2196 Christi.

1266 2244 1318 2275 Ac
1336 2244 1473 2285 prodest
1493 2242 1619 2274 habere
1640 2243 1672 2272 in
1685 2249 1816 2283 promtu
1835 2241 1939 2273 multa
1957 2242 2058 2280 dicta,
2082 2251 2168 2282 quae
2212 2250 2215 2252 ’

1178 2287 1371 2325 adfirmant,
1397 2287 1503 2317 Deum
1527 2293 1606 2317 tunc
1631 2296 1710 2317 vere
1732 2285 1822 2317 velle
1847 2283 2016 2327 opitulari,
2052 2294 2126 2315 cum
2149 2293 2169 2315 a

1179 2332 1341 2363 creaturis
1365 2329 1490 2361 deserti
1515 2340 1648 2367 sumus,
1683 2330 1767 2361 sicut
1799 2328 1890 2360 clare
1914 2328 2018 2370 inquit
2042 2325 2165 2359 Psalm-

1178 2374 1229 2405 71.
1278 2374 1448 2406 Liberavit
1470 2383 1663 2415 pauperem,
1688 2373 1739 2404 cni
1764 2383 1832 2404 non
1851 2378 1922 2404 erat
1945 2372 2083 2404 adiutor.

1266 2443 1307 2475 Et
1337 2443 1426 2474 Esai.
1450 2442 1502 2473 57.

1177 2486 1292 2519 humili
1313 2487 1438 2529 spiritu.

1551 2442 1714 2474 Dominus
1743 2441 1871 2473 habitat
1901 2442 1934 2472 in
1963 2441 2106 2472 contrito
2137 2445 2169 2471 et

1264 2556 1305 2587 Et
1328 2556 1385 2587 lob
1410 2555 1514 2597 inquit
1538 2566 1611 2596 cap.
1645 2554 1695 2586 13.
1741 2554 1878 2585 Etiamsi
1912 2553 2073 2585 occiderit
2103 2562 2167 2590 me,

1176 2601 1321 2642 sperabo
1345 2601 1378 2631 in
1401 2610 1487 2638 euln,
1511 2600 1606 2642 quasi
1629 2599 1728 2637 dieat,
1752 2598 1829 2629 Non
1847 2598 1975 2628 irascar
1988 2596 2076 2635 Deo,
2099 2606 2167 2628 non
