2383 2990
180 132 247 163 419
808 128 921 161 PHIL.
945 129 1048 160 MEL.
1073 129 1262 163 SCRIPTA
1284 130 1565 163 DOGMATICA.
2146 134 2212 165 420

183 224 426 267 complectatur
448 224 502 256 liic
526 225 651 265 primus
676 224 800 265 gradus
824 223 981 261 honoris,
1011 231 1042 255 et
1062 223 1170 266 qualis

184 269 276 300 furor
307 270 348 300 sit
385 267 584 310 Cyclopum,
620 268 673 309 qni
708 267 793 298 haec
823 268 1009 298 testimonia
1032 269 1073 299 de
1095 267 1170 300 Deo

184 319 410 344 contemnunt.
457 312 554 342 Scias
575 312 682 348 etiam,
707 312 782 352 quia
796 310 1013 352 Magistratus
1037 322 1095 343 588
1121 312 1170 342 lu-

183 357 275 387 dices
295 363 370 386 sunt
398 355 558 385 custodes
583 360 613 385 et
638 361 848 392 executores,
873 355 936 385 dici
961 355 993 385 in
1018 354 1170 387 Psalmo:

182 399 256 441 Ego
281 399 357 435 dixi,
395 398 448 429 Dii
468 398 562 435 estis,
597 398 628 428 id
653 404 716 435 851,
750 408 823 428 11180
851 398 984 429 decreto
1008 399 1114 436 sanxi,
1139 405 1171 429 et

182 443 286 473 verbo
323 440 533 472 manifestavi
568 441 654 471 113118
678 451 783 471 nicam
807 442 1001 482 sapientiam
1026 448 1057 472 et
1081 443 1171 473 iusti-

182 486 259 516 tiam
284 484 357 515 Dei.
392 483 485 516 Talia
510 485 596 515 dicta
621 483 796 525 diligenter
819 485 1064 516 consideranda
1083 492 1171 523 sunt,

182 536 213 559 et
247 530 387 570 pertinet
422 526 487 559 1188
524 534 594 559 1013
629 528 748 559 concio
780 527 875 559 Pauli
898 529 930 559 in
954 538 1026 570 cap.
1054 528 1103 559 13.
1127 529 1170 559 311

182 572 362 603 Romanos.

1223 227 1298 258 dine
1321 226 1446 268 gregis,
1470 227 1502 257 in
1526 235 1592 267 quo
1618 226 1681 257 etsi
1703 225 1771 267 lupi
1789 232 1999 268 grassantur,
2023 234 2133 259 tamen
2152 239 2210 270 pa·

1223 276 1296 301 stor
1319 280 1437 311 agmen
1462 268 1607 300 defendit
1631 275 1664 301 et
1686 268 1784 311 lupos
1809 269 1951 311 depellit.
1984 270 2077 302 Haec
2101 273 2211 303 801151-

1223 314 1351 344 deratio
1375 313 1570 344 necessaria
1594 319 1663 351 est,
1699 320 1733 344 ut
1756 313 1891 345 fanatici
1916 314 2137 356 dogmatistae
2160 326 2211 347 re-

1223 363 1276 387 cte
1309 354 1446 387 refutari
1470 356 1618 398 possint,
1655 356 1708 398 qui
1735 357 1890 388 damnant.
1913 357 1945 388 in
1970 357 2107 398 politica
2131 359 2211 398 vita,

1223 398 1321 431 simul
1356 408 1386 430 et
1420 400 1499 431 vitia
1534 406 1565 430 et
1589 400 1739 431 ordinem
1768 401 1895 440 ipsum,
1932 411 1993 431 888
2017 402 2212 433 (1158818881

1222 453 1308 484 opus
1332 442 1395 474 Dei
1419 444 1459 474 ab
1485 443 1641 484 operibus
1664 442 1801 475 Diaboli
1830 450 1861 474 et
1886 443 2131 476 sceleratorum
2153 445 2211 477 ho-

1223 497 1355 517 1111118111.

1311 572 1463 604 Sciamus
1497 573 1596 614 igitur
1630 574 1778 604 ordinem
1802 574 1910 615 ipsum
1934 572 2088 614 politicae
2112 575 2212 612 vitae,

1223 626 1293 646 rem
1317 617 1438 647 bonam
1463 622 1495 647 et
1519 627 1602 658 opus
1616 615 1678 647 Dei
1704 627 1793 655 esse,
1817 623 1849 648 et
1872 625 2010 658 propter
2027 617 2158 648 DEUM
2183 618 2213 649 ei

1223 660 1444 690 obediendum
1473 670 1560 691 esse.
1606 659 1737 691 Deinde
1771 666 1802 691 et
1830 661 1997 691 intuentes
2021 661 2213 692 tristissima

1223 701 1416 743 spectacula
1441 702 1673 735 confusionum
1697 705 1728 734 in
1742 703 1902 744 Imperiis,
1930 713 2008 735 vero
2033 703 2152 735 dolore
2166 703 2212 736 af-

1223 746 1383 784 ficiamur,
1413 752 1446 777 et
1469 747 1510 778 de
1534 748 1683 788 potentia
1706 746 1860 784 Diaboli,
1894 754 1924 778 et
1950 748 1990 778 de
2014 753 2131 778 nostra
2155 748 2212 778 mi-

1224 790 1312 820 seria
1336 790 1532 831 cogitemuS,
1555 797 1586 821 et
1605 791 1750 822 assiduis
1775 792 1861 822 votis
1885 798 2054 831 petamus,
2077 797 2114 822 ut
2136 790 2212 822 DE·

268 650 444 681 Secundus
469 650 593 691 gradus
617 648 754 680 honoris
778 656 827 680 est
849 656 986 681 externa
1014 650 1171 681 obedien—

181 693 227 724 tia
250 693 359 724 debita
383 692 516 733 legibus
541 700 679 734 propter
692 694 812 730 Deum,
835 699 866 723 et
881 704 1087 724 communem
1112 695 1171 724 uti-

181 735 318 773 litatem,
342 736 510 771 videlicet,
534 742 569 767 ut
594 737 823 767 communibus
847 735 966 767 officiis
992 747 1171 768 conserve-

181 787 236 811 tur
259 781 402 811 honesta
436 781 595 818 societas,
632 786 663 811 et
694 790 760 811 non
784 780 963 821 dissipetur
982 791 1089 822 genus
1113 781 1171 812 hu-

181 834 321 855 manum.
1224 832 1280 863 Us
1304 839 1400 864 autor
1423 839 1455 864 et
1479 840 1593 864 custos
1617 833 1781 865 humanae
1801 834 1972 866 societatis
1985 835 2140 875 reprimat
2153 833 2212 865 Di-

268 900 399 932 Tertius
424 901 549 943 gradus
573 907 625 932 est
647 903 802 938 ἐπιείκεια,
828 901 943 941 quain
968 906 1060 931 tanta
1083 900 1170 932 infir·
1193 872 1199 1214 Ι
1223 875 1355 914 ab0105’
1375 877 1461 907 sicut
1480 878 1626 917 Pseeffllo
1651 878 1754 919 lfflllffl
1778 876 1912 909 Pffllffio
1938 878 1968 908 7·
2015 877 2125 919 Sffl'ge
2143 877 2212 908 ΒΟ·

182 946 294 976 1811318
330 944 485 979 humana.
523 945 683 986 quaedam
719 944 927 974 incommoda
961 945 1170 985 imperiorum

181 989 354 1019 moderate
378 986 552 1019 toleranda
577 994 664 1018 sunt.
712 987 860 1028 Cumque
886 988 917 1018 in
941 987 1004 1019 hac
1018 998 1170 1028 praeser-

181 1033 238 1063 tim
262 1038 399 1063 senecta
423 1032 546 1068 mundi,
580 1030 718 1072 imperia
753 1029 864 1062 futura
895 1032 960 1062 sint
984 1032 1090 1073 magis
1115 1032 1170 1062 de-

181 1074 299 1106 formia
323 1081 377 1106 aut
397 1073 617 1116 languidiora:
643 1084 868 1116 agnoscamus
891 1074 988 1105 huius
1012 1081 1170 1106 senectae

182 1117 452 1156 imbecillitatem,
479 1124 511 1149 81
535 1118 660 1148 8131018
684 1116 853 1159 diligentia
873 1124 904 1148 et
934 1118 1097 1149 industria
1121 1118 1170 1149 to-

182 1172 320 1193 veamus
342 1172 549 1192 communem
573 1161 782 1198 societatem,
817 1172 883 1192 non
911 1159 1073 1193 faciamus
1099 1163 1170 1193 sine

182 1205 384 1236 necessariis
420 1205 531 1236 causis
567 1205 837 1246 dissipationem,
872 1215 933 1235 1188
969 1203 1171 1237 delectemur

181 1247 389 1280 Alcibiadeis
415 1247 577 1286 consiliis,
601 1255 636 1279 ut
655 1247 747 1279 1118111
772 1249 976 1286 discurrunt,
1011 1249 1066 1290 qui
1090 1248 1171 1280 alibi

181 1291 267 1323 alios
291 1293 459 1334 principes
484 1298 640 1323 excutere
661 1297 836 1329 conantur,
860 1298 893 1323 et
923 1293 1091 1323 somniant
1113 1303 1171 1324 au-

182 1347 241 1368 rea
264 1334 380 1367 secula
404 1342 466 1366 etc.

1223 920 1310 950 mine
1345 919 1439 950 Deus
1473 931 1567 951 111885
1603 921 1645 951 311
1675 928 1889 962 praeceptum
1920 921 2010 962 quod
2035 921 2212 952 mandasti.

1224 963 1303 994 ltem
1323 962 1457 994 Psalmo
1481 964 1533 995 81.
1566 963 1675 1005 Surge
1688 963 1820 1003 DEUs,
1844 965 1952 995 iudica
1975 971 2112 1002 terram,
2135 965 2213 1006 quia

1224 1013 1258 1037 tu
1283 1005 1426 1048 colliges
1450 1007 1686 1039 haereditatem
1710 1018 1751 1039 ex
1777 1009 1929 1039 omnibus
1953 1008 2118 1049 gentibus.

1381 1178 1442 1211 DE
1470 1179 1655 1212 OFFlCllS
1685 1179 2056 1212 MAGISTRATUUM.

1312 1309 1347 1340 ln
1370 1309 1436 1340 1108
1454 1315 1634 1351 praecepto
1655 1310 1752 1341 etiam
1777 1311 1951 1342 dicendum
1976 1317 2046 1348 est,
2076 1311 2117 1341 de
2140 1310 2214 1342 offi-

1225 1353 1286 1385 ciis
1322 1354 1591 1395 gubernatorum.
1640 1353 1732 1384 Haec
1767 1354 1962 1385 brevissime
1997 1353 2213 1395 comprehen-

1225 1397 1335 1428 denda
1358 1403 1436 1428 sunt
1459 1397 1492 1427 in
1515 1396 1581 1428 hac
1604 1396 1803 1429 definitione.

270 1422 364 1454 Haec
387 1422 587 1453 brevissime
611 1423 652 1453 de
674 1420 842 1453 vocabulo
867 1421 1005 1453 honoris
1028 1423 1062 1454 in
1075 1433 1172 1464 quar·
1194 1413 1199 1484 Ι

183 1472 217 1498 to
240 1471 421 1507 praecepto
446 1466 600 1496 diximus.
626 1465 823 1507 Quanquam
847 1472 955 1496 autem
979 1466 1172 1508 magnitudo
1312 1465 1528 1507 Magistratus
1552 1472 1604 1497 est
1629 1471 1745 1497 custos
1767 1465 1879 1508 Legis.
1919 1466 2011 1498 Sciat
2034 1465 2214 1508 Magistra-

183 1510 301 1542 harum
321 1519 431 1540 rerum
446 1507 569 1539 nullius
594 1507 782 1550 eloquentia
802 1509 885 1540 satis
910 1510 1030 1550 exponi
1044 1516 1170 1550 potest:
1194 1493 1199 1529 1
1224 1515 1279 1540 185
1309 1509 1477 1550 1101111885,
1513 1519 1551 1539 58
1583 1510 1754 1540 custodem
1779 1509 1901 1540 debere
1924 1519 2002 1540 esse
2025 1509 2126 1541 totius
2152 1508 2214 1540 Le-

183 1560 293 1584 tamen
318 1559 484 1594 utcunque
508 1551 606 1583 huius
631 1553 802 1583 doctrinae
824 1552 913 1583 initia
936 1553 1013 1584 sciri
1028 1563 1171 1584 necesse
1225 1553 1288 1594 gis,
1302 1553 1431 1583 Primae
1451 1559 1481 1583 et
1508 1552 1690 1583 Secundae
1704 1551 1849 1591 tabulae,
1874 1553 1963 1594 quod
1987 1554 2028 1584 ad
2045 1559 2215 1584 externam

184 1603 248 1635 est,
283 1602 315 1627 et
338 1596 530 1638 magnitudo
555 1606 665 1627 rerum
688 1596 794 1638 magis
820 1596 1061 1637 conspicietur,
1096 1607 1171 1627 cum
1224 1594 1432 1637 disciplinam
1451 1597 1582 1634 attinet,
1607 1606 1673 1627 non
1708 1602 1835 1627 tantum
1859 1603 1893 1627 ut
1916 1596 2135 1628 armentarius
2160 1597 2215 1627 de·

183 1641 225 1672 de
258 1639 324 1671 hoo
354 1640 469 1670 ordine
493 1638 659 1681 legitimae
682 1640 866 1677 societatis,
890 1646 922 1670 et
946 1640 987 1671 de
1010 1640 1172 1680 sapientia
1224 1637 1337 1671 fendat
1368 1650 1523 1680 corpora,
1568 1639 1660 1670 Sciat
1688 1649 1726 1670 58
1751 1649 1869 1670 vocem
1893 1639 1955 1671 Dei
1987 1641 2111 1671 debere
2136 1649 2215 1670 esse

183 1689 215 1715 et
238 1683 384 1715 bonitate
398 1681 475 1721 Dei,
495 1689 528 1713 et
547 1683 588 1714 de
612 1684 800 1724 praesentia
825 1682 888 1714 Dei
911 1683 942 1714 in
967 1694 1089 1725 genere
1112 1683 1172 1715 hu·
1195 1654 1201 1766 ι
1224 1684 1256 1714 18
1281 1693 1404 1725 genere
1427 1682 1585 1721 humano,
1627 1682 1773 1714 Primum
1792 1690 1826 1714 ut
1850 1682 1979 1725 fulgeat
2001 1683 2116 1715 notitia
2139 1681 2213 1714 Dei.

182 1737 295 1765 mann,
319 1727 554 1758 conservantis
578 1726 753 1758 honestam
773 1727 978 1765 societatem,
1002 1734 1035 1758 et
1058 1727 1100 1758 de
1123 1725 1172 1758 fu·
1226 1726 1353 1758 Curare
1378 1727 1476 1768 igitur
1500 1727 1610 1765 debet,
1633 1733 1667 1758 ut
1692 1734 1783 1758 recte
1807 1727 1994 1758 doceantur
2006 1727 2159 1758 homines
2173 1725 2215 1757 de

183 1771 316 1802 roribus
329 1768 549 1802 Diabolorum
572 1771 784 1801 turbantibus
803 1769 892 1801 1111118
915 1771 1076 1808 ordinem,
1100 1781 1172 1801 sae·
1227 1770 1314 1809 Deo,
1336 1771 1427 1801 iuxta
1451 1770 1586 1801 dictum:
1612 1770 1749 1811 Aperite
1761 1776 1875 1811 portas
1889 1771 2055 1812 principes
2069 1776 2214 1801 vestras·

184 1825 225 1856 pe
261 1814 501 1856 cogitabimus,
535 1819 567 1844 et
595 1813 648 1844 his
673 1814 933 1856 cogitationibus
958 1815 1171 1845 miscebimus
1224 1813 1336 1846 Debet
1360 1813 1577 1855 Magistratus
1601 1812 1757 1856 politicus
1782 1815 1898 1854 punire
1922 1812 2152 1855 blasphemos,
2183 1818 2216 1844 et

184 1858 364 1899 gratiarum
383 1857 550 1888 actionem
575 1863 607 1888 et
630 1858 853 1898 precationem
878 1858 919 1888 ad
943 1857 1062 1889 Deum.
1087 1857 1172 1893 Quia
1227 1856 1344 1889 tollere
1369 1856 1473 1896 ldola,
1508 1863 1540 1889 et
1564 1868 1630 1889 non
1655 1857 1857 1899 permittere,
1881 1863 1916 1888 ut
1939 1863 2142 1899 spargantur
2165 1866 2215 1887 er—

184 1912 266 1932 vero
300 1899 436 1932 multum
472 1899 677 1932 horribilium
713 1899 947 1932 confusionum
969 1902 1000 1932 in
1025 1901 1172 1943 Imperiis
1225 1912 1330 1932 rores.
1377 1901 1481 1932 Recte
1503 1902 1603 1943 igitur
1626 1900 1776 1932 fecerunt
1796 1899 2037 1932 Constantinus
2057 1907 2087 1931 et
2106 1899 2215 1931 Theo—

186 1945 345 1982 cernitur,
381 1944 589 1985 obstupescit
623 1944 767 1976 humana
791 1945 875 1976 ratio
900 1950 931 1976 et
954 1946 1079 1987 cogitat
1100 1946 1172 1976 uni·
1225 1946 1357 1983 1105185,
1391 1946 1446 1987 qui
1478 1943 1644 1976 ldolorum
1668 1942 1790 1986 templa
1814 1943 2006 1975 clauserunt
2029 1951 2059 1975 et
2084 1942 2215 1975 deleve-

184 1998 317 2019 versam
353 1988 627 2029 gubernationem
662 1988 752 2029 rapi,
787 1994 820 2019 et
848 1989 981 2019 retineri
1005 1988 1171 2020 hominum
1225 1995 1307 2020 runt.

185 2030 356 2069 violentia,
380 2029 464 2062 alias
488 2029 577 2069 alibi,
597 2038 631 2063 et
654 2030 776 2062 nullam
800 2038 928 2073 partem
951 2032 983 2062 in
1007 2033 1172 2074 guberna-

184 2076 274 2106 tione
299 2085 384 2115 opus
408 2073 472 2106 Dei
497 2080 583 2105 esse.
630 2074 772 2116 Propter
807 2075 890 2107 11388
914 2073 1074 2106 deformia
1098 2085 1171 2117 spe-

184 2117 328 2155 ctacula,
353 2128 494 2149 8888558
518 2124 569 2149 851
593 2118 737 2150 discerni
761 2119 853 2160 ipsas
877 2119 1106 2157 confusiones,
1130 2120 1171 2150 ab

184 2159 363 2193 universali
388 2162 647 2193 conservatione
669 2162 852 2201 societatis,
876 2173 916 2194 ac
937 2163 1094 2204 operibus
1108 2161 1172 2194 Dei

183 2205 216 2236 in
240 2206 314 2246 ipsa
338 2205 603 2243 conservatione,
628 2211 660 2236 et
683 2216 824 2237 necesse
848 2212 899 2237 est
923 2206 1067 2237 discerni
1080 2212 1173 2238 auto·

184 2259 241 2280 res
266 2247 511 2287 confusionum,
537 2254 569 2279 et
592 2247 700 2280 Deum
723 2256 873 2281 autorem
893 2250 1028 2281 ordinis.

1313 2058 1439 2089 Ordine
1462 2064 1570 2088 autem
1596 2066 1697 2098 saepe
1720 2056 1882 2088 distribuo
1905 2057 2084 2098 praecipua
2102 2054 2215 2088 officia

1225 2101 1444 2145 Magistratus
1467 2099 1596 2131 Politici
1619 2099 1685 2131 hoc
1710 2100 1819 2131 modo.

1313 2171 1336 2202 l.
1379 2169 1581 2212 Simpliciter
1613 2168 1678 2200 hoe
1712 2176 1765 2201 est
1800 2168 1942 2200 officium
1979 2169 2213 2211 Magistratuss

1226 2216 1275 2246 Sit
1309 2225 1374 2246 vox
1409 2215 1509 2245 totius
1533 2211 1698 2255 Decalogi
1733 2219 1824 2244 recte
1858 2211 2036 2251 intellecti,
2059 2214 2148 2255 quod
2172 2212 2215 2244 ad

1226 2265 1399 2290 externam
1423 2255 1630 2297 disciplinam
1655 2257 1779 2288 attinet.

1313 2327 1352 2358 ll.
1399 2327 1447 2357 Sit
1471 2332 1629 2358 executor
1640 2326 1741 2368 Legis
1766 2326 1908 2363 divinae,
1933 2324 2077 2367 legitime
2100 2325 2215 2366 puniat

1226 2372 1258 2403 vi
1283 2369 1448 2413 corporali
1471 2369 1633 2402 facientes
1658 2377 1775 2401 contra
1801 2368 2015 2411 Decalogum,

273 2334 515 2366 Consusionum
547 2346 672 2367 causae
702 2342 779 2367 sunt
801 2335 956 2374 Diaboli,
985 2342 1017 2368 et
1046 2346 1174 2378 organa

185 2377 417 2410 Diabolorum.
464 2378 591 2410 Contra
614 2389 696 2411 vero
720 2379 921 2411 universalis
946 2381 1173 2411 conservatio-

188 2421 238 2452 nis
263 2432 365 2453 causa
389 2421 485 2453 Deus
510 2429 578 2460 est,
611 2423 665 2464 qui
700 2430 731 2454 et
763 2424 834 2464 ipse
865 2433 971 2466 genus
996 2423 1173 2455 humanum
1196 2410 1200 2443 1

187 2471 324 2503 servat,
347 2471 380 2496 et
403 2465 521 2497 retinet
545 2465 670 2508 aliquid
694 2467 839 2505 ordinis,
865 2467 1035 2509 coniugia,
1066 2465 1172 2510 leges,

187 2513 393 2546 contractus,
417 2509 549 2547 iudicia,
572 2519 700 2550 poenas
725 2509 977 2549 sceleratorum,
996 2510 1104 2542 ethos
1117 2516 1174 2542 aut

186 2551 330 2582 mediate
352 2557 406 2582 aut
431 2552 615 2584 immediate
627 2554 786 2584 mirandis
801 2554 959 2595 operibus
982 2552 1065 2585 tollit
1089 2554 1172 2595 ipse.

1314 2440 1366 2472 111.
1402 2440 1513 2472 Addat
1535 2439 1666 2482 aliquas
1690 2438 1797 2482 leges,
1822 2449 1906 2480 quae
1925 2439 1991 2470 sint
2015 2438 2213 2470 determina·

1225 2485 1334 2516 tiones
1359 2484 1680 2515 circumstantiarum
1704 2481 1964 2524 particularium,
1986 2492 2054 2513 non
2079 2491 2213 2522 expres·

1225 2538 1337 2559 sarum
1360 2528 1392 2559 in
1406 2525 1593 2569 Decalogo.
1616 2537 1679 2558 nec
1692 2533 1799 2557 tamen
1813 2532 1959 2568 pugnent
1983 2536 2058 2557 88111
2070 2523 2213 2556 Decalo-

1226 2582 1281 2614 go,
1304 2578 1340 2603 ut
1363 2569 1557 2612 Der-alogus
1582 2571 1613 2602 in
1638 2580 1762 2613 genere
1785 2570 1877 2601 dicit:
1923 2569 1998 2600 Non
2018 2568 2140 2599 turtum
2165 2567 2212 2600 sa-

274 2611 348 2642 Hoc
371 2611 548 2644 discrimen
571 2614 782 2645 mediocriter
805 2615 951 2657 pingitur
973 2615 1005 2646 in
1025 2614 1172 2646 similitu·
1195 2609 1198 2643 Ι
1226 2616 1306 2647 cies.
1330 2614 1391 2647 Hic
1409 2613 1627 2656 Magistratus
1650 2613 1807 2655 politicus
1833 2613 1977 2644 ostendit
1999 2611 2118 2643 modos
2137 2621 2213 2643 suc-
