2383 2990
169 122 235 155 225

171 227 287 251 omnes
310 221 438 259 gentes.
506 214 606 255 Item,
640 214 816 247 Timebunt
840 225 914 247 eum
937 216 1046 247 donec
1065 220 1162 246 erunt

171 261 233 294 Sol
255 266 288 293 et
307 260 415 291 Luna.
457 258 552 297 Item,
577 258 777 307 Adorabunt
796 269 911 291 coram
933 269 974 290 eo
997 268 1139 300 semper.

256 337 293 369 In
314 336 368 369 his
392 337 506 369 verbis
530 337 708 379 perspicue
738 337 937 368 describitur
965 337 1160 375 aeternitas,

169 382 259 414 Ante
292 380 410 419 solem,
445 381 478 412 id
512 386 584 419 est,
617 387 797 423 antequam
822 379 876 411 sol
905 380 1060 412 conditus
1095 386 1160 418 est,

168 431 241 458 erat
258 425 314 456 hic
337 423 452 456 Filius.
482 423 568 455 Nam
590 423 755 456 Ebraicus
779 422 937 454 Psalmus
961 424 1015 455 hic
1038 423 1160 465 insigni

168 469 272 501 verbo
296 478 380 500 usus
404 474 467 506 est,
490 467 686 510 significans
709 467 800 499 haud
823 467 922 499 dubie
944 472 1057 498 natum
1081 477 1161 498 esse

168 511 299 551 Filium,
323 518 401 544 ante
425 512 650 543 conditionem
672 509 766 542 solis.

255 589 388 621 Deinde
418 595 451 621 et
484 587 659 621 manifeste
694 588 850 620 adfirmat
878 587 968 619 hunc
1003 587 1162 619 Messiam

169 644 302 676 semper
320 633 541 665 invocandum
563 642 653 670 esse,
672 632 770 663 etiam
787 642 862 663 cum
885 641 953 662 non
977 632 1162 672 conspicie-

169 683 222 710 tur
246 676 364 710 oculis.
394 676 471 708 Non
494 676 594 718 igitur
611 674 759 717 loquitur
781 676 823 706 de
847 681 946 718 gestu
970 685 1160 715 corporum,

169 722 225 764 qui
247 721 482 763 praesentibus
517 718 668 761 Regibus
703 719 889 758 exhibetur,
925 717 984 750 sed
1016 717 1162 760 loquitur

170 766 212 797 de
242 769 365 803 mente,
401 773 489 805 quae
522 763 603 804 petit
621 773 641 793 a
664 761 802 800 hlessia,
826 768 862 793 ut
881 762 1079 793 misereatur
1102 771 1160 792 no-

169 809 242 847 stri,
261 814 294 839 et
317 809 361 839 sit
384 807 589 838 intercessor
612 815 673 847 pro
696 806 814 844 nobis,
849 805 905 836 det
928 805 1161 836 remissionem

168 857 399 893 peccatorum,
431 850 589 891 Spiritum
623 854 779 881 sanctum
801 854 834 880 et
855 849 956 881 vitam
980 854 1162 886 aeternam,

168 900 202 927 et
235 896 277 926 sit
311 891 491 935 opitulator
521 898 553 924 et
587 890 747 923 defensor
771 893 868 923 etiam
900 893 932 923 in
951 891 1049 923 huius
1073 892 1162 923 vitae

168 936 338 980 periculis,
362 937 527 968 adversus
546 934 679 967 furores
692 935 828 968 Diaboli
841 942 873 967 et
887 932 1072 977 impiorum,
1098 935 1161 966 sic-

168 987 260 1014 utet
293 982 366 1022 ipse
398 981 514 1022 inquit,
549 979 641 1011 Oves
675 990 771 1011 meae
799 990 1047 1011 vocemmeam
1071 979 1161 1010 audi-

168 1031 236 1058 unt.
286 1023 393 1056 Nemo
417 1025 523 1065 rapiet
541 1033 600 1054 eas
620 1033 662 1054 ex
686 1033 787 1054 manu
815 1033 900 1054 mea.
970 1022 1062 1053 Talis
1082 1022 1161 1053 ado-

167 1069 252 1101 ratio
275 1077 355 1100 vere
373 1067 488 1099 tribuit
511 1066 783 1107 omnipotentiam
806 1066 965 1105 Messiae,
990 1072 1023 1097 et
1046 1066 1161 1096 testiti-

168 1118 264 1144 catur
283 1122 357 1143 eum
381 1121 458 1142 esse
479 1109 601 1149 Deum,
624 1116 661 1141 ut
685 1120 787 1151 supra
811 1110 893 1148 dixi,
930 1109 992 1140 has
1022 1116 1053 1140 et
1073 1109 1161 1139 simi-

167 1155 219 1187 les
243 1156 426 1187 sententias·
458 1155 500 1185 de
529 1154 755 1192 invocatione,
780 1152 958 1195 diligenter
981 1162 1162 1194 excerpen—

168 1201 230 1232 das
254 1209 344 1237 esse,
380 1198 458 1239 quia
482 1196 579 1228 simul
598 1198 738 1234 docent,
773 1198 847 1238 quis
868 1197 910 1227 sit
933 1195 1091 1234 Messias,
1129 1201 1161 1227 et

169 1241 420 1274 consolationes
445 1241 658 1272 necessarias
682 1240 779 1271 nobis
803 1246 1003 1281 proponunt.

255 1320 339 1351 Post
361 1318 445 1350 haec
470 1318 658 1350 testimonia
672 1318 714 1349 ab
729 1317 903 1348 effectibus
929 1324 1050 1355 sumta,
1077 1328 1162 1358 quae

169 1363 246 1405 quia
267 1363 491 1404 proprietates
517 1362 698 1399 continent,
717 1359 780 1392 soli
804 1361 936 1392 divinae
961 1367 991 1391 et
1015 1360 1161 1391 infinitae

168 1411 309 1438 naturae
332 1405 539 1443 tribuendas,
563 1405 670 1436 minus
692 1403 889 1435 labefactari
913 1409 1068 1444 possunt,
1104 1404 1161 1434 ad-

169 1450 265 1481 datur
299 1454 332 1480 et
367 1459 409 1480 ex
444 1447 581 1479 Psalmo
613 1448 762 1479 secundo
798 1458 865 1478 vox
889 1449 1014 1479 aeterni
1039 1447 1160 1485 Patris,

168 1492 242 1536 Ego
265 1492 365 1524 hodie
388 1492 488 1534 genui
507 1497 551 1530 te,
575 1497 607 1523 et
630 1491 813 1522 illustretur
838 1490 902 1521 hoc
926 1491 1059 1525 dictum,
1093 1489 1161 1521 col-

168 1535 246 1568 latis
269 1536 480 1574 testimoniis,
505 1545 591 1577 quae
616 1540 693 1566 sunt
716 1535 749 1565 in
772 1535 962 1566 narratione
992 1533 1162 1569 iohannis,

170 1581 226 1612 ubi
248 1578 392 1611 Messias
417 1579 618 1611 discernitur
642 1589 662 1609 a
686 1578 828 1610 caeteris
853 1577 940 1610 filiis.
1005 1577 1162 1608 Nomina-

168 1629 222 1655 tur
246 1623 333 1654 enim
356 1623 557 1664 unigenituS,
583 1622 707 1653 caeteri
730 1628 841 1652 autem
871 1620 1082 1663 adpellantur
1105 1620 1163 1652 filii

168 1667 359 1708 adoptione.
428 1665 510 1697 Cum
539 1666 638 1707 igitur
672 1664 818 1696 Messias
850 1665 894 1696 sit
917 1671 1037 1696 natura
1061 1663 1161 1705 filius,

167 1720 312 1742 necesse
345 1715 398 1741 est
432 1710 474 1740 de
507 1709 695 1740 substantia
735 1707 846 1739 Patris
886 1709 1033 1749 genitum
1074 1718 1161 1739 esse.

169 1753 256 1785 Hinc
289 1753 502 1794 perspicuum
537 1758 588 1784 est
621 1752 746 1783 dictum
781 1750 906 1782 Psalmi
941 1751 1162 1782 enarrandum

168 1807 248 1829 esse
277 1797 318 1828 de
353 1796 568 1838 generatione
602 1793 678 1834 filii,
713 1805 778 1837 qua
806 1805 886 1826 vere
909 1805 949 1826 ex
974 1795 1162 1826 substantia

167 1840 279 1872 Patris
302 1841 435 1882 genitus
461 1845 524 1870 est.
570 1838 644 1881 Ego
668 1838 780 1876 hodie,
805 1838 838 1868 id
862 1844 932 1876 est,
962 1840 1004 1869 ab
1023 1844 1161 1869 aeterno

168 1884 269 1926 genui
302 1889 354 1922 te,
377 1882 518 1921 scilicet,
541 1892 622 1915 vera
646 1882 885 1925 generatione,
922 1882 964 1914 de
986 1892 1061 1914 mea
1084 1883 1162 1914 sub-

168 1927 300 1960 stantia.

255 2039 429 2071 Hactenus
452 2039 642 2071 testimonia
665 2039 820 2070 recensui
846 2048 887 2069 ex
910 2038 1016 2069 veteri
1046 2043 1080 2069 et
1101 2048 1161 2070 no-

168 2094 211 2116 vo
230 2082 458 2121 Testamento,
483 2093 570 2124 quae
592 2081 769 2114 adfirmant
791 2081 907 2113 Filium
920 2081 984 2113 Dei
1008 2082 1161 2124 unigeni-

168 2133 249 2166 tum,
274 2127 330 2168 qui
352 2136 390 2158 se
412 2126 570 2168 patefecit
593 2126 709 2168 generi
732 2126 889 2163 humano,
925 2126 1080 2157 adsumta
1103 2137 1160 2158 na-

167 2176 244 2203 tura
265 2169 412 2202 humana
435 2180 476 2201 ex
499 2170 630 2211 virgine
652 2168 776 2208 Maria,
807 2176 839 2201 et
869 2169 989 2201 dicitur
1015 2169 1104 2209 λόγος
1128 2175 1161 2201 et

168 2214 278 2256 imago
313 2214 439 2245 aeterni
473 2213 594 2252 Patris,
629 2223 709 2245 vere
739 2214 781 2244 de
815 2213 1005 2244 substantia
1032 2213 1159 2245 aeterni

167 2258 279 2289 Patris
301 2263 414 2289 natum
435 2267 530 2295 esse,
565 2262 598 2289 et
626 2263 746 2289 natura
769 2256 880 2288 Deum
899 2262 931 2288 et
954 2257 1158 2298 omnipoten-

167 2306 233 2333 tem
264 2311 353 2332 esse.
410 2299 494 2332 Cum
523 2306 634 2332 autem
657 2305 727 2332 tota
748 2300 834 2332 haec
851 2301 1016 2332 sententia
1039 2299 1158 2342 procul

167 2350 262 2377 extra
283 2343 448 2375 humanae
471 2344 608 2376 rationis
644 2350 862 2386 conspectum
896 2345 1006 2386 posita
1029 2345 1090 2382 sit,
1125 2350 1158 2376 et

166 2388 334 2420 humanae
362 2388 481 2421 rationi
503 2387 590 2420 haec
613 2386 713 2419 valde
735 2389 883 2420 absurda
906 2394 938 2419 et
960 2394 1045 2419 tetra
1067 2388 1157 2420 vide-

167 2437 277 2470 antur,
300 2431 410 2462 Deum
429 2441 602 2473 generare,
627 2437 659 2463 et
680 2430 794 2473 plures
818 2442 895 2463 esse
918 2442 1082 2474 personas
1102 2442 1156 2464 co-

167 2481 323 2508 aeternas
357 2482 391 2506 et
425 2475 687 2517 omnipotentes,
720 2486 862 2508 necesse
896 2483 948 2508 est
981 2475 1157 2517 diligenter

167 2519 292 2551 erudiri
315 2524 348 2550 et
369 2519 488 2550 muniri
509 2525 637 2550 mentes
661 2519 701 2551 de
726 2529 762 2551 re
784 2525 888 2552 tanta.
934 2520 1007 2551 Nec
1030 2525 1157 2551 tantum

166 2561 332 2594 humanae
354 2563 492 2594 rationis
515 2561 726 2594 imbecillitas
760 2574 820 2605 per
854 2574 931 2596 sese
956 2564 1158 2607 cogitatione

167 2606 216 2638 rei
238 2611 351 2638 tantae
383 2607 555 2646 turbatur,
587 2607 650 2638 sed
684 2607 781 2640 etiam
813 2607 979 2640 Diabolus
1000 2609 1076 2640 odio
1100 2606 1157 2640 filii

322 2674 472 2696 MELANTH.
482 2661 568 2698 ’OPEK
582 2676 646 2697 VOL.
662 2677 746 2696 xxxn.

807 119 864 152 IV.
887 118 1149 152 ENARRATIO
1178 120 1380 153 SYMBOLI
1406 121 1566 154 NICENI.

2139 124 2205 157 226

1213 215 1279 248 Dei
1301 217 1407 248 irritat
1428 216 1516 250 levia
1538 218 1684 260 ingenia,
1708 224 1743 249 ut
1767 219 1942 260 opiniones
1963 219 2112 260 gignant,
2136 230 2204 252 am-

1213 259 1420 301 plectantur,
1466 267 1499 292 et
1541 267 1703 304 spargant
1743 261 2005 294 contumeliosas
2038 264 2204 295 adversus

1214 303 1335 342 Deum,
1360 310 1392 335 ct
1411 311 1467 336 aut
1490 305 1601 345 palam
1624 305 1780 336 abiiciunt
1799 305 2040 346 Prophetarum
2059 312 2092 337 et
2115 306 2205 348 Apo-

1214 346 1379 378 stolorum
1402 348 1601 387 doctriuam,
1625 354 1661 380 ut
1683 347 1762 380 fecit
1784 348 1967 388 Mahomet,
1994 355 2051 381 aut
2069 348 2206 382 eludant

1214 401 1296 422 vera
1319 391 1518 423 testimonia.

1301 468 1478 500 Adversus
1502 469 1566 500 hos
1591 469 1781 500 horrendos
1805 468 1938 501 furores
1962 471 2103 512 primum
2126 482 2207 504 vera

1214 512 1367 543 doctrina
1391 513 1589 543 muniendae
1609 520 1687 544 suut
1711 520 1855 551 mentes,
1890 514 2008 545 deinde
2033 521 2065 545 et
2084 514 2208 557 singuli

1214 555 1363 586 adsiduis
1395 562 1427 587 et
1462 557 1655 587 ardentibus
1690 558 1777 587 votis
1800 564 1951 598 petamus
1974 558 2046 600 regi
2069 565 2207 590 nostias

1214 604 1343 630 mentes
1367 610 1387 631 a
1410 599 1496 638 Deo,
1515 610 1557 631 ne
1580 598 1813 642 languefactae
1836 601 1988 632 amittant
2019 612 2135 633 veram
2158 602 2194 633 lu

1217 653 1299 674 cem.

1302 720 1452 762 Utroque
1475 726 1585 752 autem
1610 729 1733 762 genere
1756 722 2020 753 testimoniorum
2041 733 2105 754 nos
2129 733 2208 754 con-

1215 763 1397 803 firmemus,
1421 764 1685 796 videlicetdictis
1706 765 1915 806 propheticis
1940 771 1973 796 et
1984 765 2207 807 Apostolicis,

1215 814 1246 838 et
1270 808 1388 839 deinde
1412 819 1493 839 vero
1519 814 1551 839 et
1575 808 1741 839 constanti
1762 819 1931 840 consensu
1959 810 2078 840 veteris
2090 809 2209 841 Eccle-

1215 852 1296 890 siae,
1321 862 1408 893 quae
1432 853 1609 893 perspicue
1632 852 1785 882 adfirmat
1813 852 1864 884 his
1888 853 1987 884 tantis
2014 859 2207 885 controver-

1214 895 1273 925 siis
1298 896 1448 937 agitatis,
1485 896 1534 926 sic
1561 894 1726 926 intellecta
1751 906 1828 926 esse
1852 895 2094 938 Apostolorum
2118 897 2208 928 testi-

1213 939 1334 977 monia,
1359 946 1388 969 et
1414 940 1456 969 ab
1475 939 1557 980 ipsis
1581 938 1768 981 Apostolis,
1794 946 1824 970 et
1850 940 1890 970 ab
1916 950 2031 971 eorum
2054 941 2210 972 auditori—

1214 983 1278 1013 bus
1318 981 1460 1013 fideliter
1502 982 1589 1014 hanc
1629 983 1827 1014 sententiam
1863 983 1955 1014 initia
1990 990 2210 1026 propagatam

1215 1036 1290 1057 esse
1324 1037 1385 1067 per
1418 1027 1581 1067 probatos
1602 1027 1772 1064 doctores,
1806 1032 1842 1057 ut
1877 1037 1980 1068 supra
2004 1028 2044 1058 de
2068 1027 2209 1059 Irenaeo

1215 1075 1248 1100 et
1273 1068 1440 1111 Gregorio
1465 1070 1747 1101 Neocaesariensi
1773 1070 1923 1102 diximus,

1302 1147 1429 1178 Horum
1461 1146 1646 1179 clarissima
1678 1155 1706 1179 ct
1736 1149 2007 1180 constantissima
2031 1149 2211 1180 adsevera-

1214 1192 1260 1222 tio
1284 1201 1347 1221 nos
1372 1202 1504 1233 quoque
1529 1191 1713 1222 confirmat.
1764 1192 1823 1222 Est
1849 1193 1935 1222 enim
1956 1193 2122 1223 audienda
2145 1191 2209 1224 Ec-

1216 1233 1330 1273 clesia,
1367 1236 1427 1265 sed
1447 1242 1570 1271 tamen,
1608 1242 1639 1266 ut
1665 1245 1766 1276 supra
1787 1236 1871 1273 dixi,
1908 1235 1993 1266 fides
2018 1236 2050 1266 in
2074 1236 2208 1267 iuvoca-

1215 1278 1304 1308 tione
1319 1278 1442 1316 nititur,
1466 1278 1690 1309 mmhumana
1714 1281 1902 1313 auton-hate,
1926 1280 1986 1310 sed
2010 1280 2084 1320 ipso
2106 1280 2209 1311 verbo

1215 1321 1290 1352 Dei.
1338 1321 1449 1357 Quare
1473 1332 1616 1353 neeesse
1641 1329 1704 1359 est,
1729 1333 1861 1363 semper
1885 1323 1981 1354 etiam
2006 1324 2117 1364 aliqua
2136 1333 2211 1364 per-

1216 1366 1331 1405 spicua
1356 1373 1388 1395 et
1412 1366 1506 1396 firma
1537 1366 1725 1396 testimonia
1758 1376 1797 1396 ex
1832 1366 1966 1407 scriptis
2002 1366 2210 1406 Apo-stolicis

1216 1407 1402 1449 complecti,
1429 1407 1541 1450 qualia
1565 1415 1642 1439 sunt
1666 1410 1753 1449 apud
1774 1408 1951 1440 Iohannem
1974 1412 2088 1447 inulta,
2125 1420 2211 1451 quae

1216 1452 1348 1493 quidem
1373 1453 1478 1494 magis
1504 1453 1601 1482 etiam
1626 1452 1804 1493 perspicua
1828 1461 1905 1484 sunt.
1930 1454 2084 1484 caeteris.
2113 1453 2210 1485 Post-

1216 1506 1315 1536 quam
1349 1495 1433 1526 haec
1468 1494 1682 1527 Fundamenta
1720 1497 1899 1527 constituta
1934 1503 2021 1530 sunt,
2052 1496 2210 1528 diluenda

1216 1545 1294 1570 sunt
1317 1540 1497 1581 praecipua
1523 1545 1721 1582 argumenta
1745 1550 1830 1581 quae
1855 1540 2066 1572 obiiciantur.

1581 1720 1845 1752 REFUTATIO.

1302 1825 1339 1857 ln
1362 1825 1427 1857 hac
1446 1831 1541 1867 parte
1564 1826 1729 1857 hacteuus
1752 1836 1895 1857 necesse
1918 1824 1978 1857 fuit
2002 1826 2066 1857 dici
2090 1827 2131 1858 de
2154 1837 2210 1858 na-

1214 1876 1290 1902 tura
1313 1871 1427 1901 divina
1450 1869 1525 1900 Filii
1548 1869 1623 1901 Dei.
1670 1869 1759 1901 Infra
1791 1871 1833 1901 de
1863 1870 2072 1901 adsumtione
2095 1867 2210 1902 huma-

1214 1924 1279 1945 nae
1297 1920 1437 1945 naturae
1461 1912 1557 1954 plura
1582 1914 1721 1945 dicenda
1746 1920 1851 1947 crunt,
1875 1914 1931 1945 ubi
1950 1913 2105 1944 fortassis
2120 1924 2209 1945 com·

1214 1958 1346 1989 modius
1371 1963 1462 1989 esset
1488 1956 1614 1989 diluere
1639 1964 1848 1999 argumenta,
1879 1968 1964 1999 quae
1988 1964 2106 1989 contra
2129 1957 2210 1989 divi-

1214 2012 1291 2032 nam
1315 2007 1468 2033 naturam
1492 1999 1563 2032 Filii
1588 2002 1805 2040 obiiciuntur,
1841 2012 1882 2032 ex
1912 2002 1951 2032 iis
1977 2012 2062 2043 quae
2087 2011 2210 2033 conve-

1214 2046 1308 2076 niunt
1342 2046 1506 2077 humanae
1544 2052 1694 2083 naturae,
1732 2051 1764 2076 et
1799 2045 2014 2076 admirandae
2043 2045 2207 2084 servituti,

1215 2100 1314 2131 quam
1338 2090 1438 2120 subiit
1461 2095 1495 2120 ut
1520 2088 1613 2120 fieret
1638 2090 1782 2120 victima.
1835 2089 1902 2120 Sed
1921 2095 2032 2120 tamen
2055 2088 2110 2119 hic
2136 2089 2208 2120 bre-

1214 2133 1300 2165 viter
1334 2144 1374 2164 ea
1410 2131 1683 2173 complectemur,
1707 2139 1742 2163 ut
1766 2134 1856 2164 veris
1880 2133 2097 2170 testimoniis,
2121 2142 2208 2173 quae

1212 2177 1277 2208 iam
1301 2178 1440 2208 recitata
1463 2183 1552 2215 sunt,
1576 2176 1700 2207 Lector
1723 2181 1836 2207 teneat
1858 2176 2009 2218 proxime
2033 2177 2207 2207 adiunctas

1212 2219 1434 2252 refutationes
1460 2221 1714 2252 contrariorum.
1763 2220 1899 2262 Aliquid
1924 2220 2010 2252 enim
2036 2219 2124 2250 lucis
2149 2221 2206 2250 ad-

1210 2263 1323 2296 ferunt
1358 2264 1435 2295 huic
1469 2264 1641 2296 doctrinae
1672 2266 1713 2296 de
1743 2275 1779 2297 re
1816 2264 1963 2296 omnium
1996 2264 2140 2295 maxima
2173 2268 2208 2295 et

1212 2309 1422 2351 gravissima.

1296 2395 1409 2427 Prima
1443 2396 1588 2427 obiectio
1620 2402 1689 2434 est,
1724 2405 1811 2437 quae
1846 2395 1999 2426 omuibus
2029 2395 2062 2426 in
2086 2393 2204 2426 oculos·

1210 2440 1370 2478 occurrit,
1395 2446 1428 2471 et
1450 2440 1593 2471 maxime
1615 2440 1745 2471 videtur
1767 2436 1973 2471 labefactare
2005 2439 2205 2470 sententiam

1209 2484 1252 2516 de
1275 2484 1446 2516 divinitate
1465 2482 1548 2515 Filii.

1237 2592 1396 2634 Natura
1428 2591 1566 2633 divina
1598 2607 1673 2633 nec
1705 2592 1859 2647 patitur
1890 2605 1966 2632 nec
1998 2589 2178 2641 moritur,

2014 2667 2044 2691 15
