2383 2990
177 124 243 157 609
616 120 674 152 vl.
698 119 759 152 DE
783 118 1000 150 ECCLESIA
1023 116 1079 148 ET
1102 116 1164 148 DE
1183 115 1472 148 AUTORtTATE
1495 115 1633 147 VERBI
1657 115 1744 147 DEI.
2145 116 2211 148 610

171 221 262 251 dant.
330 218 481 259 Apparet
499 215 631 258 aliquos
657 220 866 247 crescentem
893 213 1163 255 superstitionem
1187 213 1192 260 ᾗ
1261 211 1322 243 DE
1353 210 1712 244 ECCLESIASTICIS
1744 209 2068 242 SCRIPTORIBUS
2092 209 2167 241 VE-

170 265 203 295 iu
227 260 319 295 cultu
342 261 544 292 Sanctorum
567 259 719 291 voluisse
743 259 932 300 prohibere.
1187 264 1192 338 Ι
1623 253 1789 286 TUSTIS.

259 348 418 391 Synodus
443 346 722 388 Carthaginensis
736 355 824 377 anno
846 344 919 375 457.
944 343 1012 384 egit
1035 343 1076 374 de
1089 352 1164 383 pro·
1305 341 1347 372 Hi
1372 352 1506 384 quoque
1531 342 1618 373 bene
1641 341 1746 372 meriti
1771 346 1865 379 sunt,
1900 341 2096 382 praesertim
2132 351 2212 382 qua-

174 393 352 425 vocatione
375 391 631 432 Episcoporum.
679 389 849 420 Romanus
870 386 1026 418 Pontifex
1047 391 1164 426 postu·
1187 415 1192 438 ,
1217 390 1315 415 tenus
1341 392 1417 416 suut
1437 392 1543 416 testes
1567 386 1690 416 veteris
1715 391 1747 416 et
1771 385 1899 425 primae
1921 382 2097 415 Ecclesiae
2121 384 2212 424 Apo-

170 436 264 474 lavit‚
287 441 323 467 ut
346 435 588 466 concederetur
600 433 809 475 provocatio,
829 432 1019 472 ubicunque
1043 428 1163 470 aliquis
1218 426 1393 459 stolorum.
1462 428 1668 460 Confirmant
1704 429 1791 459 enim
1825 437 1886 459 nos
1922 437 1986 458 suo
2011 427 2212 465 testimonio,

172 480 216 512 ad
240 479 425 511 Romanum
449 483 684 520 provocasset,
708 476 812 517 quue
825 481 859 505 ut
873 474 1051 511 obtineret,
1076 483 1164 504 com·
1187 449 1193 500 i
1217 470 1271 502 De
1293 470 1465 509 Trinitate,
1497 471 1549 503 De
1579 472 1706 503 naturis
1729 472 1762 502 in
1788 471 1936 507 Christo,
1970 470 2023 502 De
2047 471 2212 512 baptismo

172 523 261 555 misit
284 521 418 560 salsum,
438 522 553 553 citavit
576 519 842 551 commenticium
866 518 1049 555 decretum,
1074 515 1165 557 quod
1218 513 1392 553 infantum,
1426 514 1479 546 De
1503 526 1566 546 usu
1591 525 1717 546 coenae
1743 513 1890 552 Domini,
1926 513 1979 545 De
2004 514 2215 545 ordinatione

172 565 363 598 affirmabat
382 566 415 596 in
438 575 512 596 eam
535 563 734 595 sententiam
765 562 887 593 editum
911 570 988 591 esse
1012 561 1043 591 in
1066 559 1166 590 Nice·
1219 558 1454 597 ministrorum,
1477 558 1529 590 De
1555 559 1710 600 coniugio
1735 559 1979 596 ministrorum,
2003 557 2057 589 De
2080 569 2143 589 usu
2167 558 2215 588 in-

172 620 216 641 na
250 610 399 651 Synodo.
468 607 594 639 Postea
635 617 677 637 ex
719 603 1011 645 Constantinopoli
1055 602 1166 645 petitis
1220 601 1451 640 differentium,
1475 601 1528 632 De
1551 603 1754 643 poenitentia
1778 600 1961 643 lapsorum.
2008 600 2061 632 De
2086 602 2138 632 his
2163 612 2215 632 ar-

174 652 336 694 exemplis
357 649 567 694 deprehensa
590 656 641 682 est
664 650 808 686 vanitas,
832 655 864 679 et
888 649 1063 688 repudiata
1086 646 1166 687 peti·
1219 643 1329 676 ticulis
1354 646 1507 678 omnibus
1532 646 1676 676 citantur
1700 644 1928 680 memorabilia
1952 643 2106 686 exempla
2125 644 2216 686 Apo-

173 697 219 728 tio
243 696 386 727 Romani
411 694 593 727 Pontificis.
664 692 747 724 Huic
767 692 903 734 Synodo
927 689 1075 723 interfuit
1098 690 1167 722 Au-
1219 687 1394 727 stolorum,
1419 699 1504 731 quae
1527 690 1627 719 nobis
1651 689 1913 730 patrocinantur.

174 740 339 783 gustinus.
386 737 523 770 Talibus
542 736 691 769 artificiis
716 736 856 767 Romani
874 735 1055 766 Pontifices
1080 734 1166 765 viam

174 784 238 815 sibi
262 783 304 814 ad
328 783 504 824 primatum
528 786 735 812 struxerunt.
781 779 854 810 Hoc
886 776 1073 820 exemplum
1096 786 1166 808 mo·
1308 774 1486 806 Caeterum
1521 773 1710 816 Scriptores
1741 774 1797 806 alii
1821 775 1853 805 in
1878 772 1951 805 aliis
1975 774 2121 806 materiis
2146 772 2216 806 fue-

173 832 240 865 net,
263 836 305 857 nc
328 827 373 857 ita
396 826 551 857 miremur
575 824 821 866 antiquitatem,
856 828 892 854 ut
915 833 987 854 eam
1012 820 1166 853 omnibus
1220 824 1296 850 runt
1331 817 1574 860 diligentiores,
1606 825 1650 857 et,
1681 824 1715 849 ut
1740 824 1790 849 est
1816 817 2007 855 lnnnanum,
2043 828 2145 859 saepe
2169 818 2216 849 in-

173 871 262 902 vitiis
282 869 473 901 liberemus,
1190 859 1195 873 ¹
1222 863 1434 894 considerate
1459 862 1629 893 effundunt
1655 862 1821 893 absurdas
1845 868 1877 892 et
1896 860 2003 892 falsas
2016 862 2215 899 sententias,

1221 916 1306 948 quas
1330 906 1487 937 admoniti
1502 905 1592 937 haud
1606 906 1703 937 dubie
1729 904 1859 936 fuerant
1885 906 2080 936 correcturi.
2106 904 2216 946 Saepe

262 953 537 996 Carthaginensis
573 958 703 994 quarta,
740 952 909 982 decretum
946 950 1091 982 continet
1125 950 1167 981 de
1191 984 1195 987 ,
1222 960 1296 981 cum
1320 959 1388 980 nou
1412 947 1496 980 male
1521 950 1695 987 sentirent,
1721 955 1829 980 tamen
1853 959 1921 979 non
1945 949 2027 979 satis
2041 949 2218 990 perspicue

173 999 364 1041 precatione
387 1004 419 1028 et
442 995 611 1029 oblatione
624 1007 684 1036 pro
697 994 835 1026 mortuis
855 994 907 1025 his
927 994 1059 1025 verbis:
1084 993 1167 1024 Poe·
1222 993 1336 1024 dicere
1371 999 1563 1034 potuerunt,
1598 993 1688 1034 quod
1715 991 1882 1023 volebant.
1951 994 2057 1033 Saepe
2081 999 2219 1034 propter

174 1043 330 1079 nitenteS,
355 1042 410 1083 qui
434 1040 612 1082 diligenter
625 1045 802 1071 servarunt
814 1037 971 1069 Canones
995 1037 1168 1079 poeniten·
1222 1043 1407 1078 temporum
1433 1037 1707 1067 consuetudinem
1730 1042 1929 1078 praesentes
1950 1036 2146 1066 traditiones
2160 1036 2217 1067 du-

174 1087 251 1123 tiae,
287 1085 315 1116 si
351 1095 435 1116 casu
457 1084 640 1115 moriantur
664 1090 740 1113 ante
766 1081 1043 1119 communionem,
1079 1091 1168 1112 com·
1221 1081 1290 1111 rius
1327 1078 1557 1111 defenderunt.
1624 1078 1765 1121 Aliquas
1790 1080 1888 1110 etiam
1911 1078 2016 1110 falsas
2041 1080 2218 1120 opiniones

173 1129 349 1161 mendetur
373 1139 489 1160 eorum
513 1127 672 1158 memoria
695 1126 947 1167 precationibus
973 1131 1004 1155 et
1029 1123 1168 1155 oblatio·
1220 1124 1385 1155 interdum
1409 1123 1608 1155 habuerunt.
1662 1122 1774 1158 Quare
1797 1133 1864 1153 non
1885 1129 1961 1154 sunt
1987 1123 2059 1153 sine
2083 1122 2219 1154 delectu

174 1173 285 1204 nibus.
332 1170 391 1203 llla
414 1178 508 1202 aetas
532 1170 678 1201 nondum
703 1170 845 1200 babebat
866 1169 1014 1210 privatas
1028 1167 1167 1206 Missas,
1222 1168 1332 1198 onmia
1357 1167 1493 1198 Patrum
1517 1167 1644 1208 scripta
1667 1167 1853 1208 probanda,
1880 1173 1911 1197 et
1924 1176 2025 1207 saepe
2044 1167 2107 1207 ipsi
2132 1168 2219 1197 inter

175 1216 236 1247 sed
259 1222 369 1247 tamen
394 1213 552 1256 paulatim
576 1214 768 1255 superstitio
794 1218 957 1243 creverat.
1022 1211 1083 1243 Hic
1105 1210 1168 1242 Ca·
1223 1221 1300 1242 sese
1336 1217 1496 1253 pugnant,
1530 1221 1592 1242 nec
1618 1221 1729 1241 rarum
1753 1217 1804 1241 est
1829 1210 2008 1241 dissentire
2032 1209 2174 1252 aliquem
2199 1220 2219 1241 a

174 1270 243 1291 non
279 1270 345 1290 non
380 1258 495 1299 recipit
531 1264 701 1295 mortuos,
736 1257 799 1287 nisi
823 1255 1001 1298 diligenter
1024 1255 1168 1286 servatis
1192 1270 1196 1278 ι
1222 1264 1260 1285 se
1284 1255 1369 1295 ipso.
1439 1254 1551 1290 Quare
1580 1254 1738 1285 iudicium
1769 1263 1846 1285 esse
1871 1255 1968 1285 debet
1998 1263 2103 1295 penes
2127 1253 2218 1295 Apo-

174 1304 294 1334 ritibus
318 1302 553 1344 poenitentiae.
600 1301 679 1332 Item
703 1300 794 1332 addit
818 1310 943 1331 morem
968 1299 1009 1330 de
1030 1297 1169 1330 oblatio·
1192 1288 1197 1343 Ι
1222 1297 1376 1329 stolicam
1400 1299 1617 1340 scripturam:
1642 1298 1710 1329 Sed
1733 1298 1874 1328 subiicio
1899 1295 2060 1338 exempla.

173 1347 284 1378 nibus.

263 1431 436 1464 Tractavit
472 1441 610 1462 causam
635 1430 868 1472 gravissimam
893 1429 1050 1472 Synodus
1075 1427 1197 1460 Mile—¹

175 1477 300 1515 vitana,
336 1476 389 1507 cui
425 1473 573 1506 interfuit
597 1474 821 1516 Augustinus,
851 1480 883 1504 et
908 1480 999 1505 recte
1024 1471 1171 1503 defendit
1189 1464 1197 1479 ⁸

174 1520 263 1562 piam
288 1520 475 1551 doctrinam
498 1519 540 1550 de
563 1523 705 1560 peccato
731 1516 903 1559 originali,
940 1518 981 1548 de
1006 1517 1115 1559 gratia
1139 1521 1171 1547 et

176 1564 217 1595 de
252 1562 498 1594 iustificatione.
567 1561 676 1592 Habet
711 1567 741 1591 et
778 1560 912 1603 politica
937 1561 1112 1603 quaedam,
1136 1560 1171 1590 in

175 1607 296 1649 quibus
320 1606 404 1637 haec
429 1611 505 1637 sunt
528 1603 767 1636 memorabilia.
834 1604 935 1636 Vetat
958 1603 1170 1645 provocatio-

174 1660 251 1683 nem
273 1650 325 1682 ad·
347 1650 590 1681 transmarinos
622 1648 822 1690 Episcopos.
892 1648 964 1679 Hoc
1000 1649 1170 1679 decretum

174 1704 264 1726 nunc
288 1703 330 1725 ne
352 1692 524 1724 Romanus
549 1692 681 1734 quidem
705 1692 860 1722 Pontifex
884 1692 1062 1733 reciperet.
1105 1690 1170 1722 Ve-

175 1743 223 1768 tat
247 1738 325 1768 item
350 1738 392 1767 ab
417 1736 624 1777 Imperator-e
648 1735 714 1775 peti
739 1734 870 1766 Iudices
884 1745 951 1766 non
970 1735 1170 1776 Episcopos.

176 1780 213 1811 Id
236 1779 304 1811 illis
328 1780 533 1820 temporibus
559 1779 780 1819 congruebat,
815 1789 904 1810 nunc
928 1785 1019 1810 esset
1043 1778 1169 1809 durum.

176 1823 229 1855 De
254 1824 396 1855 divortio
421 1823 519 1854 etiam
539 1822 663 1860 sanxit,
684 1832 725 1852 ne
744 1832 889 1863 persona
913 1822 1076 1853 innocens
1100 1832 1171 1852 rur-

177 1877 236 1899 sus
261 1865 439 1898 contrahat
463 1866 718 1903 matrimonium,
739 1872 769 1897 et
783 1866 872 1896 addit
891 1866 1069 1907 petendum
1082 1875 1170 1903 esse,

176 1916 212 1942 ut
246 1910 428 1952 Imperator
463 1909 573 1952 legem
608 1910 638 1940 in
675 1919 747 1940 eam
772 1910 970 1940 sententiam
993 1909 1089 1940 serat.
1135 1908 1171 1939 Id
1313 1907 1491 1939 Caeterum
1526 1908 1659 1939 miscuit
1693 1907 1764 1938 suis
1800 1907 1934 1947 scriptis
1966 1905 2089 1938 multas
2112 1904 2219 1937 falsas

177 1964 312 1996 quoque
336 1954 451 1985 durius
472 1960 535 1985 est.
581 1952 667 1985 Nam
691 1952 818 1984 Romae
842 1951 981 1984 Fabiola
1006 1953 1171 1984 contraxit
1225 1958 1256 1983 et
1282 1952 1447 1983 absurdas
1472 1952 1669 1989 sententias,
1693 1961 1832 1993 quarum
1845 1949 1977 1992 aliquas
1992 1951 2090 1981 etiam
2114 1950 2219 1991 ipsius

176 1996 265 2030 aliud
291 1997 503 2036 connubium,
527 2004 563 2029 ut
587 2004 725 2038 apparet
745 2007 786 2028 ex
810 1996 1027 2038 Hieronymo.
1224 2001 1317 2027 aetas
1340 1995 1550 2036 improbavit.
1597 1995 1706 2037 Fingit
1730 2002 1806 2025 ante
1831 1994 1917 2025 hunc
1941 1994 2099 2025 mundum
2112 1992 2219 2025 fuisse

1223 2038 1337 2081 plures
1362 2038 1518 2078 mundos,
1552 2038 1660 2080 Fingit
1685 2037 1907 2069 Diabolorum
1932 2044 1963 2068 et
1988 2038 2219 2069 damnatorum

263 2083 314 2115 Ea
348 2084 507 2126 Synodus
543 2083 719 2115 confirmat
754 2090 786 2114 et
826 2083 1096 2125 superstitionem
1130 2083 1171 2115 de
1224 2093 1353 2124 poenas
1388 2089 1584 2114 cessaturas
1619 2092 1711 2114 esse.
1759 2081 1852 2113 Haec
1876 2082 1981 2123 ipsius
2006 2087 2101 2112 aetas
2121 2081 2220 2112 etiam

176 2128 282 2166 votis,
324 2128 480 2159 concedit
520 2127 627 2159 velari
668 2127 815 2169 virgines
858 2134 934 2158 ante
970 2127 1171 2169 vigesimum
1223 2127 1451 2169 reprehendit.

176 2172 326 2213 quintum
361 2181 483 2203 annum
516 2176 633 2202 eontra
657 2178 791 2202 veteres
822 2170 991 2202 Canones.
1060 2169 1170 2206 Quan-

177 2225 278 2257 quam
312 2215 412 2256 igitur
446 2215 487 2246 de
511 2215 665 2245 doctrina
689 2212 909 2245 tolerabiliter
933 2214 1171 2255 pronuntiavit,
1311 2214 1345 2245 In
1369 2212 1465 2244 Rom.
1489 2218 1638 2244 tractans
1662 2211 1749 2243 hanc
1767 2212 2043 2253 propositionem,
2068 2210 2149 2243 Fide
2172 2211 2219 2243 iu-

177 2265 288 2290 tamen
321 2264 443 2299 postea
477 2258 642 2289 accedunt
676 2255 806 2298 aliquae
831 2256 975 2298 stipulae
1000 2264 1030 2288 et
1056 2267 1171 2297 super·
1223 2256 1419 2294 sfificamur,
1444 2267 1511 2287 non
1532 2266 1571 2287 ex
1597 2256 1768 2296 operibus,
1793 2254 1947 2297 intelligit
1973 2265 2046 2286 eam
2069 2254 2143 2286 κατὰ
2167 2266 2218 2286 συ-

177 2302 332 2334 stitiosae
367 2302 637 2333 constitutiones
706 2299 818 2337 Quare
841 2311 909 2332 non
933 2301 1043 2332 omnia
1063 2300 1171 2342 Syno-
1223 2299 1376 2340 νεκδοχήν,
1400 2300 1465 2331 fide
1489 2309 1604 2331 sumus
1628 2300 1717 2337 iusti,
1738 2300 1769 2330 id
1790 2306 1853 2336 est9
1877 2298 2029 2341 perfecta
2045 2298 2110 2330 fide
2130 2309 2219 2329 com-

177 2346 296 2377 dorum
325 2345 460 2377 decreta
495 2345 568 2376 siue
592 2342 724 2376 delectu
758 2345 932 2386 probanda
955 2350 1044 2383 sunt,
1067 2351 1099 2375 et
1123 2350 1170 2375 ta-
1223 2343 1390 2386 plectente
1415 2353 1531 2375 omnes
1547 2344 1700 2381 virtutes,
1726 2342 1829 2384 quue
1842 2342 2002 2379 declarat,
2029 2342 2108 2373 dicit
2131 2342 2219 2373 idem

176 2399 252 2420 men
275 2387 447 2420 fatendum
471 2395 535 2426 est,
558 2388 631 2430 pias
644 2388 801 2430 Synodos
815 2389 901 2419 bene
924 2388 1059 2419 meritas
1080 2398 1169 2426 esse,
1222 2398 1326 2430 posse
1351 2388 1413 2419 dici
1433 2387 1474 2418 de
1499 2388 1641 2418 caeteris
1666 2387 1855 2417 virtutibus.
1903 2385 2136 2417 Misericordia
2160 2396 2216 2416 su·

178 2433 255 2474 quia
278 2431 409 2474 aliquos
434 2432 608 2464 doctrinae
621 2430 830 2463 Christianae
853 2430 1013 2463 articulos
1034 2441 1169 2462 conser-
1191 2414 1195 2465 i
1224 2442 1298 2463 mus
1322 2431 1417 2469 iusti,
1452 2429 1581 2462 scilicet
1604 2427 1767 2471 perfecta,
1793 2428 2036 2470 complectente
2061 2435 2217 2461 caeteras

177 2482 359 2514 vav-erunt,
394 2482 426 2507 et
461 2476 503 2507 de
525 2475 579 2507 his
603 2476 741 2517 prodest
763 2480 878 2508 tenere
901 2475 1116 2518 Synodorum
1138 2481 1172 2507 et
1224 2476 1377 2507 virtutes.
1444 2473 1518 2505 Hoc
1542 2473 1622 2505 nihil
1646 2472 1737 2504 aliud
1761 2479 1813 2504 est
1837 2474 1958 2511 dicere,
1989 2483 2090 2514 quam
2113 2472 2217 2504 homi-

178 2519 384 2562 antiquitatis
408 2520 642 2552 testimonium.
1224 2529 1284 2550 nes
1308 2525 1446 2560 propter
1469 2528 1573 2559 opera
1597 2523 1628 2548 et
1651 2522 1789 2558 propter
1823 2517 1963 2548 virtutes
1987 2526 2067 2548 suas
2090 2515 2218 2548 habere

1223 2563 1456 2594 remissionem
1489 2567 1714 2602 peccatorum,
1750 2566 1781 2591 et
1805 2561 1912 2592 iustos
1943 2570 2031 2598 esse,
2067 2559 2218 2602 Cumque

1223 2617 1292 2638 non
1315 2606 1477 2644 attendat,
1501 2605 1581 2647 quid
1604 2610 1684 2647 agat
1706 2602 1850 2643 Paulus,
1882 2603 1961 2646 quid
1983 2609 2083 2635 vocet
2105 2603 2216 2642 fidem,

2007 2665 2040 2689 39

1584 1483 1650 1523 De
1690 1482 1855 1537 origine.

1312 1601 1478 1644 Origenes
1514 1602 1621 1633 citans
1646 1599 1889 1643 Apostolorum
1924 1606 1957 1632 et
1981 1607 2130 1632 veterum
2156 1600 2220 1631 Ec-

1225 1645 1404 1677 clesiarum
1439 1644 1591 1686 exempla
1622 1651 1653 1676 et
1687 1645 1886 1682 sententias,
1922 1650 1973 1676 est
2008 1645 2104 1675 testis
2129 1643 2219 1675 utilis

1223 1690 1409 1731 posteritati
1445 1690 1486 1720 de
1517 1689 1641 1731 aliquot
1677 1688 1838 1726 articulis,
1875 1688 1927 1719 De
1950 1687 2129 1726 Trinitate,
2166 1687 2220 1719 De

1225 1735 1356 1765 duabus
1380 1734 1508 1764 naturis
1531 1734 1563 1764 in
1589 1732 1743 1771 Christo,
1778 1732 1831 1763 De
1857 1734 2021 1773 baptismo
2046 1730 2220 1770 infantum,

1223 1776 1277 1808 De
1312 1784 1454 1817 peceato
1491 1775 1655 1819 originali,
1690 1775 1743 1808 De
1767 1786 1831 1808 usu
1856 1786 1982 1808 coenae
2007 1775 2150 1812 Domini,
2187 1780 2220 1806 et

1225 1822 1266 1852 de
1288 1820 1362 1852 aliis
1387 1821 1597 1863 quibusdam.

335 2650 485 2670 MELAMTH.
502 2650 583 2669 OPER.
599 2650 664 2672 VOL.
679 2649 765 2669 xxm.
