2383 2990
181 108 242 139 207

181 203 264 233 siens
289 212 365 239 eos,
400 202 455 243 qui
490 202 667 232 detrahunt
689 200 899 231 autoritatem
921 200 1080 242 gradibus
1104 211 1163 243 gu-

180 246 393 276 bernatorum
423 250 454 276 et
489 244 673 282 eruditioni,
704 244 840 284 opponit
874 245 1041 275 contraria
1066 245 1164 276 etiam

179 287 259 319 nihil
293 289 336 319 ad
370 298 439 319 rem
469 287 632 318 facientia.
694 285 784 318 Nihil
806 286 886 318 facit
908 288 950 318 ad
973 298 1043 319 rem
1065 287 1163 320 locus

178 331 336 372 Episcopi
360 338 413 362 aut
439 330 676 372 Philosophiae
700 331 857 373 cognitio,
892 330 1013 370 Audio,
1049 332 1163 373 inquit,

179 374 247 406 Sed
271 375 366 405 etiam
391 373 472 404 nihil
495 373 572 405 facit
597 375 639 404 ad
663 384 733 405 rem
757 374 881 416 gradus
905 374 1036 406 infimus
1060 374 1162 406 homi-

177 419 229 448 nis
253 418 382 459 privati,
407 424 461 448 aut
485 417 615 448 inscitia
637 416 818 449 literarum.

264 511 449 553 Utrumque
472 522 552 543 vere
575 513 705 551 dicitur,
729 514 805 555 quia
828 513 883 544 hic
907 513 943 544 fit
966 514 1087 545 mentio
1112 525 1161 545 re—

176 567 259 593 rum,
284 565 368 597 quae
386 566 453 586 non
477 554 584 587 solum
609 567 675 587 non
699 556 926 598 principaliter
951 557 1162 598 requiruntur

176 600 208 630 in
227 599 346 636 iudice,
372 599 431 629 sed
455 600 552 630 etiam
575 610 642 631 non
655 601 867 641 requiruntur
886 601 1162 638 utinstrumenta,

175 652 237 673 seu
270 649 303 673 ut
340 652 462 673 causae
499 643 695 674 adiuvantes
730 644 837 675 minus
866 641 1087 685 principales,
1127 650 1163 675 ut

174 684 267 716 Deus
302 686 399 716 toties
434 686 606 727 praecipit,
640 693 674 718 ut
698 687 817 717 doctor
840 698 901 718 seu
924 688 1021 718 iudex
1045 688 1075 717 in
1100 686 1162 717 Ec-

176 728 279 760 clesia
315 729 357 760 sit
380 730 547 767 eruditus,
582 730 648 761 hoc
672 737 734 768 est,
759 737 849 762 recte
873 731 1021 761 didicerit
1040 730 1161 761 doctri-

173 783 250 804 nam
284 771 482 811 coelestem,
516 779 551 804 ut.
580 772 770 805 Malachiae
792 774 823 805 2.
848 774 972 816 Legem
996 774 1161 815 requiram

176 826 215 847 ex
240 826 298 847 ore
323 816 528 847 Sacerdotis.
574 816 613 847 Et
650 817 766 848 Matth.
810 817 857 848 13.
904 818 957 849 Sic
976 818 1035 847 erit
1053 817 1160 847 omnis

176 859 293 890 Scriba
319 860 447 890 doctus.
494 859 535 890 Et
558 861 601 891 ad
631 859 854 892 Timotheum:
898 860 1088 902 Episcopus
1119 861 1161 890 sit

174 903 314 934 idoneus
339 904 380 933 ad
405 903 600 934 docendum.
648 904 924 945 obtemperemus
949 904 1048 945 igitur
1071 913 1161 934 man-

174 946 259 977 datis
284 945 364 979 Dei.
400 955 432 977 et
466 957 664 988 quaeramus
688 957 730 977 ac
753 947 914 989 eligamus
938 948 1056 978 doctos
1080 947 1161 978 iudi-

176 1000 232 1020 ces
256 990 379 1030 potius,
403 1000 499 1031 quam
525 990 688 1020 indoctos.
734 991 819 1021 Nam
844 996 875 1021 et
894 991 1012 1021 horum
1029 989 1160 1032 aliquos

175 1031 300 1064 habere
320 1033 480 1074 Spiritum
500 1038 663 1070 sanctum,
687 1043 754 1064 non
780 1035 913 1065 dubium
936 1040 1005 1072 est,
1037 1034 1088 1064 Ac
1112 1032 1160 1063 lo-

175 1087 260 1118 quor
284 1077 324 1107 de
344 1077 451 1107 doctis
471 1077 502 1107 in
526 1075 693 1114 Ecclesia,
718 1077 784 1108 hoc
809 1084 868 1112 est,
891 1078 931 1108 de
955 1078 1005 1115 iis,
1031 1078 1085 1118 qui
1109 1087 1160 1107 re·

175 1126 227 1152 cte
252 1120 435 1151 didicerunt
458 1120 639 1150 doctrinam
665 1119 855 1159 coelestem,
886 1127 918 1151 et
941 1128 1052 1152 amant
1075 1121 1160 1151 veri-

173 1170 283 1201 tatem,
308 1171 346 1199 or
362 1164 450 1193 bono
470 1163 580 1193 studio
604 1164 769 1204 inquirunt
793 1174 877 1202 eam,
903 1171 934 1194 et
958 1163 1060 1206 longo
1084 1174 1158 1201 usu,

175 1214 206 1237 et
242 1207 413 1237 exercitiis
449 1205 536 1244 fidei,
570 1205 725 1238 aluerunt
750 1209 983 1241 eruditionem,
1019 1215 1051 1238 et
1075 1218 1160 1249 quos

175 1250 242 1280 vita
263 1250 404 1280 ostendit
425 1261 490 1280 non
504 1260 582 1281 esse
606 1250 810 1291 proplianos,
836 1258 891 1282 aut
904 1249 1089 1282 fascinatos
1106 1261 1159 1281 su-

174 1294 380 1334 perstitione.
447 1292 519 1324 Etsi
551 1294 636 1324 enim
666 1294 711 1335 pii
743 1300 775 1324 et
800 1295 888 1325 docti
912 1305 978 1325 non
1002 1294 1159 1325 admoniti

174 1347 288 1367 errare
311 1344 466 1377 possunt,
485 1344 595 1368 tamen
619 1343 710 1368 recte
733 1344 845 1378 potest
863 1337 1004 1369 Erasmo
1022 1348 1160 1379 respon-

175 1380 260 1411 deri:
295 1379 429 1421 Aliquid
459 1380 539 1411 facit
565 1380 605 1411 ad
625 1391 695 1412 rem
720 1382 865 1423 cognitio
890 1382 1061 1412 doctrinae
1085 1391 1160 1412 coe-

172 1422 266 1454 lestis
288 1424 321 1454 in
339 1423 528 1454 hominibus
551 1424 625 1464 piis.
694 1424 773 1455 Inde
803 1426 901 1466 igitur
930 1426 1057 1457 iudices
1081 1423 1160 1456 deli-

173 1473 303 1508 gantur.

261 1553 328 1584 Cur
362 1555 462 1596 igitur
496 1553 587 1585 multi
621 1562 698 1586 sunt
734 1565 866 1586 errores
896 1561 928 1586 et
956 1555 1091 1591 horum,
1125 1560 1160 1585 ut

173 1597 379 1635 Bernhardi,
403 1597 672 1636 Bonaventurae‚
696 1606 751 1629 aut
781 1597 953 1629 similium?
985 1598 1070 1633 Quia
1094 1608 1161 1628 non

174 1649 249 1671 sunt
287 1641 455 1671 admoniti.
519 1640 555 1672 Si
585 1653 674 1673 nunc
709 1643 861 1673 viverent
883 1641 1100 1673 Bernhardus
1130 1646 1161 1672 et

173 1684 429 1722 Bonaventura,
467 1685 689 1717 existimarem
710 1696 769 1717 eos
793 1692 863 1716 tuto
895 1685 971 1727 eligi
994 1695 1097 1726 posse
1120 1685 1162 1715 ad

172 1728 367 1758 iudicandas
393 1729 656 1767 controversias,
679 1730 735 1760 ubi
749 1735 897 1760 nostram
911 1727 1162 1770 explicationem

173 1771 389 1801 audivissent.
437 1771 536 1803 Certe
571 1773 612 1803 de
635 1772 857 1804 fundamentis
880 1773 913 1802 in
937 1771 1091 1804 Ecclesia
1115 1772 1162 1802 in-

173 1820 223 1844 ter
253 1815 405 1845 saniores
441 1826 641 1847 consensum
666 1826 742 1847 esse
765 1826 906 1847 necesse
929 1822 1000 1853 est,
1035 1816 1163 1846 etiamsi

173 1856 229 1888 alii
252 1858 371 1899 magis,
395 1857 449 1889 alii
474 1859 582 1890 minus
605 1860 741 1900 proprie
761 1858 863 1891 locuti
887 1865 982 1897 sunt,
1007 1858 1073 1890 hoc
1097 1865 1160 1896 est,

173 1901 215 1931 de
238 1900 386 1931 articulis
411 1901 500 1940 fidei,
520 1909 552 1933 et
571 1904 758 1944 praecipuis
771 1902 857 1934 locis
871 1903 1042 1934 doctrinae
1054 1901 1162 1933 Evan-

174 1942 263 1986 gelii.
297 1943 337 1974 Et
362 1946 389 1975 si
414 1945 488 1986 quis
512 1947 693 1987 prudenter
717 1947 909 1977 considerat
928 1946 1161 1977 omniumtem-

172 1998 291 2028 porum
325 1988 469 2029 scripta,
513 1990 740 2021 animadverte
786 1990 928 2020 subinde
966 1987 1070 2020 fuisse
1104 1987 1162 2020 ali-

173 2040 269 2071 quOS,
293 2032 348 2072 qui
371 2033 486 2073 purius
510 2034 705 2064 docuerunt.
750 2031 912 2071 Basilius,
947 2032 1159 2067 Ambrosius,

172 2073 402 2113 Bernhardus.
423 2076 464 2106 de
481 2077 668 2117 praecipuis
692 2077 839 2108 materiis
854 2077 1076 2113 consentiunt,
1102 2076 1161 2105 sed

173 2116 392 2149 adhibeantur
422 2119 453 2149 in
487 2130 601 2151 eorum
624 2119 767 2164 lect-ione
792 2121 973 2151 dexteritas
996 2119 1105 2150 iudicii
1129 2124 1161 2149 et

175 2161 317 2198 candor,
348 2168 380 2192 et
404 2164 677 2201 considerentur,
713 2173 798 2205 quae
822 2164 983 2204 cuiusque
1000 2167 1161 2204 perpetua

173 2204 217 2234 sit
240 2206 416 2244 sententia,
439 2216 506 2237 non
531 2213 753 2248 excerpantur
772 2207 858 2238 dicta
871 2207 1061 2248 impropria,
1080 2216 1160 2247 qua-

172 2245 214 2277 lia
240 2247 342 2279 multa
366 2250 524 2280 excidunt
539 2251 705 2289 omnibus,
730 2251 824 2281 etiam
839 2249 1013 2292 diligenter
1024 2248 1161 2291 loquen-

173 2291 273 2323 tibus,
304 2290 345 2322 Et
369 2298 478 2323 tamen
502 2292 613 2324 multis
637 2295 859 2334 scriptoribus
882 2292 1031 2325 defuisse
1054 2299 1086 2324 et
1110 2302 1161 2323 ra·
1184 2312 1187 2319 ·

174 2334 296 2366 tionem
321 2334 520 2376 explicandi,
544 2344 575 2368 et
599 2335 812 2379 diligentiam,
835 2338 1045 2368 manifestum
1065 2342 1126 2367 est.

174 2464 306 2502 abiicio‚
323 2466 401 2538 guia
423 2464 548 2507 aliquid
572 2466 696 2498 habent
720 2478 887 2505 errorum,
916 2477 1018 2509 quos,
1052 2466 1080 2497 si
1104 2466 1160 2497 ad-

175 2507 289 2538 moniti
339 2509 475 2547 uissent‚
511 2510 694 2541 correcturi
719 2516 823 2542 erant.
869 2510 979 2551 Saepe
1004 2510 1089 2541 enim
1113 2509 1160 2547 fit,

175 2555 211 2580 ut
235 2551 341 2581 sancti
361 2561 463 2593 supra
486 2551 743 2589 fundamentum,
767 2554 1043 2595 quemadmodum
1056 2554 1161 2595 inquit

175 2591 313 2631 Paulus,
336 2602 489 2627 extruant
511 2595 662 2638 stipulas.
687 2596 734 2629 lta
757 2598 817 2628 etsi
829 2596 1046 2629 Bernhardus
1069 2602 1162 2628 recte.

1184 2258 1187 2310 ἔ

1183 2320 1187 2404 Ξ

261 2421 333 2452 Nec
367 2428 544 2463 propterea
577 2424 801 2465 Augustinum
840 2429 896 2455 aut
929 2409 1187 2529 Bernhardumi

1185 2535 1188 2568 Ι

817 105 930 136 PHlL.
953 104 1057 136 MEL.
1077 105 1265 138 SCRIPTA
1283 105 1566 138 DOGMATICA.

2140 109 2205 142 208

1217 202 1259 232 de
1292 200 1441 232 articulis
1466 202 1558 239 fidei,
1593 207 1625 232 et
1650 207 1739 233 recte
1763 203 1804 233 de
1827 203 2024 234 remissione
2047 210 2203 245 peccato-

1216 256 1289 276 rum
1324 245 1448 283 docuit,
1468 251 1580 276 tamen
1614 246 1745 276 miscuit
1766 245 1928 287 stipulas,
1961 247 2205 279 invocationem

1217 293 1438 326 mortuorum,
1473 295 1505 318 et
1529 289 1798 329 superstitiosam
1822 290 2092 321 observationem
2111 297 2204 322 voto-

1216 342 1298 362 rum.
1323 330 1464 362 Multum
1487 331 1572 362 enim
1596 330 1735 371 singulis
1760 333 1963 373 temporibus
1986 332 2076 364 valet
2122 332 2205 365 ubli-

1217 385 1257 406 ca
1281 375 1352 405 eius
1376 375 1493 405 aetatis
1516 375 1708 416 persuasio,
1744 386 1829 416 quae
1858 376 2054 418 plerumque
2078 387 2097 407 a
2114 377 2205 418 iquid

1217 419 1340 448 erroris
1365 419 1482 449 miscet
1506 419 1687 449 doctrinae.
1735 418 1803 449 Sed
1825 418 1908 449 tales
1934 429 2068 450 errores
2088 421 2204 461 depre-

1215 459 1313 491 hendi
1339 467 1369 492 et
1394 461 1562 492 emendari
1586 467 1739 502 possunt,
1765 472 1839 492 eum
1863 462 1988 493 reditur
2012 463 2055 493 ad
2078 461 2202 502 fontes,

1216 505 1248 535 id
1272 511 1340 542 est,
1374 505 1417 535 ad
1440 506 1565 546 scripta
1588 504 1789 546 Prophetica
1813 510 1846 535 et
1863 504 2077 546 Apostolica,
2109 513 2141 538 et
2161 506 2204 537 ad

1217 547 1388 589 Symbola.

1304 624 1396 655 Haec
1418 625 1567 663 recitavi,
1591 631 1625 656 ut
1649 626 1690 656 de
1715 626 1910 657 certitudine
1933 626 2125 669 dogmatum
2148 637 2203 658 co-

1216 669 1372 709 gitantes,
1397 678 1594 710 quaeramus
1618 669 1707 700 unde
1729 669 1771 700 sit
1795 669 1975 707 certitudo,
2005 676 2038 700 et
2062 680 2203 712 quorum

1216 711 1412 742 testimoniis
1436 712 1624 743 adiuvetur.
1670 711 1732 743 Est
1755 712 1840 743 enim
1866 713 2030 744 certitudo
2054 723 2096 744 ex
2119 714 2201 754 ipsis

1216 755 1312 785 dictis
1336 765 1355 785 a
1378 754 1453 785 Deo
1474 755 1620 794 traditis,
1655 756 1775 796 quibus
1805 756 1893 786 addit
1918 757 2106 787 testimonia
2130 755 2204 788 illu-

1215 798 1340 828 stribus
1364 796 1546 836 miraculis,
1571 804 1607 829 ut
1630 799 1885 829 resuscitatione
1910 806 2134 836 mortuorum,
2173 804 2204 831 et

1215 840 1300 878 aliis,
1324 852 1464 882 quorum
1488 842 1652 872 (lictorum
1677 843 1787 873 nativa
1811 843 1974 873 sententia
1999 853 2041 873 ex
2053 843 2202 884 proprie-

1214 890 1283 915 tate
1306 886 1503 922 vcrborum,
1538 891 1569 915 et
1594 896 1635 916 ex
1666 884 1844 916 collatione
1868 884 2141 927 Propheticarum
2171 893 2204 917 et

1213 926 1485 968 Apostolicarum
1510 929 1707 959 concionum
1730 929 1814 959 sumi
1834 934 1954 969 potest.
1986 928 2028 959 Et
2052 939 2127 960 cum
2149 929 2201 960 his

1214 971 1308 1001 dictis
1317 969 1427 1012 aliqua
1441 977 1533 1001 certa
1546 972 1764 1012 etperspicua
1772 971 2203 1013 testimoniaSymbolorum

1215 1025 1254 1045 ac
1267 1015 1483 1054 probatorum
1515 1015 1728 1055 Scriptorum,
1751 1015 1805 1055 qui
1818 1013 2006 1055 Apostolos
2019 1022 2076 1045 aut
2089 1025 2202 1046 eorum

1215 1056 1398 1098 discipulos
1409 1058 1615 1095 audiverunt,
1631 1064 1829 1099 congruunt.
1855 1058 1968 1093 Quare
1980 1057 2081 1099 aliqui
2093 1059 2137 1099 pii
2150 1058 2204 1089 fir-

1215 1111 1267 1131 ma
1281 1100 1485 1131 adsensione
1504 1099 1750 1141 amplectuntur
1765 1102 1853 1131 dicta
1866 1102 1988 1138 divina.
2003 1102 2057 1142 qui
2070 1112 2203 1133 moven-

1213 1150 1267 1174 tur
1280 1149 1312 1174 et
1324 1144 1434 1174 nativa
1448 1142 1694 1185 significatione
1706 1145 1871 1174 sermonis
1881 1145 1991 1182 divini,
2005 1150 2035 1175 et
2045 1145 2204 1176 adiuvan-

1213 1192 1266 1217 tur
1300 1187 1471 1217 veteribus
1506 1188 1719 1221 testimoniis,
1756 1193 1786 1217 et
1823 1188 1898 1229 quia
1926 1198 1992 1218 non
2015 1186 2203 1219 anteferunt

1214 1240 1308 1260 suam
1344 1231 1539 1271 sapientiam
1574 1232 1651 1261 voci
1687 1231 1828 1268 divinae,
1866 1231 1982 1261 sedin
2006 1232 2205 1272 obsequium

1214 1268 1350 1311 Christi,
1374 1279 1409 1304 ut
1432 1273 1558 1304 Paulus
1582 1274 1695 1315 inquit,
1719 1274 1791 1304 sine
1812 1275 2021 1305 contumacia
2042 1275 2204 1315 recipiunt

1213 1326 1401 1347 sermonem
1433 1317 1590 1354 divinum,
1616 1316 1855 1348 confirmantur
1879 1328 1898 1348 a
1922 1316 2047 1357 Spiritu
2071 1324 2202 1356 sancto,

1212 1366 1249 1391 ut
1272 1359 1438 1391 lohannes
1462 1360 1583 1401 inquit:
1608 1359 1729 1391 Unctio
1756 1361 1853 1391 docet
1878 1370 1953 1398 vost,
1977 1359 2120 1399 scilicet,
2143 1371 2205 1403 per

1213 1413 1402 1434 sermonem
1427 1404 1582 1434 divinum.

1302 1472 1360 1502 Sic
1384 1472 1601 1513 acquiescunt
1620 1472 1664 1512 pii
1688 1472 1718 1502 in
1743 1472 1840 1502 dictis
1861 1472 1991 1503 divinis.
2037 1471 2079 1503 Et
2102 1481 2204 1513 quan-

1215 1525 1314 1557 quam
1347 1516 1502 1545 iuvantur
1525 1516 1723 1545 testimoniis
1747 1513 1913 1556 aliquibus
1937 1513 2123 1553 Ecclesiae,
2157 1521 2205 1546 ta-

1214 1569 1288 1589 men
1314 1559 1452 1589 credunt
1477 1564 1613 1598 propter
1636 1559 1723 1589 dicta
1748 1558 1872 1588 divina:
1898 1557 1997 1589 Fides
2021 1558 2204 1590 ininvoca-

1215 1602 1304 1632 tione
1328 1601 1383 1632 filii
1407 1601 1482 1639 Dei,
1506 1602 1620 1631 nititur
1644 1612 1797 1632 sermone
1823 1601 1952 1639 divino,
1976 1611 2041 1632 non
2068 1602 2203 1633 decreto

1214 1645 1355 1687 Synodi,
1390 1645 1450 1675 sed
1485 1651 1593 1675 tamen
1629 1645 1780 1676 audimus
1804 1644 1992 1676 Ecclesiam
2016 1645 2203 1683 docentem,

1213 1688 1464 1726 testificantem,
1501 1693 1532 1718 et
1556 1689 1724 1719 auditores
1751 1687 2021 1726 confirmantem,
2051 1689 2138 1719 sicut
2161 1689 2204 1720 ad

1214 1731 1348 1762 Petrum
1374 1733 1496 1763 dictum
1521 1739 1586 1762 est:
1611 1731 1651 1761 Et
1675 1738 1709 1762 tu
1734 1741 1931 1769 conversus,
1956 1731 2116 1762 confirma
2136 1730 2203 1762 fra·

1215 1782 1283 1805 tres
1313 1782 1398 1807 tuos.
1447 1775 1576 1805 Interea.
1599 1785 1718 1816 magna
1745 1782 1794 1805 est
1820 1773 1994 1805 multitudo
2019 1775 2203 1815 impiorum,

1215 1820 1269 1860 qui
1304 1828 1399 1849 suam
1424 1818 1620 1858 sapientiam
1652 1817 1841 1849 anteferunt
1866 1818 2012 1848 sermoni
2036 1818 2148 1848 divino
2172 1823 2203 1848 et

1215 1861 1368 1892 satisfieri
1402 1863 1463 1892 sibi
1499 1860 1625 1900 nolunt,
1660 1872 1723 1892 nec
1759 1862 1862 1891 videri
1886 1859 2000 1891 volunt
2024 1861 2203 1902 perspicue

1215 1906 1369 1943 convicti,
1393 1905 1448 1946 qui
1471 1906 1504 1935 in
1528 1905 1591 1935 hac
1605 1905 1815 1936 contumacia
1833 1904 1939 1945 magis
1964 1909 2200 1942 excoecantur,

1214 1955 1250 1979 ut
1273 1948 1367 1979 Rom.
1395 1949 1444 1978 ll.
1469 1949 1607 1979 dicitur:
1639 1948 1871 1978 Obscurentur
1895 1945 1983 1977 oculi
2008 1958 2135 1985 eorum,
2158 1957 2202 1978 ne

1214 1992 1357 2022 videant.
1392 1990 1525 2023 Manent
1546 1992 1645 2033 igitur
1668 1991 1849 2021 certamina
1871 1996 2010 2030 propter
2028 1991 2202 2032 impiorum

1212 2035 1438 2076 pertinaciam,
1463 2035 1522 2065 sed
1544 2040 1682 2075 propter
1704 2033 1789 2064 hanc
1814 2043 1879 2064 nor.
1904 2034 2111 2065 existimetur
2133 2043 2202 2065 ser-

1213 2089 1266 2109 mo
1292 2079 1422 2109 divinus
1446 2079 1592 2108 incertus
1616 2087 1704 2114 esse,
1729 2083 1759 2107 et
1785 2075 1902 2107 similis
1926 2075 2013 2108 soliis
2038 2075 2199 2119 Sibyllae,

1214 2122 1280 2152 Sed
1305 2127 1381 2152 sunt
1405 2120 1507 2162 aliqui
1531 2121 1585 2161 pii,
1609 2121 1663 2162 qui
1688 2121 1781 2151 firma
1810 2120 2012 2151 adsensione
2035 2130 2109 2151 eum
2132 2131 2200 2151 am·

1213 2164 1415 2206 plectuntur,
1438 2171 1472 2195 ut
1497 2165 1575 2201 dixi,
1600 2170 1632 2195 et
1656 2164 1788 2194 tandem
1801 2163 1893 2194 Deus
1917 2162 2039 2194 refutat
2058 2164 2201 2204 pertina-

1214 2209 1298 2240 ciam
1321 2208 1493 2248 impiorum
1515 2207 1635 2249 insigni
1649 2206 1813 2247 exemplo,
1834 2205 1943 2237 deleta
1960 2212 2030 2238 tota
2043 2205 2199 2243 factione,

1214 2253 1299 2283 sicut
1322 2250 1445 2283 delevit.
1467 2250 1689 2288 Pharaonem,
1714 2248 1953 2291 lerosolymam
1972 2256 2049 2290 post
2072 2250 2200 2291 praedi-

1215 2295 1377 2326 cationem
1407 2293 1661 2335 Apostolorum,
1696 2292 1932 2330 Manichaeos,
1967 2293 2134 2330 Arianos,
2167 2298 2200 2324 et

1213 2338 1311 2369 alios.
1357 2336 1449 2369 Talia
1473 2343 1550 2368 sunt
1573 2336 1747 2368 Ecclesiae
1777 2337 1974 2370 certamina.
2009 2346 2072 2368 nec
2096 2335 2200 2367 dirimi

1213 2387 1355 2423 possunt
1387 2391 1448 2423 per
1471 2379 1632 2418 homines,
1667 2381 1842 2412 autoritate
1875 2380 1966 2421 regia
1991 2385 2047 2411 aut
2069 2385 2200 2420 praeto-

1214 2426 1274 2463 ria,
1299 2426 1385 2456 sicut
1409 2425 1661 2456 controversiae
1684 2422 1837 2455 forenses
1861 2422 1902 2453 de
1926 2421 2078 2454 civilibus
2097 2432 2198 2464 nego·

1214 2469 1266 2499 tiis
1291 2469 1495 2500 dirimuntur.

1299 2554 1395 2586 Hanc
1418 2559 1521 2585 totam
1545 2554 1891 2585 commemorationem
1916 2552 1957 2583 de
1974 2551 2119 2594 synodis
2142 2561 2197 2583 ve-

1212 2608 1283 2629 ram
1306 2607 1382 2629 esse
1406 2603 1531 2629 certum
1553 2603 1618 2636 est,
1643 2602 1675 2629 et
1697 2594 1907 2638 profuturam
1936 2604 2013 2627 esse
2035 2595 2099 2637 piis
2123 2604 2198 2637 spe-
