2383 2990
129 120 194 153 343

216 215 342 246 ldioma
366 221 416 246 est
440 214 627 256 proprietas
651 214 706 245 uni
731 219 874 245 naturae
904 215 1123 253 conveniens,

129 265 165 290 ut
185 259 213 289 si
239 260 280 290 de
304 258 436 289 homine
460 257 651 299 loquamur,
686 258 808 288 mentis
842 258 963 288 idioma
988 264 1057 296 est,
1092 258 1125 289 id

129 308 192 340 est,
226 303 361 343 propria
385 303 490 339 actio,
526 299 715 342 intelligere
738 311 898 332 numeros
923 299 978 332 vel
1003 300 1122 339 Deum,

127 345 183 378 vel
205 344 421 377 universalia.
487 343 647 384 Corporis
671 344 860 385 proprietas
885 350 938 375 est
967 343 1124 376 lacerari.

127 389 169 420 Et
192 396 301 420 tamen
325 389 408 419 haec
433 387 696 418 communicatur
719 398 895 428 personae.

216 458 271 488 Sic
294 457 325 487 in
351 455 487 488 Christo
511 457 700 497 proprietas
725 463 775 487 est
789 467 956 498 personae
980 457 1122 494 divinae,

129 511 207 532 esse
233 501 502 542 omnipotentem.
535 499 668 530 Rursus
692 501 883 541 proprietas
907 506 959 531 est
982 507 1125 532 naturae

127 544 304 581 humanae,
342 543 507 585 crucifigi,
539 544 635 574 mori.
705 543 746 574 Et
769 550 879 575 tamen
903 544 935 574 in
961 551 1122 575 concreto

127 588 214 619 haec
238 588 426 618 tribuuntur
449 597 626 628 personae.
672 585 713 617 Et
736 594 892 629 receptae
905 593 983 618 sunt
1001 598 1123 628 propo-

127 632 280 668 sitiones,
315 630 408 662 Deus
443 637 494 661 est
529 629 641 669 homo,
677 630 771 662 Deus
807 638 859 662 est
883 640 1019 672 passuS,
1049 641 1123 661 cru-

129 674 259 712 cifixus,
284 681 444 705 mortuus.
476 673 630 705 Christus
655 680 706 704 est
729 675 954 715 omnipotens,
979 680 1122 711 creator,

128 719 187 749 sed
212 728 334 759 magna
354 718 655 759 circumspectione
690 728 774 759 opus
795 724 845 749 est
868 719 900 749 in
924 717 976 748 his
1001 727 1124 758 propo—

127 762 317 793 sitionibus.

216 831 269 862 Ae
292 831 431 872 primum
451 830 597 862 sciamus
611 831 790 861 discrimen
814 839 891 861 esse
914 830 1001 861 inter
1023 839 1124 861 voca-

128 874 208 907 bula
231 876 417 913 abstracta,
441 881 473 905 et.
497 881 668 905 concreta.

218 953 402 984 Abstracta
434 951 625 993 significant
654 957 805 982 naturam
837 961 992 982 seorsum
1018 950 1127 981 consi-

129 997 290 1034 deratam,
314 1003 348 1027 ut
372 996 538 1034 divinitas,
563 994 618 1026 vel
642 995 753 1025 divina
766 1000 896 1033 natura,
921 994 1124 1031 humanitas,

128 1039 183 1072 vel
207 1039 350 1071 humana
374 1046 504 1070 natura.
551 1038 666 1080 ltaque
700 1037 763 1069 hae
793 1039 1045 1079 propositiones
1069 1048 1126 1068 ne-

129 1095 296 1126 quaquam
322 1089 478 1124 receptae
503 1088 592 1120 sunt,
629 1082 795 1113 Divinitas
820 1088 871 1113 est
891 1088 1034 1118 mortua,
1071 1080 1126 1112 vel

129 1129 240 1159 divina
275 1134 395 1158 natura
425 1132 477 1157 est
499 1131 648 1164 mortua,
684 1125 760 1167 quia
783 1125 837 1157 hic
861 1132 982 1157 natura
1005 1135 1125 1156 secun-

129 1172 206 1202 dum
231 1181 308 1202 sese
333 1170 578 1202 consideratur.

216 1240 257 1271 Et
278 1241 400 1271 dictum
430 1238 519 1270 Petri
556 1238 787 1269 consideretur
813 1237 842 1269 l.
867 1238 939 1270 Pet.
964 1238 995 1269 4.
1043 1237 1126 1270 Cum

129 1284 286 1316 Christus
310 1293 432 1325 passus
457 1283 500 1313 sit
522 1283 555 1314 in
580 1290 699 1321 carne,
724 1282 769 1313 ait
793 1281 963 1314 Christum
987 1291 1125 1324 passum

128 1338 219 1366 esse,
255 1328 315 1358 sed
350 1327 381 1358 in
418 1333 538 1358 natura
572 1326 729 1364 humana,
764 1336 850 1367 quae
876 1326 960 1358 mori
984 1331 1125 1367 poterat.

128 1372 171 1404 Et
193 1373 350 1403 irenaeus
373 1371 426 1411 pie
451 1370 531 1401 dixit
549 1370 672 1411 pagina
698 1369 768 1401 185.
838 1369 994 1401 Christus
1019 1369 1126 1401 cruci-

128 1415 216 1447 fixus
240 1420 272 1446 et
285 1420 434 1445 mortuus
448 1419 511 1452 est,
536 1413 795 1448 Quiescente
819 1413 969 1451 Verbo,
993 1419 1029 1444 ut
1053 1423 1127 1443 cru-

131 1459 219 1500 cifigi
243 1464 274 1490 et
300 1458 382 1489 mori
401 1463 531 1499 posset,
554 1456 587 1487 id
612 1462 673 1495 est,
697 1463 816 1488 natura
846 1458 960 1488 divina
983 1467 1049 1487 non
1075 1462 1127 1487 est

130 1503 261 1545 quidem
284 1500 431 1532 lacerata
456 1507 513 1532 aut
536 1506 677 1538 mortua,
702 1501 762 1531 sed
787 1499 848 1531 fuit
879 1501 1039 1531 obediens
1064 1499 1126 1530 Pa-

130 1547 182 1585 tri,
207 1546 341 1587 quievit,
366 1545 469 1576 cessit
493 1545 563 1575 irae
586 1545 715 1575 aeterni
738 1544 843 1585 patris
859 1544 1024 1575 adversus
1049 1553 1126 1584 pec-

132 1595 246 1621 catum
269 1589 402 1631 generis
426 1588 572 1619 humani.
618 1587 694 1619 Non
719 1594 771 1619 est
793 1598 857 1619 usa
881 1598 942 1619 sua
965 1587 1127 1629 potentia,

130 1643 198 1664 non
222 1633 350 1664 exeruit
374 1642 454 1663 suas
478 1632 580 1663 vires.

218 1702 271 1734 Ac
293 1701 390 1733 simul
415 1703 447 1733 in
471 1701 538 1733 hoc
562 1702 650 1733 dicto
665 1707 860 1732 naturarum
880 1701 1056 1732 discrimen
1080 1701 1128 1731 in-

132 1746 275 1784 dicatur,
301 1753 333 1777 et
357 1744 543 1777 illustratur
566 1746 760 1787 magnitudo
780 1745 850 1776 irae
874 1744 936 1776 Dei
961 1744 1127 1775 adversus

157 1796 308 1822 eccattnn
332 1789 457 1821 effusae
481 1790 512 1820 in
539 1787 726 1826 Clnistum,
751 1794 783 1820 et
806 1788 1000 1820 admiranda
1023 1787 1128 1819 humi·

131 1801 209 1865 litas
233 1832 305 1865 Filii
329 1833 533 1874 quiescentis
557 1839 589 1864 et
614 1833 800 1864 obedientis
824 1831 930 1871 Patri,
964 1842 1026 1863 nec
1051 1842 1128 1863 exe-

133 1877 239 1908 rentis
264 1888 358 1908 suain
378 1877 570 1917 potentiam.

222 1955 486 1987 Considerentnr
521 1965 600 1996 ergo
625 1955 892 1996 propositionum
924 1955 1127 1985 discrimina.

133 1999 206 2031 Hae
230 2010 439 2041 nequaquam
464 1999 680 2040 recipiuntur,
703 1998 831 2029 Natura
856 1998 966 2029 divina
979 2004 1031 2029 est
1043 2008 1129 2029 mor-

134 2049 203 2081 tua,
226 2043 353 2074 Natura
377 2043 489 2074 divina
512 2048 563 2073 est
586 2042 740 2073 humana.

223 2112 267 2143 At
301 2113 334 2143 in
370 2120 531 2144 concreto
566 2113 762 2143 verissimae
798 2117 830 2143 et
865 2117 1023 2153 receptae
1051 2117 1129 2142 sunt

134 2156 395 2198 propositiones,
407 2157 552 2188 Verbum
566 2162 618 2187 est
630 2154 846 2193 l10mo‚Deus
856 2162 906 2186 est
915 2156 1026 2193 homo,
1036 2153 1130 2186 Chri-

135 2208 210 2230 stus
228 2206 278 2230 est
300 2198 414 2237 Deus,
440 2199 534 2231 Deus
559 2207 610 2231 est
633 2205 731 2231 natus
756 2210 797 2230 ex
822 2199 969 2241 virgine,
993 2209 1128 2240 passus,

136 2243 213 2286 qnia
238 2243 321 2274 haec
346 2254 492 2284 persona
516 2244 679 2281 nascitur,
703 2249 735 2274 et
758 2243 983 2285 crucifigitur,
1005 2244 1038 2273 in
1063 2253 1128 2284 qua

136 2288 259 2318 unione
278 2286 460 2329 personali,
483 2288 576 2320 unita
599 2294 651 2318 est
675 2287 840 2318 humanae
854 2287 1128 2318 naturaedivina.

225 2365 423 2407 Significant
447 2372 556 2397 autem
582 2372 742 2398 concreta
766 2371 870 2397 totum
894 2375 1015 2407 agens,
1038 2371 1130 2396 natu-

139 2419 208 2439 ram
231 2416 471 2441 sustentantem
499 2416 531 2440 et
557 2417 706 2441 naturam
731 2415 965 2447 sustentatam,
996 2415 1030 2440 ut
1056 2419 1129 2439 oum

140 2451 296 2483 dicimus:
319 2452 418 2485 homo
438 2453 600 2496 intelligit.
660 2453 771 2489 Quare
796 2463 941 2494 persona
965 2451 1129 2494 intelliga-

139 2500 194 2525 tur
223 2505 307 2525 voce
337 2498 495 2529 concreti.
565 2497 604 2528 Et
639 2497 828 2538 proprietas
857 2497 953 2528 unius
979 2503 1129 2535 naturae,

141 2537 292 2568 tribuitur
314 2550 481 2580 personae
504 2541 536 2572 in
561 2547 733 2572 concreto.

228 2614 398 2657 Receptae
431 2624 509 2649 sunt
542 2625 575 2650 et
596 2618 660 2650 hae
682 2619 947 2661 propositiones:
981 2617 1130 2650 Verbum

768 117 884 149 PHtL.
906 117 1011 150 MEL.
1036 117 1226 150 SCRIPTA
1244 116 1526 150 DOGMATICA.

2107 116 2172 150 344

1178 213 1304 245 sactum
1339 219 1391 244 est
1414 212 1526 250 homo,
1550 212 1647 244 Deus
1670 212 1793 254 incepit
1819 222 1896 244 esse
1920 211 2034 244 homo.
2103 213 2171 245 Sed

1177 264 1213 331 Et
1237 258 1360 288 dictum
1386 263 1450 294 est,
1485 255 1713 297 intelligantur
1737 257 1778 288 de
1801 257 2008 288 assumtione
2030 263 2171 289 naturae

1204 310 1353 332 umanae.

1264 378 1486 419 Nequaquam
1517 383 1626 408 autem
1650 383 1806 418 receptae
1829 383 1906 408 sunt
1936 378 2000 409 liae
2018 379 2172 420 proposi-

1177 422 1303 453 tiones:
1341 421 1490 452 Verbum
1514 427 1565 451 est
1590 427 1756 459 creatura,
1786 420 1940 452 Christus
1965 427 2016 452 est
2041 428 2171 453 creatu·
2216 442 2221 447 ,

1176 476 1225 503 ra,
1250 464 1406 496 Christus
1431 465 1551 504 incepit
1578 474 1667 502 esse,
1693 463 1849 495 Christus
1874 462 1983 495 factus
2007 471 2068 495 est.
2089 465 2171 498 Pru-

1177 509 1295 539 denter
1329 508 1415 539 enim
1438 508 1540 538 vitata
1565 514 1615 538 est
1640 508 1856 549 ambiguitas,
1891 514 1923 539 et
1948 508 2070 539 vitatae
2094 515 2172 540 sunt

1176 552 1326 583 insidiae.
1394 551 1479 582 Nam
1504 551 1620 582 Ariani
1645 551 1694 582 sic
1718 550 1908 592 loquentes,
1938 550 2094 583 Christus
2118 558 2171 584 est

1176 602 1341 632 creatura,
1364 605 1432 625 non
1456 594 1497 625 de
1520 602 1637 625 natura
1662 594 1804 626 bumana
1828 600 1977 625 assumta
1989 593 2170 636 loqueban-

1178 645 1241 676 tur,
1278 638 1339 669 sed
1364 636 1502 669 alteram
1527 647 1677 669 naturam
1703 639 1734 668 in
1756 637 1910 676 Christo,
1941 639 2087 679 priorem
2110 639 2171 671 hu-

1176 692 1274 713 mana
1299 682 1548 712 contendebant
1573 692 1613 712 ex
1639 680 1742 712 nihilo
1772 682 1940 713 conditam
1971 692 2066 721 esse,
2102 693 2171 714 non

1178 735 1255 756 esse
1290 726 1464 766 imaginem
1488 725 1614 756 aeterni
1639 724 1749 755 Patris
1773 726 1920 766 genitam
1945 725 1986 756 de
2014 727 2172 758 substan-

1177 770 1223 800 tia
1247 769 1318 800 eius
1343 768 1506 807 ὁμοοόσιον
1530 776 1562 800 et
1587 775 1801 800 coaetemam
1822 768 1922 800 Patri.

1267 872 1435 914 interpres
1471 872 1611 904 Latinus
1646 873 1679 904 in
1714 871 1820 904 Paulo
1846 873 1889 904 ad
1913 872 2106 912 Romanos,
2141 880 2174 906 et

1179 916 1221 947 ad
1245 915 1387 947 Galatas
1410 926 1493 948 usus
1518 923 1567 947 est
1588 915 1652 948 hac
1673 917 1807 948 duriore
1836 927 1945 949 voce:
1980 916 2086 950 Filius
2108 916 2174 949 Dei

1180 958 1291 991 factus
1327 971 1367 990 ex
1391 961 1518 991 semine
1542 960 1653 991 David
1677 961 1862 991 secundum
1893 971 2045 1000 carnem,
2082 960 2174 1000 ltem,

1179 1002 1289 1034 sactus
1324 1010 1377 1034 est.
1412 1014 1452 1034 ex
1475 1003 1630 1042 muliere,
1666 1014 1739 1034 cum
1768 1003 1871 1035 multo
1896 1005 2021 1035 rectius
2044 1005 2091 1036 uti
2114 1015 2173 1046 po-

1179 1047 1298 1078 tuisset
1310 1057 1409 1078 voce:
1435 1047 1542 1078 Natus
1557 1054 1621 1085 est,
1643 1047 1729 1078 Nam
1744 1046 1886 1078 Graecis
1898 1049 2020 1079 usitate
2032 1052 2175 1088 γίνεσθαι

1179 1090 1345 1133 significat
1379 1097 1493 1122 natnm
1529 1100 1617 1128 esse,
1653 1097 1686 1122 et
1709 1091 1865 1130 γενόμενος
1888 1098 2013 1130 natum,
2044 1098 2078 1123 ut
2107 1102 2176 1123 non

1179 1135 1314 1165 dubium
1338 1140 1402 1173 est,
1421 1134 1509 1165 unde
1533 1141 1564 1165 et
1586 1144 1708 1165 nomen
1733 1141 1796 1173 est,
1827 1139 1940 1174 γένεσις
1962 1135 2130 1167 nativitas.

1268 1212 1386 1244 Lectio
1410 1213 1511 1255 igitur
1535 1211 1667 1243 Graeca
1691 1210 1855 1243 illustrior
1879 1218 1939 1244 est.
2007 1211 2050 1244 Et
2073 1213 2175 1245 inter-

1179 1257 1321 1299 pretatio
1353 1255 1473 1287 fuisset
1509 1255 1616 1287 minus
1652 1256 1746 1294 dura,
1782 1256 1810 1286 si
1834 1256 1972 1288 dixisset
1995 1263 2111 1289 natum
2133 1267 2175 1289 ex

1180 1301 1307 1332 semine
1325 1299 1449 1331 David.
1496 1299 1589 1338 Item,
1613 1306 1725 1331 natum
1749 1309 1790 1331 ex
1809 1298 1947 1331 muliere
1972 1306 2035 1332 etc.

1267 1412 1402 1444 Liberat
1437 1412 1536 1443 etiam
1571 1411 1798 1443 Grammatica
1831 1412 1948 1443 dextre
1973 1412 2174 1452 iudicantes,

1181 1457 1311 1498 magnis
1335 1455 1546 1497 labyrinthis,
1572 1466 1646 1486 cum
1671 1462 1847 1496 quaerunt,
1871 1466 1914 1486 an
1938 1465 2019 1486 vera
2042 1457 2085 1487 sit
2098 1467 2175 1497 pro-

1179 1501 1313 1542 positio,
1340 1499 1442 1530 Filius
1467 1498 1529 1530 Dei
1555 1506 1605 1529 est
1629 1499 1911 1540 praedestinatus,
1936 1499 1989 1530 cui
2009 1500 2176 1540 quaestio-

1180 1545 1212 1575 ni
1248 1544 1462 1575 occasionem
1498 1543 1649 1584 praebuit
1673 1542 1837 1574 mendosa
1861 1542 2104 1583 interpretatio,
2140 1544 2174 1574 in

1180 1588 1286 1629 primo
1306 1588 1415 1628 capite
1438 1587 1480 1617 ad
1505 1585 1688 1623 Romanos,
1713 1587 1768 1616 ubi
1792 1596 1857 1617 non
1882 1584 2028 1627 loquitur
2051 1585 2176 1618 Paulus

1181 1632 1222 1662 de
1253 1630 1327 1662 Deo
1362 1629 1518 1672 eligente,
1547 1630 1607 1661 sed
1634 1630 1675 1660 de
1698 1628 1886 1660 hominibus
1910 1631 2176 1672 agnoscentibus

1181 1673 1300 1706 Filium
1334 1673 1408 1705 Dei.
1477 1673 1535 1704 Sic
1564 1673 1651 1704 enim
1681 1673 1760 1704 dicit
1787 1680 1879 1704 certo
1905 1673 2073 1715 cognitum
2097 1684 2177 1705 esse

1181 1719 1271 1750 hunc
1293 1719 1412 1755 virum,
1437 1727 1534 1758 quem
1560 1714 1714 1758 Apostoli
1740 1715 1955 1748 affirmabant
1985 1727 2064 1748 esse
2085 1716 2176 1749 Mes-

1181 1763 1277 1799 sium,
1301 1772 1378 1792 esse
1402 1760 1517 1792 filium
1542 1759 1617 1798 Dei,
1643 1760 1720 1802 quia
1744 1766 1775 1791 et
1801 1760 1917 1791 revixit
1942 1770 1983 1792 ex
2000 1767 2119 1800 morte,
2144 1767 2177 1793 et

1182 1807 1224 1838 sit
1249 1804 1382 1843 efficax,
1407 1805 1489 1837 dans
1514 1804 1674 1845 Spiritum
1698 1809 1863 1842 sanctum,
1898 1810 1931 1835 et
1964 1805 2176 1836 resuscitans

1183 1856 1345 1881 mortuos.

1270 1927 1376 1959 Recte
1399 1933 1511 1958 autem
1536 1925 1746 1967 Augustinus
1771 1926 1861 1964 dicit,
1885 1930 2038 1957 naturam
2060 1925 2176 1958 huma·

1183 1982 1271 2010 nam,
1295 1981 1382 2013 quae
1406 1971 1609 2002 assumenda
1632 1976 1702 1999 erat
1726 1979 1766 1999 ex
1791 1969 1930 2011 virgine,
1950 1970 2176 2010 praedestina-

1184 2022 1261 2054 tam,
1284 2016 1316 2046 id
1341 2021 1404 2052 est,
1424 2013 1609 2045 ordinatam
1630 2019 1663 2044 et
1687 2011 1825 2043 electam
1846 2023 1936 2051 esse,
1967 2019 2003 2044 ut
2026 2014 2175 2046 uniretur

1182 2058 1281 2091 fnit„
1347 2058 1445 2089 Certe
1467 2064 1605 2098 propter
1628 2056 1694 2087 hoc
1718 2056 1901 2094 decretum,
1921 2057 2045 2088 dictum
2068 2063 2121 2088 est
2143 2058 2176 2088 in

1184 2104 1289 2144 prima
1311 2102 1549 2144 promissione:
1575 2100 1699 2131 Semen
1722 2098 1869 2132 mulieris
1887 2099 2098 2132 conculcabit
2121 2111 2176 2133 ca-

1182 2153 1240 2189 put
1264 2145 1449 2187 Serpentis.

1270 2266 1398 2299 Volens
1422 2273 1532 2298 autem
1557 2264 1709 2308 relinquo
1733 2264 1855 2297 multas
1886 2267 2112 2308 quaestiones,
2136 2275 2176 2297 ac

1183 2319 1310 2344 tantum
1334 2321 1394 2343 oro
1413 2311 1573 2347 iuniores,
1608 2317 1641 2341 ut
1668 2309 1901 2348 considerent,
1935 2310 2103 2351 quomodo
2126 2307 2175 2341 lo·

1184 2362 1329 2398 quantur
1352 2355 1470 2386 eruditi
1495 2355 1526 2385 in
1546 2352 1702 2385 Ecclesia
1725 2354 1757 2384 in
1775 2353 2072 2395 propositionibus,
2097 2363 2176 2395 qua-

1184 2411 1255 2431 rum
1276 2401 1307 2431 in
1327 2398 1480 2430 docendo
1507 2408 1589 2429 usus
1612 2403 1674 2428 est.
1732 2396 1773 2428 Et
1799 2404 1953 2439 receptas
1977 2396 2104 2428 formas
2128 2397 2175 2428 iu·

1185 2444 1280 2475 diciis
1303 2452 1404 2475 verae
1428 2440 1604 2473 Ecclesiae
1628 2441 1681 2482 pie
1700 2441 1900 2472 custodiant.
1946 2440 2031 2472 Nam
2054 2441 2087 2472 iu
2110 2439 2176 2472 hao

1185 2498 1289 2519 causa
1311 2486 1491 2528 praecipue
1515 2483 1705 2526 periculosa
1729 2492 1779 2516 est
1802 2485 1950 2515 mutatio.

1271 2574 1343 2606 Nec
1378 2572 1508 2604 rixandi
1551 2582 1655 2603 eausa
1691 2578 1854 2613 quaerant
1889 2571 2038 2613 captiose
2073 2571 2173 2607 dicta.

1185 2619 1306 2660 quibus
1327 2618 1360 2649 in
1377 2617 1530 2648 docendo
1553 2614 1633 2647 nihil
1646 2626 1729 2658 opus
1754 2621 1816 2646 est.
1862 2613 1979 2648 Potius
1997 2614 2096 2646 huius
2118 2616 2175 2647 mi-
