2383 2990
165 125 228 157 261
756 174 759 175 γ
806 124 862 156 lV.
887 124 1149 157 ENARRATio
1173 126 1373 159 SYMBoLi
1403 128 1564 160 NlCENl.
2142 132 2206 164 262

167 221 266 264 ginis,
300 230 366 251 non
390 223 518 250 tanturn
541 229 619 251 esse
636 219 905 261 imputationem,
941 221 1003 252 sed
1027 221 1058 252 in
1083 222 1157 262 ipsa
1211 228 1308 254 terna
1332 222 1508 265 disciplina
1530 225 1669 267 regitur,
1688 231 1721 256 et
1745 231 1869 257 tantum
1895 232 2054 258 accusant
2068 234 2208 260 externa

165 264 333 296 hominum
356 269 476 294 natura
499 261 676 305 caliginem
700 270 733 295 et
757 265 963 306 pravitatem.
1001 265 1078 296 Ideo
1102 275 1158 296 ve·
1212 264 1345 297 delicta.
1414 267 1493 298 ldeo
1527 270 1640 300 statim
1674 269 1765 300 initio
1800 270 1833 301 in
1868 269 1974 301 moise
2010 276 2098 301 extat
2122 270 2208 303 haec

165 313 254 339 teres
276 305 472 348 plerumque
496 307 744 338 nominantlioc
758 307 891 345 malum,
916 319 1055 349 pravam
1079 319 1158 339 con·
1213 310 1332 340 concio
1357 310 1397 341 de
1421 312 1535 351 praxis
1561 310 1835 344 inclinationibus
1860 314 1891 344 in
1916 320 2045 346 natura.
2082 313 2206 346 Genes.

166 351 415 392 cupiscentiam,
450 361 516 392 qna
539 349 763 392 adpellatione
797 350 986 392 intelligunt
1010 362 1077 382 11011
1101 353 1159 383 ad·
1211 352 1243 384 S.
1290 352 1458 395 Cogitatio
1482 354 1616 386 humani
1640 357 1752 387 cordis
1776 355 1862 388 mala
1887 364 1937 388 est
1960 368 1980 388 a
1999 358 2152 398 pueritia,
2174 358 2209 389 id

163 394 341 436 petitiones
366 394 398 424 in
418 401 539 425 natura
563 395 727 433 conditas,
752 395 812 425 sed
835 394 960 433 αἰαξίιιν
983 395 1158 436 adpetitio·
1183 377 1188 428 l
1212 402 1273 431 est,
1299 406 1365 428 non
1390 403 1515 428 tantum
1545 410 1651 440 prava
1674 399 1925 432 adsuefactione
1950 406 2208 441 corrumpuntur

162 447 250 468 num.
306 437 349 469 Et
372 437 611 469 Bonaventura
635 439 758 469 dictum
783 438 936 480 Hugoiiis
961 439 1050 476 citat,
1077 438 1157 469 Pec-
1211 438 1375 477 homines,
1411 440 1478 472 Sed
1514 442 1544 472 in
1582 443 1654 483 ipso
1692 444 1792 474 corde
1821 444 2056 475 inclinationes
2081 454 2208 485 pravae

164 487 273 512 catum
308 482 446 523 originis
481 491 559 512 esse
582 482 805 524 ignorantiam
828 482 861 512 in
901 489 1021 520 mente,
1054 488 1086 513 et
1110 483 1157 513 in·
1211 489 1290 513 sunt
1314 484 1344 513 iu
1370 485 1482 523 pueris
1506 485 1569 516 iam
1590 488 1818 519 nascentibus,
1845 487 1959 519 Verba
1984 489 2069 519 enim
2092 488 2208 519 111110-

164 525 385 556 obedientiam
409 525 441 556 in
465 524 649 556 voluntate.
1213 527 1326 557 braicn
1349 525 1493 559 lectione
1518 530 1624 571 magis
1654 528 1796 561 illustria
1819 539 1909 569 sunt,
1946 532 2125 573 (lpiiicium
2147 531 2207 563 hu·

1212 571 1299 601 mani
1324 571 1448 609 cordis,
1484 582 1545 604 scu
1569 571 1711 614 plasma,
1747 574 1781 604 id
1812 580 1881 612 est,
1916 575 2031 606 Massa
2054 576 2128 616 ipsa
2152 580 2208 607 aut

1212 619 1303 644 certe
1326 621 1448 652 motus,
1472 625 1534 646 seu
1557 617 1711 657 iiiipetiiS,
1746 627 1805 648 seii
1829 617 1922 659 ὁρμαὶ
1945 619 1976 649 in
2002 620 2105 650 corde
2129 624 2207 650 sunt

1210 667 1267 688 res
1291 656 1410 696 malae,
1434 659 1466 689 id
1490 666 1553 697 est,
1577 670 1719 691 aversae
1743 671 1762 691 a
1780 660 1864 692 Deo*

250 602 318 633 lam
358 603 512 634 addenda
547 608 624 634 sunt
663 603 852 634 testimonia
888 601 1089 643 prophetica
1125 610 1157 635 et

162 645 374 688 Apostolica‚
409 657 494 688 quae
528 646 707 677 ostendunt
743 644 807 677 hoc
839 645 961 677 malum
983 648 1013 677 in
1039 653 1157 678 natura

161 688 317 728 hominis,
352 690 442 732 quod
465 696 643 721 nascentes
667 690 843 721 nobiscum
867 689 1061 728 adserimus,
1090 701 1156 721 non

162 738 289 765 tantum
324 741 451 765 reatum
486 744 547 765 seu
571 734 820 773 imputationem
844 743 940 772 esse,
975 735 1036 765 sed
1061 735 1156 765 etiam

161 777 241 808 vitia
275 777 308 808 in
334 776 532 809 hominibus.
600 776 697 808 Rom.
723 778 753 808 7.
774 776 985 808 manifestum
1009 779 1155 809 testiino-

161 821 250 852 nium
285 827 391 852 extat:
428 820 535 852 Video
567 820 666 852 aliani
690 820 801 863 legem
824 822 856 851 in
881 822 1036 852 membris
1062 822 1156 859 111015,

160 870 403 906 repugnantem
432 863 498 906 legi
528 865 647 895 mentis
678 874 783 895 meae.
852 865 925 895 Non
951 865 1084 896 dubium
1104 872 1156 896 est

160 914 271 939 autem
294 906 403 950 legem
437 909 468 939 in
493 909 668 946 membris,
692 919 792 949 quam
817 909 866 939 5Ξο
891 909 1054 947 nominat,
1077 919 1155 939 esse

159 961 285 993 pravas
319 950 552 983 inclinationes
589 952 763 993 nobiscum
798 958 990 983 iiasceiitcS.
1050 952 1090 983 Et
1122 953 1156 983 id

159 994 281 1026 malum
303 996 349 1026 ait
372 1006 563 1038 repugnare
588 995 655 1037 legi
679 996 798 1027 mentis
823 1002 856 1026 et
880 995 962 1038 Legi
990 995 1065 1027 Dei.

1299 736 1424 768 Eadem
1460 744 1512 768 est
1547 739 1710 769 sententia
1740 739 1818 769 dicti
1855 738 2012 770 leremiae
2047 750 2120 781 cap.
2155 740 2206 772 17.

1211 778 1413 811 Perversum
1438 787 1489 811 est
1515 781 1693 812 liuiiiaiiiim
1719 782 1831 812 corin
1857 784 2028 821 omnibus,
2054 790 2086 813 et
2110 784 2206 814 inise-

1210 834 1282 854 rum
1307 829 1339 854 et
1362 823 1591 861 inscrutabile,
1617 826 1646 855 id
1673 832 1735 863 051,
1761 825 1820 856 Est
1845 836 2000 857 arei-suni
2024 837 2043 857 a
2064 826 2149 865 Deo,
2176 833 2207 858 et

1210 868 1356 898 abutitur
1392 869 1546 899 omnibus
1583 869 1693 906 bonis,
1729 870 1857 910 quaerit
1883 868 2036 911 gloriani,
2062 876 2093 901 et
2113 869 2207 902 volu-

1208 916 1319 951 ptates
1343 922 1409 942 i-:ou
1434 912 1546 942 debito
1567 912 1692 947 ordine,
1717 919 1750 943 et
1774 912 1984 944 obliviscitur
2007 913 2072 945 Dei
2099 914 2130 944 in
2155 924 2206 945 se-

1211 955 1329 985 cundis
1348 961 1381 985 et
1400 955 1554 986 adversis
1578 956 1691 994 rebus,
1727 957 1846 987 deinde
1870 957 1993 998 inquit,
2028 968 2087 987 cor
2110 958 2207 988 mise-

1210 1008 1282 1028 rum
1306 1009 1400 1030 esse.
1436 1000 1512 1041 quia
1537 1009 1596 1030 cor
1620 1000 1692 1030 sine
1715 998 1789 1031 luce
1815 1006 1847 1030 et
1872 999 2104 1032 consolatione
2128 1001 2208 1032 divi-

1210 1052 1264 1078 na,
1284 1043 1480 1083 opprimitur
1504 1043 1750 1084 desperatione,
1774 1043 1959 1079 doloribus,
1985 1050 2017 1075 et
2041 1045 2208 1076 moestitia

246 1073 308 1105 Est
331 1074 430 1115 igitur
449 1080 626 1114 peccatum
651 1074 789 1116 originis
812 1084 879 1104 non
904 1075 1003 1106 modo
1028 1081 1154 1113 reatus,
1209 1092 1356 1116 aeterna·

160 1118 219 1149 sed
243 1118 341 1148 etiam
365 1117 479 1149 vitium
502 1118 534 1148 in
560 1118 633 1158 ipsa
656 1125 786 1148 natura.
1341 1158 1346 1160 .
1396 1147 1402 1154 .
1468 1147 1473 1154 .
1513 1147 1538 1161 ·,
1633 1148 1648 1162 .·
1687 1148 1717 1155 ..
1776 1158 1783 1162 ἡ
1883 1159 1887 1163 .
1915 1149 1922 1156 ,
2014 1150 2020 1156 .
2108 1149 2115 1157 .
2143 1149 2149 1156 .

1297 1146 1347 1177 Ex
1371 1146 1423 1178 liis
1444 1147 1539 1178 dietis
1565 1155 1594 1179 ei
1621 1146 1785 1179 similibus
1811 1158 1989 1189 perspicue
2013 1147 2207 1191 intelligitur

245 1195 357 1227 Simile
381 1196 604 1227 testimonium
629 1200 720 1226 extat
744 1195 883 1227 R0m,8‚
930 1197 1057 1227 sensus
1082 1207 1155 1227 car-
1208 1196 1384 1231 peccatum
1420 1191 1559 1231 originis
1595 1201 1672 1222 esse
1702 1203 1769 1222 11011
1795 1198 1921 1223 tantum
1946 1192 2206 1234 imputationem,

156 1240 210 1272 nis
229 1239 398 1270 inimicitia
422 1245 473 1270 est
497 1240 662 1270 adun-,cus
687 1239 806 1270 Deum,
874 1239 957 1270 Nam
983 1239 1065 1282 Legi
1090 1239 1153 1271 Dei
1209 1234 1267 1264 sed
1293 1234 1390 1264 ctiam
1415 1233 1554 1265 vulnera
1585 1235 1748 1276 quaedam
1772 1236 1804 1266 in
1829 1242 1956 1267 natura.
2026 1235 2105 1267 ldeo
2130 1247 2206 1268 cum

157 1292 226 1313 non
250 1277 434 1320 subiicitur,
460 1293 522 1313 nec
546 1283 665 1313 subiici
688 1289 812 1323 potest,
844 1284 1027 1314 ostendunt
1051 1285 1154 1314 verba
1208 1275 1334 1307 Paulus
1371 1284 1403 1308 θῑ
1438 1276 1549 1308 Dffl'id
1581 1279 1767 1313 ΠΟΙΠῙΙΠΠΠ,
1786 1278 1870 1310 haec
1901 1278 2000 1317 mala>
2030 1286 2206 1321 Peccatum

156 1335 225 1357 non
248 1326 312 1356 dici
336 1326 377 1356 de
407 1325 531 1357 actuali
555 1324 654 1364 nialo,
684 1327 745 1357 sed
768 1327 886 1357 morbo
911 1326 1052 1357 durabili
1076 1326 1154 1358 hae-
1208 1331 1275 1351 non
1295 1327 1421 1352 {allium
1446 1320 1650 1363 intelligatur
1669 1323 1853 1363 iillpuiiltlo,
1877 1323 1938 1353 sed
1962 1324 2059 1354 etiam
2084 1323 2205 1355 intelli-

155 1374 252 1400 rente
274 1369 307 1400 in
330 1375 462 1407 natura,
488 1380 585 1411 quem
610 1370 757 1400 nominat
779 1379 917 1401 sensum
942 1371 1073 1408 carnis,
1098 1371 1154 1411 qui
1208 1370 1330 1414 gal-lim*
1365 1362 1517 1396 dsssffltus
1553 1371 1585 1396 Θῑ
1620 1376 1745 1406 Pl'aVae
1779 1365 2023 1402 ῘΙΙϋῙὶῐὶίῑῐὶΟΠΘΞ,
2058 1367 2094 1398 id'
2114 1367 2204 1409 quod

155 1422 222 1444 non
258 1413 366 1453 possit
400 1412 484 1454 Legi
518 1411 582 1443 Dei
612 1413 742 1444 subiici,
811 1413 855 1444 At
875 1412 1007 1444 actuale
1031 1412 1152 1445 malum
1208 1413 1291 1437 satis
1325 1408 1502 1449 perspicue
1536 1408 1703 1450 significat
1728 1408 1865 1448 Paulus,
1891 1410 1932 1441 de
1955 1411 2104 1452 potentia
2127 1421 2205 1451 pec-

155 1454 278 1497 expelii
311 1461 441 1497 posset,
477 1461 509 1487 et
544 1461 662 1488 natura
693 1457 719 1487 si
751 1467 818 1488 non
843 1457 1029 1499 depravata
1049 1463 1153 1495 esset,
1208 1450 1273 1481 ⁰²¹st
1306 1449 1462 1492 loquens,
1494 1459 1668 1503 Pessfflssflffi
1693 1454 1858 1495 regnatis,
1890 1454 1922 1485 id
1947 1459 2011 1492 ΟΜ,
2041 1464 2206 1496 Oppressa

156 1499 243 1542 Legi
265 1498 330 1531 Dei
353 1500 473 1531 subiici
496 1505 626 1541 posset,
1206 1492 1284 1536 lege
1308 1497 1442 1533 mentis,
1466 1494 1588 1527 multos
1612 1502 1756 1536 impetus
1780 1502 1917 1528 ruentes
1947 1503 2065 1529 contra
2095 1497 2205 1530 Deum

1206 1538 1379 1577 excitavit,
1403 1549 1508 1581 quare
1531 1540 1572 1571 de
1595 1538 1683 1571 malo
1707 1540 1740 1571 in
1764 1547 1884 1572 natura
1914 1540 2074 1574 haerente
2097 1540 2204 1584 loqui-

244 1568 468 1601 Considerent
489 1575 599 1600 autem
623 1569 678 1610 pii,
702 1580 802 1611 quam
825 1570 930 1601 tristis
953 1570 1073 1601 concio
1096 1572 1151 1608 sit,
1206 1587 1270 1620 mr,
1294 1592 1361 1613 non
1385 1588 1513 1614 tamum
1536 1584 1578 1615 de
1602 1584 1711 1615 otiosa
1734 1584 1960 1625 impufflfione·

157 1622 235 1644 cum
260 1613 325 1651 ait,
347 1613 381 1644 in
403 1613 467 1644 hac
486 1611 646 1644 imbecilli
670 1619 703 1644 et
725 1613 849 1644 misera
872 1619 992 1645 natura
1016 1614 1152 1645 inimici-

153 1656 233 1687 tiam
256 1666 342 1688 esse.
358 1656 525 1688 adversus
549 1655 669 1688 Deum.
716 1656 803 1692 Quid
832 1657 897 1688 dici
921 1658 1069 1689 atrocius
1092 1668 1151 1699 po-

153 1704 232 1738 test,
266 1709 366 1741 quam
398 1699 488 1731 lianc
521 1705 674 1731 naturam
710 1700 852 1731 hominis
884 1701 1049 1732 inimicam
1073 1711 1150 1733 esse

153 1742 243 1781 Deo,
267 1742 333 1774 hoc
356 1749 419 1784 est,
443 1742 660 1775 circumferre
673 1753 789 1775 secum
801 1744 942 1776 adsidue
961 1743 1149 1787 caliginem,

1174 1307 1184 1798 Ι
1292 1642 1346 1674 Ac
1362 1644 1473 1685 imago
1492 1645 1667 1686 proposita
1683 1650 1735 1675 est
1754 1645 1786 1676 in
1806 1647 1998 1677 narratione
2012 1647 2054 1677 de
2071 1647 2202 1678 viatore

152 1792 187 1818 et
221 1787 445 1818 dubitationes
480 1787 521 1818 (10
556 1786 642 1825 Deo,
676 1788 892 1819 securitatem
923 1787 1150 1831 negligentem
1169 1806 1179 2391 Ι

1168 2468 1173 2483 Ι

1205 1685 1383 1718 vulnerato
1408 1693 1441 1718 et
1464 1686 1623 1729 spoliato,
1648 1699 1734 1729 quae
1758 1695 1847 1720 extat
1872 1690 1905 1720 in
1924 1700 1998 1730 cap.
2016 1690 2065 1721 io.
2078 1689 2202 1722 Lucae.

1204 1729 1308 1761 Latro
1333 1729 1488 1762 diabolus
1513 1732 1683 1774 oppressit
1696 1733 1860 1764 viatorem
1883 1733 2061 1771 hominem,
2086 1740 2119 1765 et
2131 1732 2202 1765 vul-

1204 1774 1334 1805 neravit
1357 1784 1448 1813 euni,
1477 1785 1518 1806 ac
1541 1774 1717 1818 spoliavit,
1741 1777 1832 1818 quod
1854 1777 1905 1808 sie
1928 1778 2203 1819 interpretantur,

1203 1816 1367 1858 Spoliavit
1390 1818 1516 1859 gratia,
1549 1826 1583 1851 et
1606 1818 1795 1852 vulneravit
1818 1820 2002 1859 naturalia,
2032 1820 2204 1862 spoliavit,

1203 1861 1235 1891 id
1261 1867 1324 1900 est,
1347 1860 1472 1893 avulsit
1495 1873 1570 1895 eum
1593 1862 1713 1902 aDeo,
1738 1870 1770 1895 et
1794 1865 1945 1908 excussit
1967 1863 2077 1896 lucem
2101 1870 2134 1896 et
2153 1865 2201 1897 iu-

1204 1906 1328 1936 stitiam
1351 1906 1496 1944 insitam,
1520 1907 1613 1939 Fecit
1636 1913 1668 1938 et
1691 1906 1832 1939 vulnera
1856 1910 1889 1940 in
1912 1909 1987 1950 ipsa
2006 1915 2138 1948 natura,
2162 1907 2201 1940 li-

1203 1949 1275 1982 beri
1298 1949 1424 1981 arbitrii
1455 1950 1544 1983 vires
1568 1949 1803 1993 languefactae
1826 1957 1923 1991 sunt,
1958 1951 2117 1984 voluntas
2141 1951 2202 1983 ha-

1202 1993 1259 2024 bet
1282 2003 1407 2034 pravas
1430 1993 1680 2034 inclinationes,
1714 2001 1746 2026 et
1770 2006 1829 2027 coi-
1853 2002 1904 2027 est
1929 2002 2110 2028 contumax
2132 1994 2202 2038 legi

1201 2037 1332 2068 mentis.
1380 2036 1429 2069 lta
1452 2038 1538 2070 iacet
1562 2039 1670 2073 viator
1693 2039 1947 2077 semimortuus,
1976 2040 2008 2071 id
2032 2046 2102 2078 est,
2137 2040 2201 2071 etsi

1201 2081 1266 2112 iam
1290 2082 1435 2122 perierat
1459 2081 1577 2121 homo,
1613 2083 1642 2113 si
1666 2093 1733 2113 non
1756 2084 1963 2115 accessisset
1993 2083 2098 2115 Filius
2122 2082 2200 2123 Dei,

1201 2130 1312 2155 tamen
1337 2126 1415 2166 quia
1446 2136 1488 2157 ex
1512 2127 1620 2157 media
1646 2132 1752 2158 morte
1777 2132 1958 2159 revocatur
1987 2126 2054 2158 lioc
2085 2128 2198 2166 modo,

1201 2178 1276 2199 cum
1299 2169 1389 2200 audit
1412 2174 1443 2200 et
1465 2170 1586 2212 accipit
1610 2169 1849 2214 Evangeliuni,
1881 2171 2001 2203 dicitur
2023 2171 2077 2202 hic
2101 2171 2198 2202 senii-

1200 2217 1362 2243 mortuus.
1408 2211 1556 2244 Eatenus
1586 2214 1684 2252 vivit,
1718 2221 1754 2245 ut
1784 2215 1895 2246 audiat
1918 2220 1951 2247 et
1980 2213 2198 2256 amplectatur

1199 2254 1432 2298 Evangeliuni‚
1457 2264 1670 2298 praetereunt
1701 2265 1811 2289 autem
1836 2259 1993 2290 miserum
2020 2259 2196 2297 sacerdos,

1200 2300 1233 2330 id
1258 2306 1326 2338 est5
1362 2300 1481 2331 doctor
1504 2300 1623 2344 LegiS,
1658 2308 1690 2333 et
1719 2301 1855 2343 Levita,
1880 2303 1913 2333 id
1937 2308 2008 2340 est,
2032 2308 2215 2333 mactator

1199 2344 1373 2384 pecudum.
1420 2344 1461 2375 lli
1484 2355 1552 2376 non
1576 2352 1719 2386 possunt
1743 2356 1840 2386 opem
1865 2343 1953 2377 ferre
1977 2345 2141 2383 morienti,
2163 2345 2197 2377 iil

1199 2394 1262 2425 est,
1286 2386 1372 2429 legis
1397 2397 1501 2429 opera
1530 2399 1597 2420 nou
1623 2388 1742 2420 tollunt.
1765 2390 1848 2420 iram
1876 2389 1941 2420 Dei
1971 2400 2034 2420 nec
2058 2399 2196 2431 recupe-

1199 2437 1275 2462 rant
1297 2432 1453 2463 iustitiam
1475 2439 1507 2463 et
1531 2433 1632 2464 vitam
1658 2442 1838 2464 aeternam.
1862 2433 1934 2464 Nec
1959 2432 2136 2464 sacrificiis
2161 2439 2195 2465 et

1198 2476 1400 2506 mactatione
1435 2477 1600 2517 pecudum
1629 2475 1755 2518 placari
1784 2477 1833 2507 ira
1864 2476 1927 2507 Dei
1960 2483 2080 2518 potest.
2127 2476 2195 2509 Sed

1198 2518 1446 2556 Samaritaniis,
1483 2520 1514 2550 id
1541 2527 1608 2558 cst,
1640 2528 1755 2552 custos
1779 2518 1955 2552 Ecclesiae
1985 2532 2069 2552 suae
2091 2519 2194 2552 Filius

1197 2560 1277 2593 Dei:
1307 2574 1384 2594 nani
1407 2564 1517 2603 7325&
1541 2564 1716 2595 custodem
1740 2563 1928 2606 significat:
1957 2564 2112 2596 adficitur
2135 2564 2193 2596 nii-

153 1829 276 1869 Deum,
299 1828 517 1862 diffidentiam
541 1828 738 1873 fugitantem
762 1830 882 1869 Deum,
907 1837 940 1863 et
962 1831 1149 1864 inclinatio-

151 1883 227 1912 neS,
251 1874 340 1905 unde
363 1872 456 1905 multi
480 1881 631 1906 errantes
654 1875 796 1916 impetus
814 1881 932 1906 contra
946 1875 1071 1918 Legem
1084 1876 1150 1908 Dei

151 1917 315 1949 oriuntur.
360 1916 454 1949 ilaec
477 1916 566 1949 mala
593 1928 667 1950 cuni
691 1919 840 1950 nominet
862 1929 1000 1950 sensum
1024 1920 1148 1959 carnis,

150 1960 365 1993 manifestum
384 1967 436 1993 est
459 1960 583 1999 malum
602 1962 779 1994 nobiscum
803 1972 962 2001 nascens,
985 1973 1054 1995 non
1077 1969 1149 1995 tan-

150 2011 220 2036 tum
242 2010 371 2037 reatum
393 2015 483 2044 esse,
505 2005 567 2036 sed
591 2006 690 2037 etiam
713 2005 796 2038 illud
819 2005 941 2038 vulnus
960 2007 993 2038 in
1016 2013 1147 2046 natura,

150 2047 324 2084 videlicet,
360 2059 484 2090 pravas
514 2047 760 2092 inclinationes,
796 2050 837 2081 de
872 2051 992 2093 quibus
1024 2050 1148 2082 dictum

149 2099 213 2123 est.
258 2092 330 2123 Nec
353 2102 443 2124 nova
462 2098 515 2124 est
538 2092 622 2124 haec
645 2094 799 2126 doctrina
821 2094 855 2125 in
874 2094 1043 2133 Ecclesia,
1068 2101 1148 2126 tunc

150 2135 281 2166 demum
305 2146 326 2167 a
349 2135 456 2168 Paulo
494 2137 626 2175 tradita,
662 2138 722 2169 sed
756 2138 833 2169 inde
857 2149 966 2180 usque
989 2139 1033 2169 ab
1057 2139 1147 2170 initio

151 2188 284 2220 semper
306 2180 425 2211 Patres
450 2186 482 2211 et
506 2179 697 2221 Prophetae
726 2181 816 2213 hanc
842 2182 1066 2214 infirmitatem
1088 2180 1147 2214 na‘-

150 2229 245 2253 turae
279 2221 444 2255 humanae
478 2230 511 2255 et
552 2231 764 2266 agnoverunt
799 2232 832 2256 et
874 2225 1145 2268 deploraverunt.

150 2265 231 2297 Vult
266 2267 353 2297 enim
385 2266 479 2299 Deus
514 2268 546 2299 in
570 2267 725 2300 Ecclesia
753 2279 887 2311 semper
910 2269 1021 2312 aliquo
1046 2271 1145 2302 modo

149 2308 290 2351 intelligi
326 2316 359 2341 et
381 2312 524 2353 agnosci
549 2311 614 2343 lioe
637 2311 762 2344 malum
784 2312 928 2344 haerens
953 2315 984 2344 in
1014 2321 1146 2353 natura,

149 2359 186 2385 ut
207 2354 316 2385 sciant
336 2354 487 2386 homines
512 2365 548 2386 se
568 2366 635 2387 non
659 2355 855 2389 satisfacere
879 2357 964 2399 Legi
984 2357 1060 2396 Dei,
1083 2368 1146 2390 nee

150 2397 328 2438 disciplina
352 2399 459 2429 iustos
483 2410 560 2430 esse
584 2410 699 2431 corani
722 2400 810 2437 Deo,
835 2402 895 2433 sed
909 2408 1071 2443 quaerant
1094 2413 1145 2433 re·

149 2441 341 2473 missionem
365 2448 593 2483 peccatorum,
613 2454 673 2485 per
697 2445 928 2476 Mediatoreiu.
996 2447 1086 2484 Item,
1110 2453 1145 2478 ut

150 2485 329 2516 discrimen
365 2487 593 2527 conspiciatur
627 2488 713 2519 inter
746 2488 872 2531 Legem
905 2489 971 2520 Dei
996 2496 1027 2520 et
1049 2488 1144 2532 leges

149 2528 313 2569 politicas.
339 2529 410 2561 Lex
435 2529 498 2562 Dei
521 2538 660 2562 accusat
684 2543 750 2564 non
775 2538 902 2565 tantuin
926 2540 1065 2565 externa
1089 2535 1144 2565 de-

148 2571 240 2611 licta,
265 2574 326 2604 sed
350 2574 447 2605 etiam
471 2585 594 2616 pravas
619 2573 849 2607 inclinationes
875 2578 906 2608 in
932 2578 1045 2609 corde.
1075 2579 1143 2610 Sed

148 2615 262 2659 Leges
285 2616 441 2659 politicae
466 2625 543 2651 sunt
567 2617 799 2662 qualecunque
822 2619 969 2659 frenum,
995 2632 1061 2663 quo
1085 2632 1142 2654 ex·
1165 2601 1171 2665 i
1195 2624 1380 2656 sericordia
1403 2624 1601 2657 calamitatis
1636 2632 1784 2664 nosti-ae,
1807 2631 1841 2658 et
1864 2624 2007 2658 infundit
2028 2626 2141 2657 vinum
2159 2630 2193 2658 et

1077 2678 1091 2684 “
1988 2685 2032 2710 17*
