2383 2990
176 128 235 160 132·

173 224 272 265 impia
306 223 461 264 opinione
486 224 583 254 etiam
614 222 726 254 ludaei
751 222 964 254 cumulabant
987 221 1165 253 sacrificia.

177 266 290 302 Quare
313 266 527 308 reprehendit
538 265 631 297 Psal.
644 266 698 298 49.
714 267 777 298 has
801 265 1057 308 superstitiosas
1071 264 1164 296 obla-

173 311 294 341 tiones.

370 421 432 454 DE
468 422 730 471 ALLEGORIA
766 420 969 452 SAssssA'rl.

260 492 401 533 Propria
416 499 447 523 et
460 491 602 533 simplex
616 492 777 523 sententia
792 490 962 532 praecepti
976 496 1039 527 est,
1065 500 1164 531 quam

172 536 384 567 recitavimus
420 536 461 567 de
495 535 729 566 conservando
754 534 936 565 ministerio
961 538 993 564 et
1017 543 1164 564 ceremo—

173 580 248 610 niis·
295 579 361 611 Sed
386 577 451 610 alia
475 579 637 620 quaedam
662 576 826 619 allegoria
850 577 989 608 Sabbati
1014 577 1163 607 traditur.

173 623 257 658 Quia
271 623 356 654 enim
370 622 510 653 Mos-aiei
523 623 606 652 ritus
620 622 773 662 abrogati
798 627 886 659 sunt,
911 621 1043 662 quidam
1064 630 1164 661 quae-

172 672 249 697 runt
272 665 559 708 significationem,
584 670 616 695 et
640 665 730 695 aiunt
753 665 936 695 Sabbatum
963 673 1040 693 esse
1064 674 1163 694 ioca-

173 710 306 748 tionem,
341 719 414 740 cum
451 706 604 739 videlicet
638 708 779 749 patimur
814 707 922 738 Deum
952 715 1105 747 agentem
1131 707 1163 737 in

171 753 281 790 nobis,
303 753 378 783 ideo
402 751 585 783 Sabbatum
604 750 795 792 intelligunt
819 752 861 782 de
874 751 1040 792 patientia.
1087 750 1163 781 Non

170 795 323 836 improbo
338 795 426 825 hanc
439 793 646 835 allegoriam,
671 796 731 825 sed
752 793 886 836 longius
911 794 1077 824 accersita
1101 800 1164 831 est,

170 843 203 869 et
226 849 291 869 non
316 839 414 869 debet
440 839 623 868 obscurare
645 837 783 869 alteram
797 837 994 868 sententiam
1021 837 1062 867 de
1086 847 1163 867 con-

170 882 362 913 servatione
385 881 573 918 ministerii,
598 891 682 922 quae
707 882 838 923 quidem
863 880 964 921 longe
989 886 1162 922 praestan-

170 925 234 956 tius
259 935 344 966 opus
367 930 429 962 est,
454 934 550 965 quam
574 925 743 965 patientia.
774 924 904 955 Deinde
929 924 982 954 lex
1007 934 1073 954 non
1094 930 1163 954 tan-

170 974 238 999 tum
262 968 352 999 iubet
375 969 561 1009 quiesi-ere,
596 968 656 998 sed
681 968 769 999 iubet
803 978 945 998 vacuum
970 968 1055 998 diem
1086 978 1163 998 san-

170 1011 334 1049 ctificare‚
358 1011 424 1042 hoc
444 1018 515 1048 est,
538 1011 699 1052 praecipit.
723 1021 825 1051 opera
850 1017 942 1042 certa
966 1011 1161 1041 necessaria

169 1056 211 1086 ad
235 1053 466 1085 illustrandam
492 1060 523 1085 et
548 1055 800 1096 propagandam
825 1053 964 1095 gloriam
978 1053 1053 1085 Dei.
1080 1054 1161 1085 Cae—

170 1106 275 1130 terum
298 1096 380 1129 illud
406 1108 520 1128 verum
545 1105 606 1136 est,
632 1099 721 1139 quod
747 1104 899 1128 sanctum
925 1098 1092 1139 signiticat
1116 1096 1161 1128 al-

168 1141 318 1184 legorice
352 1147 476 1173 statum
506 1140 597 1172 illum
621 1142 826 1172 instauratae
850 1148 988 1172 naturae
1008 1147 1085 1181 post
1110 1151 1160 1171 re-

168 1185 423 1222 surrectionem,
448 1185 479 1215 in
504 1195 570 1226 quo
590 1196 657 1215 non
682 1183 789 1215 solum
814 1185 998 1215 cessabunt
1023 1183 1159 1215 labores

169 1228 334 1269 corporis,
358 1228 419 1259 sed
444 1228 541 1258 etiam
566 1226 772 1259 calamitates
796 1234 827 1259 et
840 1234 994 1269 pet-cata,
1017 1237 1084 1258 non
1098 1229 1159 1258 eri-

167 1282 240 1303 mus
265 1272 419 1312 occupati
445 1269 596 1302 civilibus
622 1270 754 1309 officiis,
791 1280 934 1312 corpora
969 1281 1034 1301 nou
1061 1272 1159 1301 edent

166 1321 226 1346 aut
259 1315 385 1352 bibent,
419 1316 542 1345 erimus
578 1313 671 1345 liberi
697 1325 713 1345 a
739 1316 907 1355 peccatis,
943 1320 974 1344 et
999 1325 1018 1344 a
1042 1321 1159 1352 morte,

165 1356 241 1389 talis
278 1359 372 1398 quies
407 1359 467 1388 erit
501 1356 554 1387 illu
588 1368 674 1388 nova
703 1358 780 1388 vita.
849 1357 917 1388 Sed
942 1367 1007 1387 non
1032 1364 1157 1388 tantum

165 1401 225 1432 erit
251 1401 356 1442 quies,
380 1401 439 1431 sed
464 1400 600 1431 accedet
626 1400 858 1438 sanctificatio,
883 1410 971 1441 quae
994 1406 1046 1430 est
1063 1412 1158 1441 prae-

165 1445 259 1486 cipua
280 1454 360 1485 pars
386 1443 535 1481 Sabbata
560 1444 635 1485 quia
660 1444 690 1474 in
716 1442 770 1474 illa
795 1444 905 1486 quiete
927 1441 1076 1474 fruemur
1098 1454 1157 1475 no-

163 1488 234 1520 titia
258 1485 333 1528 Dei,
358 1493 389 1518 et
413 1486 675 1529 glorificabimus
701 1487 819 1519 Deum.
878 1487 969 1518 Haec
1001 1493 1052 1517 est
1077 1486 1157 1518 alle-

163 1532 257 1574 goria
281 1541 360 1562 vera
386 1530 537 1567 sabbati,
559 1532 644 1563 sicut
666 1531 766 1563 docet
779 1529 930 1572 Epistola
954 1531 995 1561 ad
1012 1530 1156 1562 Hebrae-

162 1585 214 1607 os.
259 1574 302 1606 Et
335 1573 455 1605 Esaias
483 1575 605 1616 inquit:
641 1574 711 1606 Erit
746 1576 924 1606 sabbatum
948 1581 1156 1615 perpetuum.

162 1619 250 1655 Quia
282 1628 365 1650 vero
401 1619 576 1649 sabbatum
606 1618 689 1650 illud
719 1618 895 1649 inclinatur
918 1629 978 1660 per
1001 1618 1155 1661 Evange-

161 1662 259 1701 lium,
302 1662 376 1693 ideo
401 1662 498 1693 etiam
528 1660 691 1704 allegoria
715 1662 846 1693 sabbati
882 1660 1083 1693 transfertur
1113 1662 1154 1692 ad

161 1712 293 1748 tempus
317 1703 454 1737 revelati
477 1704 673 1748 Evangelii‚
709 1706 741 1736 in
766 1705 817 1736 liis
843 1706 940 1736 etiam
964 1705 1154 1737 inchoatum

163 1756 212 1781 est
245 1749 441 1786 sabbatum,
477 1748 510 1780 in
535 1751 656 1790 quibus
681 1749 836 1780 inchoata
857 1755 905 1780 est
929 1747 987 1779 tila
1012 1760 1099 1780 nova
1124 1755 1155 1780 et
1179 1760 1183 1768 ¹

161 1799 296 1825 aeterna
321 1793 399 1824 vita.
444 1792 517 1823 Nec
539 1791 663 1824 inutilis
688 1799 741 1824 est
765 1791 901 1823 collatio
927 1793 1155 1831 considerare,

162 1837 250 1879 quod
275 1835 416 1868 Sabbati
441 1846 526 1877 opus
550 1836 723 1867 adumbret
749 1836 847 1867 vitam
872 1842 1051 1867 aeternam.
1084 1836 1154 1867 Mo-

160 1886 218 1911 net
252 1881 338 1911 enini
367 1880 400 1910 in
425 1880 491 1910 vita
515 1886 651 1910 aeterna
675 1890 741 1911 non
766 1877 874 1910 solum
899 1879 1043 1921 quietem
1068 1879 1154 1910 sutu-

161 1934 231 1954 ram
256 1933 345 1961 esse,
371 1923 431 1953 scd
456 1921 555 1954 talem
581 1924 741 1963 quietem²
777 1923 808 1953 in
834 1933 899 1964 qua
920 1923 1071 1953 homines
1095 1934 1154 1953 no-

162 1967 231 1996 titia
258 1967 318 1997 Dei
342 1965 504 2004 fruentur,
529 1972 560 1997 et
583 1965 692 1998 Deum
724 1965 970 2008 glorificabunt.
1029 1966 1095 1997 Sed
1119 1972 1154 1997 ut:

163 2007 335 2052 Allegoria
366 2010 407 2041 ad
432 2008 574 2040 futuram
600 2012 699 2041 vitam
723 2010 877 2051 pertinet,
902 2010 945 2040 ita
971 2011 1154 2040 memineri-

162 2064 234 2084 mus
258 2053 290 2084 in
314 2052 379 2084 hac
402 2054 488 2091 vita,
526 2063 610 2093 opus
636 2054 716 2084 esse
746 2053 811 2084 1106
836 2059 975 2084 externo
1000 2054 1153 2091 sabbato,

161 2094 317 2128 videlicet
340 2096 522 2127 ministerio
550 2097 643 2128 verbi
664 2097 725 2128 Dei
751 2102 784 2128 et
803 2098 1078 2127 ceremoniarum.
1120 2097 1153 2128 Id

160 2150 251 2172 nunc
275 2137 522 2181 intelligendum
548 2147 599 2171 est
619 2147 651 2172 et
674 2141 910 2181 praestandum
943 2140 1031 2171 onmi
1061 2150 1153 2177 cura,

160 2188 197 2215 ut
221 2182 432 2221 obediamus,
468 2192 496 2214 et
518 2182 574 2214 illa
598 2194 726 2215 summa
751 2183 912 2215 beneficia
936 2183 998 2214 Dei
1022 2183 1152 2214 scilicet

160 2226 376 2259 ministerium
399 2227 493 2258 verbi
517 2233 549 2258 et
569 2228 777 2259 ceremonias
790 2226 1028 2270 intelligamuS,
1054 2238 1153 2258 vene-

161 2281 272 2302 remur
296 2276 327 2300 et
351 2279 601 2301 con-servemus.

190 2403 280 2443 DE
313 2402 621 2453 QUARTO
660 2402 1121 2445 PRAECEPTO.

207 2516 315 2566 Quid
351 2516 546 2570 praecipit
579 2525 766 2569 quartum
800 2517 1099 2571 Praeceptum?

248 2607 413 2649 Praecipit
438 2614 471 2639 ut
495 2613 631 2649 propter
654 2607 763 2639 Deum
788 2609 984 2640 obediamus
1009 2610 1151 2650 parenti-

898 127 950 160 111.
975 125 1252 160 CATECHESIS
1280 126 1492 159 PUERlLlS.

2146 131 2209 166 138

1218 222 1294 259 bus,
1317 222 1580 263 magistratibus,
1616 223 1812 254 doctoribus
1837 229 1869 255 et
1893 226 2207 267 caete1·is5‘quibus

1219 271 1376 306 parentes
1400 277 1495 296 suam
1519 267 1624 297 vicem
1649 267 1896 298 commiserunt.
1942 268 2086 299 Primum
2099 276 2210 302 autem

1219 308 1369 338 ordinem
1405 309 1592 340 considera.
1660 309 1757 340 Prior
1787 309 1901 341 tabula
1937 313 2069 343 tradidit
2092 323 2208 354 opera,

1219 352 1340 393 quibus
1365 361 1439 382 cum
1462 351 1537 383 Deo
1560 354 1694 393 proprie
1717 354 1848 395 agimus
1883 359 1915 385 et
1949 365 2035 396 quae
2062 362 2137 387 sunt
2161 358 2209 388 in·

1219 396 1333 425 stituta
1373 395 1415 425 ad
1450 396 1671 436 spargendam
1707 403 1737 427 et
1774 399 2024 440 propagandam
2060 400 2208 431 notitiam

1217 437 1293 468 Dei.
1323 438 1477 469 Secunda
1502 437 1614 470 tabula
1635 441 1780 471 continet
1800 442 1922 479 officia,
1947 452 2034 483 quae
2057 443 2209 475 serviunt

1218 482 1380 522 proximo,
1405 487 1434 511 et
1449 481 1526 513 huic
1545 483 1697 513 societati
1714 483 1882 515 hominum
1901 486 2093 517 necessaria
2117 493 2205 526 sunt,

1216 526 1249 555 in
1275 535 1339 566 qua
1363 531 1493 565 oportet
1518 526 1660 556 existere
1685 527 1939 568 gubernatores.
1965 528 2043 560 ldeo
2067 529 2208 570 primum

1218 569 1367 599 sancitur
1389 567 1443 599 lex
1469 569 1508 599 de
1533 570 1731 601 obedientia·
1777 570 1915 611 Oportet
1937 578 1968 602 et
1991 574 2103 610 vitam,
2129 584 2208 604 con-

1217 611 1317 653 iugia,
1354 622 1406 642 res
1431 611 1575 650 (161611111,
1611 623 1688 655 esse
1701 619 1892 645 contractus
1918 621 1948 646 61
1974 615 2103 647 iudicia.
2126 616 2206 647 ldeo

1217 655 1385 686 adduntur
1428 662 1561 687 caetera
1602 663 1799 698 praecepta:
1830 657 1904 689 Non
1940 660 2094 698 oct-ides,
2131 660 2206 691 Non

1217 698 1461 737 moechaberis,
1487 705 1549 730 etc.

1248 864 1403 906 Suntne
1447 882 1569 922 opera
1609 868 1814 908 secundae
1847 869 2012 909 tabulae
2046 870 2176 910 cultus

1666 928 1770 967 Dei?

1187 1014 1192 1071 i
1302 1035 1436 1077 Duplex
1461 1037 1649 1068 obedientia
1673 1043 1724 1067 est
1749 1038 1892 1069 omnium
1929 1040 2137 1080 sequentium
2160 1038 2206 1071 16-

1186 1074 1191 1135 ¹¹
1215 1080 1437 1120 gun1,·impia
1466 1086 1497 1111 et
1522 1080 1585 1120 pia.
1634 1080 1731 1121 impia
1757 1087 1826 1118 est,
1863 1092 1938 1113 cum
1957 1082 2109 1113 homines
2134 1084 2206 1115 sine

1186 1137 1190 1158 t
1214 1123 1331 1154 timore
1344 1123 1417 1160 Dei,
1443 1124 1514 1154 siue
1527 1124 1696 1165 agnitione
1718 1123 1842 1156 Christi
1863 1132 1894 1156 et
1918 1136 1997 1157 vera
2023 1126 2088 1157 fide
2112 1137 2206 1167 prae-

1185 1161 1189 1180 ¹
1214 1172 1302 1197 stant
1339 1173 1477 1197 externa
1512 1166 1640 1203 officia,
1677 1178 1762 1209 quae
1786 1166 1882 1210 leges
1906 1170 2120 1209 imperiorum
2144 1170 2204 1201 110-

1184 1182 1189 1255 1
1214 1216 1329 1240 nestae
1363 1210 1530 1250 flagitant,
1560 1216 1596 1241 ut
1625 1211 1854 1251 obtemperent
1884 1211 2015 1253 legibus
2037 1214 2206 1245 civitatum

1184 1263 1188 1296 ᾖ
1213 1263 1359 1284 suarum.
1408 1252 1513 1291 Plato,
1539 1254 1754 1292 Aristoteles,
1778 1254 1973 1293 Marcellus,
2005 1255 2124 1288 Cicero
2149 1263 2205 1288 aut

1184 1311 1188 1339 Ι
1212 1295 1350 1327 similes.
1396 1296 1488 1328 llaec
1513 1298 1711 1335 obedientia,
1736 1299 1798 1329 etsi
1822 1299 2016 1340 disciplinae
2049 1311 2204 1331 necessa-

1183 1357 1187 1381 i
1213 1340 1261 1370 ria
1285 1346 1348 1377 est,
1384 1346 1493 1371 tamen
1518 1341 1664 1372 nondum
1699 1348 1750 1372 est
1774 1342 1943 1374 inchoatio
1963 1344 2133 1384 praecepti
2157 1343 2204 1375 di-

1182 1392 1187 1431 1
1212 1383 1291 1421 vini,
1315 1394 1377 1414 nec
1398 1390 1447 1414 est
1470 1383 1578 1415 cultus
1602 1383 1677 1415 Dei.

1297 1460 1375 1492 Alia
1403 1470 1452 1492 est
1484 1462 1536 1502 pia
1567 1462 1757 1493 obedientia
1786 1462 1941 1505 politica,
1975 1474 2036 1496 seu
2060 1465 2205 1495 exterior

1210 1514 1272 1536 seu
1296 1505 1443 1543 interior,
1467 1516 1541 1536 cum
1562 1505 1713 1537 videlicet
1740 1505 1928 1547 intelligunt
1947 1507 2004 1548 pii,
2031 1518 2069 1538 se
2093 1508 2204 1540 diviua

1209 1558 1294 1579 voce
1313 1549 1483 1580 subiectos
1498 1559 1575 1580 esse
1588 1550 1781 1590 parentibus
1807 1558 1837 1581 et
1852 1549 2008 1593 legitimis
2028 1552 2204 1594 magistra·

1180 1595 1185 1634 Ι
1210 1592 1297 1623 tibus
1323 1603 1362 1623 ac
1387 1593 1593 1624 doctoribus.
1663 1593 1778 1635 ltaque
1801 1594 1928 1625 addunt
1951 1595 2102 1626 timorem
2127 1594 2204 1634 Dei,

1180 1637 1439 1677 {obtemperant
1474 1642 1610 1677 propter
1645 1635 1767 1675 Deum,
1802 1644 1835 1668 et
1868 1645 2061 1680 agnoscunt
2086 1637 2204 1671 Filium

1180 1679 1271 1710 iDei
1307 1678 1529 1717 salvatorem,
1566 1686 1597 1710 et
1633 1679 1698 1711 fide
1732 1687 1879 1712 statuunt,
1914 1688 2051 1723 propter
2085 1681 2203 1713 Filium

1179 1708 1184 1757 i
1207 1722 1272 1753 Dei
1302 1722 1438 1763 placere
1467 1723 1658 1754 inchoatam
1690 1725 1922 1756 obedientiam.
1992 1724 2127 1756 Dicmm
2152 1732 2203 1757 est

1179 1772 1183 1809 t
1207 1773 1316 1797 autem
1339 1777 1453 1808 supra,
1478 1767 1586 1797 omnia
1611 1775 1789 1809 χιι-1166611211
1813 1769 1857 1799 ad
1880 1769 2021 1809 primum
2051 1779 2127 1800 esse
2152 1779 2202 1800 re-

1206 1809 1355 1841 ferenda.
1413 1810 1469 1840 Sic
1494 1809 1571 1841 fiunt
1595 1821 1697 1852 opera
1720 1810 1857 1852 politica
1881 1811 1992 1843 cultus
2016 1811 2092 1849 Dei,
2127 1823 2202 1844 cum

1207 1854 1371 1884 accedunt
1395 1854 1493 1884 timor
1516 1853 1590 1892 Dei,
1615 1860 1647 1885 et
1669 1855 1795 1897 agnitio
1823 1854 1894 1885 Filii
1919 1855 1984 1886 Dei
2011 1854 2201 1887 Salvatoris

1178 1904 1181 1947 Ι
1207 1898 1323 1935 nosti-i,
1348 1903 1379 1928 et
1403 1897 1504 1935 fides,
1540 1896 1689 1938 Cumque
1718 1898 1908 1929 reseruntur
1930 1897 2065 1939 politica
2091 1897 2203 1931 officia

1177 1951 1181 1982 1
1205 1941 1247 1971 ad
1272 1940 1413 1982 gloriam
1437 1939 1512 1977 Dei,
1535 1939 1601 1972 1106
1623 1948 1684 1979 est,
1710 1947 1743 1972 ut
1761 1941 1838 1973 Deo
1859 1943 2067 1979 obediamus,
2093 1948 2126 1973 61
2148 1943 2201 1974 his

1177 1987 1181 2004 ¹
1205 1983 1326 2015 officiis
1351 1984 1422 2015 eius
1449 1982 1590 2026 gloriam
1615 1994 1784 2023 ornemus,
1808 1996 1848 2016 ac
1874 1986 2022 2016 notitiam
2035 1996 2200 2028 propage·

1177 2006 1181 2042 l

1177 2044 1181 2067 Ι
1205 2038 1279 2059 nius
1303 2033 1359 2058 aut
1382 2038 1633 2059 conservemus.

1293 2088 1384 2119 Haec
1418 2088 1536 2130 regula
1571 2088 1607 2119 fit
1631 2088 1792 2120 illustrior
1815 2090 1998 2130 propositis
2024 2088 2198 2131 exemplis.

1206 2130 1319 2172 Scipio
1344 2138 1376 2163 et
1400 2131 1511 2163 David
1535 2140 1653 2174 gerunt
1678 2143 1732 2164 res
1752 2132 1896 2172 similes,
1920 2140 2062 2174 uterque
2087 2133 2199 2165 desen-

1206 2175 1250 2206 dit
1274 2186 1368 2207 suam
1392 2175 1645 2216 Rempublicam
1669 2177 1793 2218 ingenti
1818 2177 1951 2214 virtute,
1982 2183 2014 2207 et
2050 2175 2197 2208 clarissi-

1205 2219 1266 2249 mis
1291 2220 1453 2250 victoriis.
1501 2219 1607 2250 Porro
1632 2220 1746 2260 Scipio
1771 2231 1836 2251 non
1861 2219 1962 2251 habet
1986 2220 2076 2251 hunc
2099 2220 2198 2252 finem

1204 2263 1421 2303 propositum,
1447 2268 1482 2293 ut
1496 2264 1647 2294 doctrina
1662 2265 1702 2294 de
1716 2263 1788 2294 Deo
1810 2270 2015 2305 propagetur
2039 2270 2096 2295 aut
2120 2274 2198 2295 con-

1175 2285 1180 2442 ,
1205 2313 1368 2344 servetur,
1395 2316 1460 2337 ron
1484 2304 1585 2337 refert
1608 2318 1689 2337 suas
1715 2308 1873 2338 victorias
1898 2307 1940 2337 ad
1965 2306 2197 2338 illustrandam

1204 2349 1347 2391 gloriam
1382 2349 1455 2380 Dei.
1512 2350 1579 2381 Sed
1608 2349 1717 2381 David
1746 2351 1818 2381 ideo
1849 2351 1989 2390 suscipit
2016 2351 2196 2381 certamina

1203 2399 1235 2423 et
1259 2391 1407 2424 labores.
1434 2399 1468 2424 ut
1491 2392 1629 2424 defensa
1654 2395 1761 2435 patria
1788 2400 2010 2425 conservetur
2034 2404 2112 2424 vera
2138 2394 2196 2425 do-

1175 2445 1179 2463 t
1204 2437 1309 2467 ctrina
1333 2437 1374 2467 de
1398 2436 1484 2473 Deo,
1508 2447 1548 2467 ae
1571 2444 1786 2478 propagetur.
1818 2437 1865 2468 lta
1889 2435 2099 2477 singulorum
2123 2435 2197 2468 offi-

1175 2485 1179 2547 1
1204 2480 1254 2511 cia
1277 2480 1310 2510 in
1335 2487 1403 2510 tota
1428 2481 1516 2511 vitae
1540 2482 1699 2511 societate
1729 2481 1918 2511 intueantur
1947 2479 2067 2511 Deum.
2110 2480 2196 2516 Quia

1176 2550 1180 2561 ξ
1204 2522 1289 2553 hanc
1322 2524 1429 2563 ipsam
1465 2525 1507 2554 ob
1544 2535 1678 2555 causam
1709 2524 1750 2553 ad
1775 2525 1968 2555 societatem
1992 2525 2114 2554 conditi
2140 2535 2195 2555 su-

1175 2564 1179 2599 ἶ
1203 2577 1288 2605 mus,
1314 2574 1347 2597 ut
1372 2565 1426 2598 alii
1451 2566 1535 2599 alios
1556 2568 1596 2598 de
1620 2567 1706 2604 Deo,
1730 2574 1760 2597 et
1788 2568 1827 2597 de
1849 2569 1949 2596 rebus
1978 2567 2073 2598 bouis
2096 2567 2194 2596 dace-

1175 2615 1179 2640 1
1202 2616 1270 2641 ant.
1301 2620 1303 2622 ·
1338 2609 1481 2651 ideoque
1511 2610 1606 2642 Deus
1635 2616 1701 2641 tam
1732 2611 1831 2641 variis
1857 2608 1999 2641 vinculis
2020 2616 2050 2641 et
2074 2609 2193 2641 officiis
