2383 2990
209 130 272 162 607
847 130 960 162 PHlL.
984 130 1087 162 MEL.
1108 131 1297 164 SCR1PTA
1316 131 1597 163 DOGMATICA.
2172 133 2237 165 608

294 225 394 256 Anno
417 225 492 257 433.
560 225 729 267 Ephesina
753 226 908 268 Synodus
937 232 1124 258 convocata
1145 233 1197 259 est

209 280 228 300 a
251 269 377 300 iuniore
401 268 602 308 Theodosio,
626 270 658 300 in
682 280 746 311 qua
770 268 913 311 praefuit
933 269 1079 312 Cyl-illus
1092 269 1196 302 Alex-

207 313 377 343 andrinus.
404 312 495 343 Haec
520 312 673 354 Synodus
698 319 789 344 recte
814 314 981 345 damnavit
992 314 1195 353 Nestorium,

207 357 262 398 qui
286 357 430 398 negabat
455 357 485 386 111
510 355 644 387 Christo
668 357 792 388 unitum
817 367 894 387 esse
917 358 1055 389 verbum
1080 358 1194 389 huma-

205 409 270 430 nae
288 406 437 437 naturae‚
461 398 671 430 substantiali
694 400 827 438 unione,
852 401 912 431 sed
932 406 1057 432 tantum
1071 401 1194 433 adesse

205 443 356 481 verbum,
381 448 413 473 et
435 442 619 474 inhabitare
643 444 674 474 in
699 443 842 474 humana
866 450 996 483 natura,
1019 444 1112 477 velut
1134 445 1193 476 ho-·

205 486 324 528 spitem
348 486 379 517 ’111
400 485 578 525 domicilio,
603 492 638 518 ut
661 487 706 518 ibi
727 493 817 518 esset
842 486 974 519 efficax.

291 571 385 603 Haec
409 570 469 604 fuit
491 574 602 614 magni
621 574 777 604 momenti
802 574 1043 606 controversia.
1110 574 1194 606 Nam

203 616 237 647 in
272 614 407 647 Christo
454 627 532 648 vere
576 622 608 647 et
653 616 917 648 substantialiter
961 619 1072 648 unitae
1116 623 1194 649 sunt

205 659 292 690 duae
324 665 474 698 naturae,
508 660 578 691 Nec
601 670 716 691 verum
741 666 810 698 est,
842 659 1019 692 humanam
1043 667 1195 692 naturam

205 701 314 734 solam
339 713 417 734 esse
441 702 622 742 Christum,
646 714 687 735 ae
705 701 907 735 domicilium
933 714 1009 735 esse
1027 705 1121 735 verbi
1141 714 1194 735 as-

203 746 365 785 sistentis,
388 747 466 778 Inde
488 752 645 778 urserunt
669 748 712 788 pii
735 746 797 778 has
821 746 947 778 formas
970 746 1127 788 loquendi
1152 748 1193 778 de

202 790 328 821 unitate
352 800 529 830 personae,
564 789 673 822 Deum
697 800 774 821 esse
796 796 926 829 natum,
960 801 1098 832 passum
1123 796 1189 821 etc.

202 832 276 864 Etsi
304 839 414 864 autem
438 833 614 865 Nestorius
634 835 778 875 negabat
801 843 838 864 se
862 845 937 864 cum
968 833 1192 865 Somosateno

203 877 339 915 sentire,
364 882 474 908 tamen
499 878 656 918 suspicor
679 888 750 908 eum
775 887 811 908 re
834 877 905 918 ipsa
929 877 1015 907 idem
1029 877 1191 913 sensisse,

203 920 264 951 sed
299 921 331 950 in
362 921 509 961 speciem
544 920 640 952 aliter
677 921 897 961 proposuisse
918 926 1017 951 vetus
1042 919 1192 951 delirium

202 961 385 995 involucris
409 969 543 995 tectum.

290 1049 389 1081 Anno
423 1049 498 1080 452.
567 1048 854 1080 Chalcedonensis
886 1049 1046 1091 Synodus
1070 1059 1193 1080 convo-

204 1099 279 1125 cata
302 1099 351 1125 est
365 1093 561 1125 aMartiano
574 1093 790 1134 Imperatore,
812 1093 845 1123 in
869 1103 933 1134 qua
956 1100 1048 1124 reete
1061 1093 1194 1124 damna-

203 1143 256 1168 tus
281 1143 333 1168 est
368 1136 549 1178 Eutyches,
588 1137 641 1178 qui
665 1137 802 1178 negavit
826 1137 923 1167 etiam
947 1137 1029 1167 duas
1054 1142 1193 1167 naturas

202 1180 235 1211 in
261 1180 406 1218 Christo,
430 1191 470 1211 ac
495 1181 663 1212 contendit
685 1180 793 1221 ipsam
816 1180 910 1211 verbi
938 1185 1089 1211 naturam
1113 1179 1194 1211 divi-

202 1223 291 1255 nitus
314 1224 465 1262 missam,
489 1224 607 1255 editam
633 1233 710 1254 esse
733 1234 793 1264 per
816 1223 992 1265 virginem,
1020 1234 1084 1254 nec
1109 1223 1193 1254 duas

203 1277 280 1298 esse
304 1273 442 1298 naturas
468 1268 585 1304 unitas⁷
609 1267 751 1298 Videtur
771 1272 803 1298 et
826 1265 880 1297 hic
904 1276 1091 1298 renovasse
1115 1265 1195 1297 deli-

203 1311 287 1342 rium
324 1311 542 1347 Samosateni,
572 1311 633 1341 sed
667 1309 733 1342 alio
767 1309 942 1341 involucro
972 1310 1193 1351 propositum.

203 1354 277 1386 Hoc
300 1354 455 1386 iudicium
478 1354 605 1396 Synodi
627 1353 830 1385 laudandum
856 1359 918 1385 est.

290 1439 465 1472 Caeterum
489 1446 667 1473 creverant
700 1441 765 1472 iam
797 1441 828 1471 in
853 1438 1007 1471 Ecclesia
1029 1438 1194 1470 humanae

203 1484 409 1515 traditiones.
456 1484 534 1515 Ideo
559 1483 687 1526 aliquas
712 1484 837 1515 addidit
859 1483 944 1515 haec
963 1483 1122 1525 Synodus
1146 1483 1193 1514 vi-

202 1528 308 1559 tiosas
333 1528 607 1566 constitutiones,
643 1538 710 1558 non
735 1528 776 1558 de
801 1528 1033 1569 dogmatibus,
1067 1527 1128 1558 sed
1154 1527 1194 1557 de

203 1571 400 1602 ceremoniis
426 1578 457 1603 et
482 1570 625 1602 cultibus
645 1577 738 1602 extra
762 1571 982 1611 Scripturam,
1017 1575 1050 1601 et
1083 1575 1193 1600 tamen

203 1614 313 1646 adhue
337 1620 414 1645 sunt
438 1615 699 1646 verecundiores
724 1614 787 1645 liae
800 1615 1067 1652 constitutiones,
1094 1624 1193 1654 quam

201 1657 287 1690 aliae
309 1663 426 1699 postea
450 1664 559 1689 natae.
627 1658 661 1688 ln
686 1657 750 1688 hac
780 1657 918 1699 synodo
941 1658 1081 1698 primum
1104 1655 1194 1687 sacta

202 1707 254 1733 est
277 1702 488 1740 constitutio,
515 1712 600 1743 quae
622 1701 779 1743 prohibet
802 1701 936 1741 nuptias
959 1699 1137 1731 Monachis
1162 1706 1194 1731 et

202 1745 396 1786 virginibuS,
431 1756 516 1786 quae
550 1751 629 1776 vota
663 1745 826 1782 fecerunt,
862 1750 895 1775 et
929 1744 1194 1775 excommunicat

201 1787 287 1820 tales
312 1788 550 1819 contrahentes
576 1789 753 1826 connubia,
784 1798 975 1829 quanquam
1000 1787 1090 1818 addit
1110 1787 1193 1818 miti-

203 1832 382 1875 gationem,
406 1842 507 1873 posse
533 1838 565 1863 et
587 1832 652 1863 hoc
678 1831 817 1863 concedi
842 1831 962 1862 iudicio
986 1830 1157 1871 Episcopi.

288 1918 416 1950 Verum
451 1917 554 1949 multa
577 1917 714 1960 politica
737 1916 861 1948 utiliter
896 1923 976 1948 tune
1012 1917 1194 1948 constituta

202 1968 291 1999 sunt,
325 1972 367 1993 ne
401 1961 560 2003 Episcopi
596 1962 662 2003 ipsi
698 1967 850 1992 tenerent
872 1961 1192 1991 administrationem

202 2004 397 2037 facultatum
432 2004 760 2043 Ecclesiasticarum,
795 2004 855 2034 sed
880 2010 914 2035 ut
938 2002 1113 2034 Ecclesiae
1138 2002 1194 2034 ha-

200 2050 319 2080 berent
345 2048 573 2087 Oeconomos,
609 2049 659 2079 Ne
683 2049 756 2090 quis
781 2045 876 2088 plura
898 2048 1079 2079 ministeria
1104 2052 1193 2077 tene-

202 2098 264 2124 ret.
334 2092 426 2130 Item,
462 2103 503 2123 ne
538 2093 610 2133 quis
648 2092 720 2122 sine
754 2091 937 2122 ministerio
973 2091 1192 2121 ordinaretur.

202 2135 301 2173 Item,
335 2141 369 2166 ut
404 2136 435 2166 in
459 2134 601 2177 singulis
625 2135 806 2176 provinciis
833 2134 991 2175 Episcopi
1016 2134 1193 2174 quotannis

204 2179 415 2216 conveniant,
450 2184 482 2209 et
515 2179 673 2220 synodos
709 2179 856 2210 habeant
890 2177 930 2208 de
960 2177 1193 2218 praesentibus

203 2221 377 2254 Ecclesiae
397 2223 649 2253 controversiis.

290 2309 383 2340 Haec
406 2308 498 2340 utilia
523 2310 657 2340 decreta
682 2308 895 2350 Synodorum
919 2306 1103 2338 adversa-rii
1127 2306 1193 2336 dis-

203 2351 372 2391 simulant,
407 2363 448 2383 ac
472 2353 601 2383 interim
625 2351 689 2383 alia
712 2351 839 2383 leviora
862 2349 1055 2392 proferunt,
1088 2355 1124 2380 ut
1147 2350 1193 2381 vi-

205 2397 346 2428 deantur
379 2396 476 2428 nobis
512 2405 683 2437 opponere
717 2397 840 2427 veteris
871 2393 1046 2426 Ecclesiae
1069 2393 1192 2424 autori-

204 2445 316 2471 tatem.

291 2524 438 2557 Fuerunt
467 2526 596 2557 interim
631 2531 662 2557 et
696 2524 780 2557 aliae
804 2524 944 2567 Synodi,
978 2533 1039 2555 seu
1062 2523 1194 2564 provin-

206 2568 321 2608 ciales,
344 2580 404 2600 seu
427 2569 686 2611 frequentiores,
709 2572 739 2600 in
760 2569 880 2611 quibus
894 2572 1124 2598 convenerunt
1148 2566 1194 2597 vi-

206 2615 355 2647 cinarum
377 2613 624 2654 provinciarum
647 2612 816 2654 Episcopi.

1252 227 1314 259 dus
1338 226 1549 259 Antiochena
1568 232 1644 259 ante
1667 227 1838 266 Nicenam,
1865 234 2051 259 convocata
2073 228 2237 260 adversus

1251 271 1518 309 Samosatenum,
1544 282 1629 313 quae
1648 272 1701 312 pie
1725 278 1755 302 et
1780 277 1872 302 recte
1895 272 2063 302 damnavit
2083 272 2238 303 Samosa-

1249 315 1316 345 teni
1339 314 1547 354 impietatem.
1593 314 1683 345 Talis
1708 316 1784 345 item
1807 313 1867 345 fuit
1891 314 2048 356 Synodus·
2064 315 2237 358 Gangren-

1250 358 1298 388 sis
1322 358 1354 388 in
1375 357 1515 394 Galatia,
1539 364 1636 389 vetus
1661 364 1692 389 et
1714 369 1810 399 pura,
1834 358 1932 389 habet
1957 360 2079 399 optima
2103 359 2238 390 decreta

1250 406 1365 432 contra
1388 401 1642 443 superstitiones
1667 402 1707 432 de
1732 402 1899 443 coniugis),
1924 402 1964 432 de
1988 403 2082 440 cibis,
2106 403 2146 433 de
2170 412 2237 433 mo-

1248 443 1402 476 nachatu.
1470 444 1511 475 Et
1536 451 1691 485 apparet,
1726 445 1813 475 hanc
1838 445 2011 487 Synodum
2036 446 2237 477 convenisse

1248 494 1387 529 propter
1410 487 1617 526 Montanum,
1640 489 1865 526 Marcionem,
1901 495 1933 519 ct
1956 488 2097 528 similes,
2121 490 2177 530 qui
2198 487 2237 520 il—

1248 530 1299 563 las
1322 532 1577 572 superstitiones
1602 530 1701 562 valde
1723 538 1897 563 auxerunt.

1337 619 1476 649 Secutae
1501 624 1577 649 sunt
1602 617 1688 649 aliae
1711 619 1938 658 posteriores,
1972 624 2007 649 ut
2031 618 2236 657 Anchirana,

1248 671 1332 702 quae
1367 661 1468 692 habet
1502 661 1589 692 hanc
1625 662 1893 693 constitutionem
1923 661 2184 701 memorabilem,
2208 663 2236 693 si

1248 705 1379 736 diaconi
1402 705 1435 735 in
1460 705 1667 736 ordinatione
1692 715 1756 735 non
1785 706 1997 746 promiserint
2025 716 2062 736 se
2086 706 2235 737 victuros

1249 746 1411 785 coelibes,
1436 749 1599 779 retinendi
1619 755 1696 780 sunt
1720 749 1752 779 111
1777 749 1979 786 ministeriis,
2003 746 2235 790 etiamsipost-

1245 801 1286 822 ea
1317 791 1444 822 ducunt
1479 802 1615 830 uxores,
1656 793 1719 823 sed
1743 792 1771 822 si
1797 793 2027 832 promiserint,
2063 798 2095 824 ct
2119 799 2236 833 postea

1246 839 1357 864 tamen
1382 834 1534 865 duxerint
1557 846 1694 874 uxores,
1731 836 1925 866 removendi
1951 841 2028 866 sunt
2051 846 2071 866 a
2089 836 2236 867 ministe-

1245 877 1306 907 rio.
1353 876 1462 907 Habet
1486 883 1518 908 et
1541 877 1627 907 alios
1651 878 1809 909 Canones
1833 879 1873 909 de
1897 879 1992 909 annis
2015 879 2237 920 poenitentiae

1245 918 1456 961 periculosos
1480 925 1513 951 et
1537 921 1802 961 superstitiosos.

1334 1005 1527 1037 Laodicena
1549 1012 1641 1037 recte
1665 1006 1798 1037 damnat
1817 1006 2036 1045 Novatianos,
2061 1007 2123 1037 sed
2146 1012 2237 1038 errat

1247 1055 1366 1080 tax-ans
1398 1050 1550 1091 digamos
1587 1050 1685 1080 etiam
1720 1049 1840 1087 laicos,
1865 1050 1955 1081 iubet
1980 1060 2039 1081 eos
2063 1050 2154 1091 prius
2177 1061 2237 1091 pu-

1247 1094 1320 1132 niri,
1344 1103 1442 1135 quam
1466 1093 1682 1124 admittantur
1705 1093 1746 1124 ad
1771 1094 2046 1131 communionem,
2080 1092 2236 1134 prohibet

1248 1138 1346 1167 etiam
1382 1137 1580 1177 baptismum
1611 1142 1690 1178 post
1714 1137 1796 1167 duas
1821 1137 2025 1177 septimanas
2050 1137 2236 1178 quadrage-

1247 1181 1363 1211 simae.
1411 1180 1554 1211 Caetera
1578 1179 1714 1220 politiea
1738 1185 1814 1210 sunt
1838 1180 1992 1218 honesta,
2015 1185 2052 1210 ut
2072 1191 2147 1211 cum
2159 1189 2235 1221 pro-

1246 1222 1339 1254 hibet
1362 1223 1494 1263 nuptias
1518 1233 1592 1254 cum
1615 1223 1804 1254 haereticis.
1873 1223 1964 1255 Haec
1989 1223 2146 1265 Synodus
2169 1233 2237 1254 non

1246 1265 1349 1309 longo
1372 1265 1549 1298 intervallo
1575 1272 1691 1297 secuta
1715 1273 1765 1297 est
1788 1266 1958 1298 Nicenam.

1335 1361 1405 1393 Sub
1441 1361 1590 1392 Honorio
1621 1364 1821 1402 Imperatore
1855 1361 1917 1393 suit
1947 1361 2110 1393 Toletana
2132 1362 2238 1402 prima

1248 1405 1418 1447 SynoduS,
1454 1414 1540 1446 quae
1575 1406 1721 1435 continet
1747 1404 1848 1436 multa
1869 1405 1976 1446 capita
1997 1403 2088 1436 utilia
2113 1405 2153 1435 de
2178 1405 2236 1435 do-

1248 1450 1366 1480 ctrina.
1435 1448 1519 1478 Nam
1554 1449 1608 1488 pie
1638 1455 1790 1479 recenset
1817 1447 1977 1479 articulos
2003 1449 2043 1479 de
2067 1448 2237 1479 divinitate

1248 1499 1279 1523 et
1303 1492 1431 1523 naturis
1456 1491 1591 1528 Christi,
1616 1498 1648 1522 et
1671 1490 1757 1523 alios
1782 1493 1957 1533 quosdam.
1989 1492 2114 1522 Postea
2137 1500 2237 1532 quae-

1247 1536 1323 1567 dam
1347 1535 1462 1566 attexit
1484 1534 1632 1576 politica,
1668 1541 1698 1565 et
1740 1536 1948 1566 ceremonias
1978 1535 2019 1565 de
2044 1534 2237 1571 chrismate,

1247 1585 1280 1611 et
1304 1579 1344 1610 de
1369 1579 1470 1616 votis,
1495 1578 1586 1609 Haec
1600 1578 1758 1619 Synodus
1772 1578 1927 1620 prohibet
1946 1577 2120 1609 Diaconos
2141 1577 2238 1608 evehi

1247 1623 1289 1653 ad
1313 1633 1434 1653 munus
1449 1622 1650 1663 presbyteri,
1675 1622 1702 1652 si
1728 1633 1794 1652 non
1820 1622 2008 1652 abstineant
2031 1632 2050 1652 a
2081 1619 2237 1662 legitimis

1247 1667 1419 1697 uxoribus.
1466 1665 1558 1702 Item,
1584 1665 1850 1695 excommunicat
1874 1671 2047 1705 μευ-011105,
2071 1666 2125 1705 qui
2151 1662 2236 1694 filias

1247 1710 1334 1741 votis
1370 1707 1548 1749 obligatas,
1584 1708 1612 1738 si
1636 1709 1773 1745 nubant,
1808 1714 1980 1748 parentum
2004 1707 2124 1738 affectu
2149 1717 2237 1738 com-

1247 1752 1445 1794 plectantur.
1513 1752 1604 1789 ltem,
1638 1752 1728 1792 ipsas
1764 1757 1884 1792 nuptas
1919 1761 1987 1781 11011
2021 1751 2161 1782 admittit.
2195 1751 2238 1782 ad

1249 1796 1525 1833 communionem,
1550 1795 1612 1826 nisi
1637 1794 1848 1825 discedentes
1873 1805 1892 1825 a
1916 1794 2052 1825 maritis.

1336 1897 1612 1940 Carthaginensis
1638 1899 1751 1939 quinta
1774 1908 1862 1928 anno
1882 1897 1956 1928 438.
1981 1896 2103 1931 habita,
2127 1896 2237 1937 prohi-

1248 1944 1303 1974 bet
1327 1941 1517 1983 Episcopis,
1543 1941 1756 1983 Presbyteris
1777 1948 1807 1971 et
1833 1940 1994 1971 Diaconis
2026 1940 2237 1971 consuetudi-

1247 1997 1323 2017 nem
1346 1985 1567 2027 legitimarum
1589 1987 1778 2025 coniugum.
1825 1984 1872 2015 lta
1896 1982 2054 2024 paulatim
2068 1982 2235 2014 cumulata

1248 2037 1299 2061 est
1325 2029 1512 2070 prohibitio.
1560 2029 1667 2059 Antea
1696 2028 1853 2058 Diae-onis
1878 2038 2041 2057 concessa
2068 2032 2139 2058 erat
2159 2036 2238 2057 0011-

1248 2073 1389 2104 suetudo
1415 2083 1489 2103 cum
1513 2072 1684 2108 uxoribus,
1708 2078 1741 2102 ut
1767 2076 1909 2102 testatur
1934 2071 2125 2101 Anchirana
2150 2071 2236 2112 Syn-

1249 2117 1345 2147 odus.
1424 2116 1548 2146 Postea
1584 2121 1697 2145 secuta
1731 2120 1781 2145 est
1829 2113 2018 2155 prohibitio.
2097 2113 2138 2144 Et
2174 2114 2236 2144 hae

1249 2160 1504 2191 constitutiones
1540 2159 1581 2189 de
1617 2157 1802 2195 coelibatu,
1838 2158 1979 2188 subinde
2015 2157 2045 2187 in
2082 2157 2235 2188 munibus

1248 2202 1394 2244 Synodis
1419 2207 1622 2242 repetuntur,
1647 2208 1678 2231 et
1703 2202 1866 2231 acduntur
1879 2200 2072 2231 acerbiores
2096 2210 2237 2240 poenae,

1248 2246 1335 2276 sient
1360 2245 1523 2286 quaedam
1547 2244 1707 2275 Toletana
1734 2245 1886 2285 Synodus
1912 2244 2096 2280 constituit,
2132 2249 2166 2274 ut
2189 2242 2236 2273 sa-

1248 2287 1389 2320 cultates
1413 2286 1585 2319 mulierum
1611 2289 1809 2325 vendantur,
1834 2288 1862 2317 si
1887 2287 2024 2317 redeant
2046 2287 2088 2317 ad
2112 2286 2213 2317 viros.

1335 2392 1442 2423 Porro
1477 2391 1561 2423 haec
1597 2391 1872 2432 Carthaginensis
1908 2390 2066 2432 Synodus
2090 2390 2237 2421 continet

1248 2441 1280 2467 et
1303 2434 1401 2466 aliam
1424 2434 1673 2466 memorabilem
1700 2435 1987 2471 constitutionem,
2023 2434 2064 2464 de
2089 2431 2236 2471 sacellis,

1248 2479 1289 2510 de
1319 2479 1387 2510 aris
1423 2478 1636 2516 Sanctorum,
1671 2479 1726 2508 ubi
1762 2488 1827 2508 non
1852 2484 1927 2508 sunt
1953 2487 2095 2517 corpora
2121 2486 2235 2507 eorum

1249 2523 1393 2554 condita.
1440 2521 1509 2553 Has
1534 2532 1611 2552 aras
1636 2528 1667 2552 et
1692 2519 1817 2551 sacella
1844 2522 1934 2552 iubet
1966 2519 2154 2561 Episcopus
2179 2520 2234 2549 de-

1247 2565 1368 2604 moliri,
1391 2571 1447 2596 aut
1467 2566 1493 2595 si
1517 2571 1664 2596 metuant
1689 2563 1864 2602 tumultus,
1899 2565 1986 2594 iubet
2017 2573 2076 2594 eos
2100 2564 2131 2593 111
2157 2572 2235 2592 0011-

883 2610 972 2643 Talis
1003 2609 1064 2642 fuit
1087 2609 1194 2653 Syno-
1217 2615 1224 2646 ι
1249 2610 1401 2641 cionibus
1425 2607 1582 2650 populum
1607 2608 1793 2647 dehortari,
1829 2619 1870 2639 ne
1894 2608 1937 2639 ad
1958 2605 2017 2637 illa
2039 2606 2116 2637 loca
2139 2616 2234 2637 acce-
