2383 2990
21 490 23 499 1
13 405 24 466 ms*
12 366 21 398 15-

14 535 29 916 manv-⁶⁷

177 133 244 166 293
809 130 866 162 lv.
912 129 1174 162 ENARRATIO

265 227 358 259 Haec
387 226 531 258 humana
559 226 689 258 somnia
723 225 834 258 delent
865 227 1068 269 agnitionem
1097 236 1174 267 pec-

177 272 243 306 cati
276 272 309 302 in
342 271 460 309 nobis,
491 276 523 302 et
557 271 754 312 extinguunt
787 269 896 302 lucem
926 267 1101 312 Evangelii
1133 270 1174 301 de

176 315 374 353 mediatore,
397 321 429 346 et
453 314 495 346 de
518 314 644 345 iustitia
668 313 754 345 fidei.

264 392 314 424 Sit
336 392 403 424 hoc
427 392 564 424 infixum
588 393 767 430 1118111111115,
790 391 952 423 Naturam
976 391 1009 422 in
1027 390 1094 422 hac
1118 391 1174 422 de-

177 436 384 479 pravatione,
408 446 554 468 massam
578 434 783 467 horribiliter
806 435 1007 466 immundam
1027 444 1116 473 esse,
1142 440 1173 465 et

177 478 429 511 dissimillimam
447 479 530 522 Legi
546 478 622 511 Dei.
655 479 697 510 Et
721 489 911 521 quanquam
931 477 1027 510 Deus
1045 479 1174 509 ornavit

175 523 307 566 aliquos
343 524 477 566 magnis
514 523 709 561 virtutibus,
745 528 856 553 tamen
889 528 1023 563 praeter
1055 521 1174 553 Filium

174 566 252 605 Dei,
277 577 374 598 nemo
398 564 564 598 satisfecit
587 566 670 608 Legi
693 565 775 604 Dei,
810 566 933 597 caeteri
958 575 1075 596 onmes
1105 563 1173 596 col-

174 609 232 644 lati
258 611 300 642 ad
323 609 432 653 legem
462 618 494 641 et
518 610 674 641 iudicium
698 609 774 648 Dei,
797 619 914 641 sumus
938 608 1065 640 similes
1090 614 1173 639 ster·
1202 617 1203 621 ¹

175 655 245 686 cori
270 653 395 687 collato
416 654 457 685 ad
478 652 594 685 solem.

262 732 358 764 Hanc
383 730 739 764 commonefactionem
762 741 864 772 saepe
890 731 987 763 nobis
1007 741 1173 772 propona-
1200 745 1204 750 -

174 785 266 815 muS,
291 782 325 808 ut
353 788 371 807 e
395 777 534 818 regione
559 786 784 817 agnoscamus
809 773 926 806 Filium
957 774 1021 806 Dei
1047 774 1173 805 Media-

173 826 293 858 torem,
319 826 351 852 et
374 821 522 851 sciamus
546 830 609 850 nos
634 826 771 860 propter
802 817 891 849 hunc
917 819 1019 860 recipi
1048 825 1079 849 et
1103 817 1174 859 pla-

175 873 272 902 cere,
307 874 496 906 quanquam
527 874 643 894 sumus
680 861 765 893 tales
801 872 936 893 massae
960 862 1116 893 sordidae
1142 867 1174 893 et
1200 871 1202 879 ¹

175 907 374 938 immundae.
428 907 523 938 Hanc
557 908 751 937 innnensam
789 907 1052 937 miscricordiam
1087 904 1173 937 cele—

174 951 323 990 bremus,
337 957 367 982 et
380 951 445 982 hac
459 949 825 989 consolationeerecti,
840 950 1036 982 invocemus
1051 948 1172 988 Deum,

173 1001 209 1026 ut
231 1001 350 1037 postea
373 995 510 1036 saepius
535 995 672 1026 dicetur.

262 1125 298 1157 ln
322 1126 387 1157 hoc
411 1123 577 1156 vestibulo
608 1124 705 1156 liuius
731 1125 923 1162 doetrinae,
959 1130 1011 1155 est
1040 1131 1073 1154 et
1107 1124 1173 1154 hoc

173 1170 361 1200 monendus
385 1169 529 1207 auditor,
553 1169 642 1210 quod
668 1169 731 1199 etsi
744 1168 827 1211 Legi
848 1168 980 1199 additae
999 1174 1077 1198 sunt
1095 1178 1172 1209 pro-

172 1213 371 1251 missiones,
408 1218 518 1243 tamen
554 1222 611 1243 eas
648 1222 764 1242 omnes
797 1210 1042 1243 conditionales
1080 1221 1170 1249 esse,

174 1267 215 1287 ac
238 1255 413 1298 postulare
438 1256 663 1287 conditionem
687 1255 788 1293 hanc,
812 1262 846 1286 ut
870 1255 939 1286 Lex
964 1256 1091 1296 integre
1116 1255 1172 1285 im·

173 1299 322 1341 pleatur,
359 1310 421 1332 nec
447 1300 479 1331 in
503 1299 615 1341 ailqua
645 1307 741 1341 parte
765 1299 811 1329 rri
836 1299 960 1337 simus,
992 1306 1024 1329 et
1049 1299 1171 1329 ronde—

176 1344 279 1374 mnati
313 1354 333 1374 a
358 1343 462 1385 Lege.
508 1343 562 1374 Ab
592 1342 644 1373 1115
675 1343 957 1383 promissionibus
986 1341 1087 1383 longe
1112 1341 1171 1373 dis—

172 1384 237 1418 sert
272 1388 452 1427 promissio
483 1387 628 1428 gratuita
661 1385 962 1424 reconciliationis,
999 1396 1084 1427 quae
1119 1391 1171 1416 est

172 1439 239 1461 vox
262 1429 454 1473 Evangelii,
491 1436 525 1461 ut
553 1436 673 1470 postea
698 1430 820 1468 dicam,
857 1429 921 1460 Ubi
953 1431 1052 1461 etiam
1083 1429 1171 1461 dice-

172 1483 265 1549 nullls,
296 1474 466 1515 quomodo
490 1472 620 1516 legales
640 1474 885 1515 promissiones
915 1472 995 1506 fiant
1019 1479 1112 1504 ratae
1141 1478 1173 1504 et

171 1518 218 1549 ut·
235 1526 284 1548 es.

444 1683 659 1727 DIVISIO
694 1683 903 1727 LEGUM.

262 1812 360 1844 Prius
385 1811 492 1843 dicam
524 1813 565 1844 de
590 1811 723 1854 legibus
748 1813 866 1845 divinis
891 1819 925 1845 et
948 1812 1171 1852 naturalibus,

173 1863 209 1889 ut
243 1862 365 1898 postea
392 1857 532 1888 iudicari
560 1857 687 1897 possit,
722 1867 809 1898 quae
839 1856 1007 1889 hominum
1036 1858 1173 1890 decreta

173 1901 240 1932 sint
264 1898 377 1942 legeS,
407 1906 465 1931 aut
487 1898 601 1942 legum
625 1899 851 1942 corruptelae,
886 1906 923 1933 ut
944 1901 1172 1933 Lacedaemo-

172 1944 304 1976 niorum
326 1944 522 1985 permissio,
553 1954 640 1986 quae
671 1945 880 1977 concedebat
908 1945 1036 1986 pacisci
1060 1946 1102 1977 de
1125 1944 1172 1977 al-

172 1988 278 2020 terius
297 1987 442 2030 coniuge
466 1998 541 2019 cum
559 1987 690 2027 marito,
710 1999 920 2031 nequaquam
939 1988 1000 2020 tuit
1018 1988 1087 2028 lex,
1110 1989 1172 2021 sed

171 2030 344 2065 horribilis
369 2029 475 2070 furor,
499 2037 531 2063 et
553 2031 656 2074 Legis
675 2033 807 2064 divinae
830 2033 974 2065 eversio.

261 2109 315 2143 Sit
343 2120 425 2152 ergo
448 2110 536 2141 haec
565 2111 671 2152 prima
702 2111 879 2143 distinctio.
925 2111 1054 2154 Legum
1087 2110 1173 2143 aliae

173 2159 252 2186 sunt
275 2154 418 2193 divinae,
442 2152 527 2185 aliae
547 2161 625 2186 sunt
648 2153 793 2187 humana
811 2157 988 2188 autoritate
1007 2156 1172 2195 conditae,

172 2208 259 2241 quae
282 2208 346 2230 nec
370 2208 533 2239 expresse
564 2199 709 2230 traditae
740 2205 818 2231 sunt
847 2200 1029 2231 autoritate
1061 2200 1173 2231 divina

171 2243 206 2274 in
229 2242 364 2283 seriptis
388 2241 600 2283 Propheticis
625 2248 658 2274 et
680 2242 909 2284 Apostolicis,
940 2254 1002 2275 nec
1026 2249 1103 2275 sunt
1126 2242 1172 2275 le-

172 2296 253 2329 ges,
277 2296 364 2328 quae
389 2286 512 2317 usitate
537 2287 749 2318 nominantur
775 2286 969 2327 Naturales,
994 2294 1027 2318 ut
1052 2294 1173 2329 postea

176 2330 314 2362 dicetur.
361 2330 459 2361 Prius
484 2330 571 2361 enim
601 2330 642 2361 de
672 2331 791 2362 divinis
825 2338 857 2363 et
887 2330 1098 2364 naturalibus
1124 2332 1171 2364 di-

173 2374 316 2406 cendum
341 2379 404 2412 est,
430 2384 516 2415 quae
536 2380 615 2406 sunt
637 2384 756 2406 norma
779 2373 930 2408 aliarum.

260 2504 346 2536 Sunt
369 2502 586 2547 igituissleges
611 2505 755 2546 divinae,
780 2517 867 2549 quae
885 2518 906 2539 a
928 2507 1005 2539 Deo
1027 2507 1172 2539 traditae

174 2553 252 2580 sunt
275 2558 479 2590 quoeunque
503 2554 672 2590 tempore,
696 2556 729 2581 et
752 2557 867 2583 extant
890 2552 923 2583 in
946 2551 1055 2584 Moise
1079 2557 1112 2582 et
1134 2549 1171 2582 li·

173 2592 243 2623 bris
267 2591 452 2634 Evangelii.
498 2591 540 2624 Et
564 2604 754 2636 quanquam
776 2595 854 2626 inde
872 2606 979 2638 usque
1010 2596 1051 2627 ab
1078 2595 1170 2626 initio

172 2636 286 2667 mundi
317 2642 501 2669 sonuerunt
535 2637 569 2668 in
599 2636 775 2677 Ecclesia,
810 2649 878 2672 vox
900 2639 1004 2683 legis,
1039 2645 1071 2671 et
1104 2649 1172 2671 vox

1199 129 1399 162 SYMBOLI
1424 129 1588 162 NlCENl.
2159 131 2224 163 294

1200 227 1460 288 'promissionis
1495 228 1641 269 gratiae,
1680 233 1788 258 tamen
1818 225 1980 268 singulari
2015 226 2156 259 consilio
2191 233 2223 259 et

1227 269 1392 300 beneficio
1422 269 1488 302 Dei
1524 271 1706 302 constituta
1736 276 1786 302 est
1816 269 1929 311 politia
1954 269 2154 309 israelitica,
2190 276 2225 302 111

1228 319 1326 351 esset,
1345 319 1437 344 certa
1462 314 1634 345 doctrinae
1658 315 1770 353 sedes,
1794 315 1826 345 in
1851 325 1916 356 qua
1928 313 2023 346 Deus
2046 313 2222 346 manifesta

1229 357 1419 388 testimonia
1444 357 1485 388 de
1509 357 1603 399 Lege
1628 364 1659 389 et
1682 358 1906 400 promissione
1926 357 2075 389 Messiae
2098 359 2223 390 ederet.

1200 401 1204 451 j
1228 400 1276 431 lbi
1299 399 1355 431 lex
1379 399 1532 438 moralis,
1564 412 1753 443 quanquam
1775 408 1875 433 antea
1899 407 1978 433 nota
2002 408 2092 440 erat,
2115 408 2226 433 tamen

1228 454 1314 475 voce
1339 444 1449 475 divina
1473 445 1514 475 de
1540 455 1621 485 rupe
1645 446 1753 483 Sinai,
1790 452 1821 477 et
1846 446 2032 487 insignibus
2056 444 2225 478 miraculis

1228 486 1440 530 promulgata
1463 493 1525 519 est.

1316 564 1358 596 Et
1389 567 1466 607 quia
1489 576 1556 597 non
1588 571 1714 597 tantum
1738 564 1833 608 leges
1863 567 1903 597 de
1927 566 2134 609 singulorum
2157 577 2226 599 mo-

1228 610 1321 640 ribus
1346 608 1433 640 latae
1458 616 1547 648 sunt,
1573 610 1634 640 sed
1658 616 1728 640 tota
1752 608 1865 651 politia
1882 611 2061 641 constituta
2082 617 2145 649 est,
2169 610 2225 642 ad·

1230 653 1318 685 ditae
1342 659 1418 684 sunt
1442 651 1538 695 leges
1561 652 1716 684 forenses
1741 659 1773 684 et
1797 652 2052 692 ceremoniales,
2077 655 2164 696 quia,
2188 660 2223 686 ut

1200 709 1204 720 ·-
1229 697 1271 728 sit
1303 697 1386 727 ordo
1417 695 1537 739 aliquis
1564 697 1651 728 ritae
1682 696 1864 734 humanae,
1889 698 1920 728 in
1946 698 2035 728 omni
2059 699 2224 730 societate

1230 739 1327 776 civili.v
1348 740 1585 772 universaliter
1609 751 1694 782 opus
1719 747 1768 771 est
1793 740 1843 771 liis
1864 742 1968 772 tribus
1988 742 2149 783 gradibus
2164 741 2226 773 Le-

1230 795 1321 826 gum,
1341 783 1541 823 Moralibus,
1564 782 1856 816 Ceremonialibus
1876 790 1907 815 et
1932 784 2148 816 Forensibus-

1317 862 1402 893 Tota
1424 863 1523 905 igitur
1549 864 1728 905 antiquitas
1750 864 1795 894 ita
1816 864 1986 905 distinguit
2006 862 2100 906 leges
2113 863 2225 902 Moisi,

1227 905 1311 936 Tres
1337 907 1463 948 gradus
1490 908 1683 938 recitantur.
1734 907 1843 949 Leges
1867 906 2034 941 Mor-ales,
2070 906 2227 939 Ceremo-

1229 949 1346 988 nialcs,
1374 957 1403 981 et
1430 950 1599 981 Forenses
1623 961 1682 982 seu
1708 950 1894 982 iudiciales.

1317 1028 1421 1060 Huius
1447 1029 1671 1060 distinctionis
1697 1030 1923 1060 consideratio
1948 1040 2088 1070 prorsus
2108 1040 2226 1062 neces-

1228 1073 1317 1103 saria
1348 1083 1482 1114 semper
1512 1071 1589 1110 fuit,
1625 1074 1702 1114 quia
1737 1073 1885 1104 morales
1921 1072 2114 1115 simpliciter
2148 1081 2226 1106 sunt

1228 1116 1402 1154 immotae,
1434 1117 1512 1157 quia
1536 1123 1612 1147 sunt
1638 1118 1801 1158 sapientia
1824 1116 1888 1148 Dei
1913 1128 1973 1149 seu
1998 1128 2113 1149 norma
2134 1117 2225 1150 iusti-

1227 1160 1293 1191 tiae
1317 1161 1349 1191 in
1374 1166 1483 1191 mente
1507 1160 1618 1191 divina
1642 1160 1864 1192 immutabilis.

1315 1238 1455 1279 Semper
1485 1239 1573 1269 enim
1603 1245 1633 1270 et
1667 1240 1698 1269 in
1730 1240 1818 1270 0111111
1848 1240 2045 1271 aeternitate
2075 1250 2157 1271 vera
2191 1246 2223 1271 et

1226 1282 1360 1313 immota
1396 1288 1447 1313 est
1483 1281 1568 1313 haec
1611 1283 1813 1323 propositio:
1856 1282 1951 1314 Deus
1986 1283 2142 1314 irascitur
2175 1283 2224 1314 in-

1226 1326 1335 1356 iustae
1360 1326 1471 1361 caedi,
1504 1325 1693 1365 adulteriis,
1725 1333 1757 1358 et.
1788 1325 1980 1359 libidinibus
2006 1337 2080 1359 cum
2106 1333 2221 1359 natura

1225 1370 1460 1411 pugnantibus.

1313 1448 1380 1478 Sed
1408 1447 1650 1479 ceremoniales
1676 1455 1709 1479 et
1732 1447 1906 1488 forenses,
1940 1459 2025 1491 quae
2048 1459 2116 1480 non
2147 1456 2226 1481 sunt.

1226 1489 1416 1528 naturales,
1446 1492 1603 1532 propriae
1634 1491 1765 1523 suerunt
1795 1492 1933 1534 politiae
1961 1492 2154 1532 Mosaicae,
2190 1498 2226 1524 ut

1227 1535 1455 1571 circumcisio,
1490 1546 1554 1567 nec
1577 1534 1768 1579 obligarunt
1795 1542 1931 1579 gentes,
1966 1547 2031 1569 nec
2054 1546 2118 1568 nos
2143 1535 2225 1568 obli-

1228 1585 1318 1619 gant,
1343 1584 1375 1609 et
1398 1577 1517 1610 illustri
1543 1580 1733 1611 testimonio
1760 1579 1856 1612 Deus
1881 1581 2046 1619 ostendit,
2076 1579 2225 1622 politiam

1226 1621 1326 1653 Moisi
1349 1632 1417 1653 non
1441 1623 1608 1663 pertinere
1626 1624 1669 1655 ad
1693 1634 1776 1662 nos,
1801 1625 1878 1666 quia
1897 1624 2045 1656 funditus
2072 1634 2145 1655 eam
2170 1624 2225 1655 de-

1225 1664 1317 1704 levit,
1335 1676 1398 1697 1180
1421 1667 1600 1698 instaurari
1624 1678 1747 1709 passus
1772 1674 1836 1706 est,
1859 1669 1990 1701 etiamsi
2014 1668 2126 1700 ludaei
2146 1674 2225 1710 post

1201 624 1204 680 i

1201 683 1204 703 1

1201 758 1205 781 1

1199 944 1204 1077 ἔ

1197 1131 1203 1430 i

1226 1709 1335 1741 Titum
1358 1720 1461 1752 saepe
1484 1710 1699 1743 rebellarunt.

1328 1879 1402 1919 DE
1435 1878 1674 1922 LEGIBUS
1706 1880 2125 1922 NATURALIBUS.

1314 1979 1386 2012 Etsi
1419 1986 1529 2012 autem
1558 1982 1723 2013 interdum
1751 1983 1801 2014 sic
1824 1981 2006 2025 loquuntur
2036 1980 2169 2025 aliqui,
2190 1989 2227 2015 ut

1227 2023 1434 2066 distinguant
1462 2024 1643 2057 Naturales
1667 2037 1687 2057 a
1710 2025 1860 2065 Divinis,
1884 2032 1994 2057 tamen
2018 2036 2097 2058 vere
2123 2032 2154 2058 et
2174 2036 2226 2058 re-

1227 2075 1281 2099 cte
1304 2068 1457 2107 dicimus,
1482 2069 1719 2111 comprehendi
1743 2069 1918 2102 naturales
1939 2071 1973 2101 in
1993 2070 2123 2111 divinis,
2149 2070 2227 2113 quia

1226 2111 1398 2144 naturales
1412 2123 1492 2145 vere
1517 2119 1595 2145 sunt
1612 2115 1726 2145 radius
1746 2115 1878 2146 divinae
1894 2114 2092 2156 sapientiae,
2117 2120 2225 2146 trans-

1226 2154 1323 2187 fusus
1347 2157 1379 2188 in
1399 2163 1529 2188 mentes
1547 2156 1721 2197 humanas,
1748 2158 1934 2190 testificans
1953 2159 2043 2200 quod
2060 2159 2104 2190 sit
2116 2157 2225 2197 Deus,

1227 2206 1259 2231 et
1283 2200 1410 2232 docens
1435 2199 1543 2242 qualis
1573 2202 1634 2241 sit,
1671 2207 1703 2233 et
1739 2203 1829 2244 quod
1863 2203 2070 2234 iudicaturus
2105 2202 2161 2241 sit,
2193 2207 2227 2233 et

1226 2255 1301 2275 cum
1326 2243 1428 2276 vellet
1442 2245 1537 2276 Deus
1561 2244 1732 2277 hominum
1755 2252 1906 2277 naturam
1930 2256 2007 2277 esse
2031 2256 2126 2277 suam
2146 2246 2225 2277 ima-

1226 2289 1355 2330 ginem,
1390 2287 1505 2320 lucere
1529 2289 1562 2320 in
1586 2299 1626 2320 ea
1649 2288 1790 2321 similem
1811 2290 2007 2331 sapientiam
2030 2288 2155 2327 voluit,
2191 2295 2226 2321 et

1225 2331 1333 2364 voluit
1367 2342 1556 2375 congruere
1586 2340 1722 2365 nostras
1753 2333 1945 2366 voluntates
1975 2344 2049 2364 011111
2078 2343 2142 2365 sua
2169 2342 2226 2364 sa-

1225 2376 1349 2417 pientia
1373 2383 1405 2408 et
1427 2377 1563 2408 iustitia.

1314 2463 1429 2506 Itaque
1465 2463 1560 2506 leges
1591 2470 1730 2496 naturae
1754 2464 1819 2495 sint
1844 2464 1976 2496 divinae
1999 2469 2033 2496 et
2055 2463 2225 2496 immotae.

1224 2506 1267 2539 Et
1290 2514 1383 2540 recte
1406 2518 1449 2540 ac
1473 2508 1600 2540 erudite
1625 2509 1745 2540 tradita
1769 2514 1822 2539 est
1845 2507 2005 2540 definitio.

1311 2594 1424 2638 Leges
1448 2601 1587 2627 naturae
1616 2601 1694 2627 sunt
1717 2595 1855 2627 notitiae
1878 2595 2117 2637 principiorum
2147 2605 2226 2638 pra-

1225 2638 1386 2671 cticorum
1418 2640 1460 2672 de
1483 2640 1650 2679 moribus,
1674 2644 1707 2672 et
1732 2637 1986 2671 conclusionum
2013 2640 2090 2672 inde
2113 2646 2227 2672 extru-

1964 2700 2014 2726 19⁸
