2383 2990
186 135 223 166 11
807 130 918 161 PHLL.
942 129 1046 161 MEL.
1070 128 1260 162 SCRIPTA
1285 128 1568 162 DOGMATICA.
2159 132 2199 163 12

267 226 396 257 Tertius
420 236 502 256 usus
537 232 586 254 est
612 225 645 254 in
670 225 804 260 renatis,
831 224 953 254 docere
976 224 1031 264 qui
1051 223 1161 256 cultus

180 268 333 310 placeant
368 268 460 305 Deo,
495 268 569 308 quia
598 267 659 296 etsi
690 266 833 297 bumana
856 266 939 296 ratio
964 267 1027 297 scit
1049 265 1160 307 aliquo

181 313 279 342 modo
299 311 472 341 discrimen
496 309 709 339 bonestorum
734 316 764 338 et
790 310 943 348 turpium,
973 315 1081 340 tamen
1107 321 1160 340 ne-

181 365 278 385 cesse
301 360 362 384 est.
387 352 744 383 haberetestimonium
758 351 820 381 Dei
844 362 1052 391 expressum,
1076 363 1161 393 quae

180 407 281 437 opera
304 397 365 436 ipsi
389 394 551 435 placeant,
575 395 663 424 iuxta
687 395 808 425 dictum
832 393 1017 425 Ezechielis
1040 394 1092 425 20.
1124 395 1158 425 In

179 439 364 480 praeceptis
390 438 469 468 meis
489 436 662 467 ambulate.
727 436 806 467 ltem
836 439 868 467 iu
892 437 982 468 Psal.
1006 437 1160 468 Lucerna

179 483 317 522 pedibus
352 480 431 510 meis
466 481 603 510 verbum
634 486 734 510 tuum.
800 479 872 510 Nec
896 486 1005 510 cessat
1036 482 1067 510 in
1092 486 1160 511 tota

178 525 371 555 aeternitate
390 523 443 553 hic
466 524 560 559 ordo,
595 528 629 552 ut
652 528 802 552 creatura
828 522 995 553 rationalis
1016 524 1059 553 sit
1081 525 1159 553 sub-

177 569 262 598 iecta
285 565 358 596 Deo
383 566 534 603 creatori,
559 572 589 595 et
613 565 655 594 sit
679 566 706 595 ci
724 564 914 596 conformis.
962 566 1052 604 ltem,
1076 576 1160 597 sem-

176 620 236 650 per
269 610 299 639 in
335 609 458 638 renatis
489 609 520 638 in
555 608 615 638 bac
652 608 715 638 vita
751 618 905 639 crescere
924 610 1160 649 poenitentiam

178 657 324 691 oportet,
359 651 432 681 ideo
467 661 598 690 semper
618 651 724 691 arguit
753 650 817 681 Lex
837 650 994 693 reliquias
1018 653 1158 692 peccati.

178 695 287 730 Quare
316 704 448 734 semper
476 694 508 724 iu
532 692 684 724 Ecclesia
704 693 798 724 Deus
823 696 1036 725 conservavit
1055 701 1085 725 et
1109 705 1159 725 re—

176 738 289 777 petivit
315 746 432 767 vocem
456 736 570 778 Legis,
594 742 626 766 et
645 735 741 766 simul
764 737 877 767 docuit
900 739 930 768 in
961 737 1158 779 Evangelio,

177 780 347 821 quomodo,
377 778 509 820 placeat
539 779 694 810 inchoata
719 780 917 824 obedientia.
964 780 1023 811 Est
1050 787 1159 811 autem

176 822 346 863 singulare
377 823 611 859 testimonium,
647 823 828 853 osteudens
855 822 960 854 solius
985 823 1158 854 Ecclesiae

176 866 359 897 doctrinam
384 876 496 896 veram
520 871 550 896 et
575 865 717 896 divinam
742 876 830 902 esse,
854 872 885 896 et
909 866 1016 896 solam
1042 866 1158 897 Eccle-

175 909 257 939 siam
282 919 356 939 esse
388 915 518 939 coetum
548 908 622 938 Deo
646 907 842 947 placentem,
866 910 953 949 quod
977 915 1102 940 tantum
1126 910 1158 939 in

175 961 215 982 ea
239 961 369 991 semper
392 952 511 981 mansit
541 957 572 981 et
601 958 709 981 manet
741 952 931 991 incorrupta
954 963 1019 983 vox
1042 952 1157 993 Legis,

175 994 252 1035 quia
276 992 343 1024 mh
366 994 460 1024 Deus
480 994 511 1024 in
535 992 690 1024 Ecclesia
714 1000 840 1024 restare
864 995 1018 1025 iudicium
1043 996 1158 1026 adver-

175 1048 235 1068 sus
268 1043 426 1077 peccata,
462 1038 581 1067 deinde
604 1043 635 1067 et
660 1037 860 1075 doctrinam,
895 1048 979 1078 quae
1003 1048 1106 1078 opera
1129 1039 1157 1068 ei

174 1079 347 1121 placeant:
382 1080 473 1117 Item,
507 1080 582 1110 ideo
606 1090 816 1117 renovamur,
851 1086 885 1111 ut
909 1081 940 1110 in
965 1088 1033 1111 tota
1052 1087 1158 1111 aeter—

174 1123 277 1153 nitate
312 1123 353 1153 sit
387 1124 418 1153 in
443 1123 539 1153 nobis
564 1122 778 1153 conformitas
803 1134 876 1153 cuin
898 1122 991 1161 Deo,
1019 1124 1103 1154 sicut
1126 1124 1158 1153 iu

174 1166 265 1206 Lege
280 1165 396 1196 Morali
421 1166 631 1203 describitur,
654 1172 687 1196 ut
713 1165 829 1196 Roma.
842 1166 872 1196 S.
898 1167 1027 1203 dicitur,
1050 1172 1084 1196 ut
1107 1167 1157 1196 ius

175 1208 278 1249 Legis
303 1210 335 1239 in
360 1210 456 1239 uobis
480 1207 665 1248 impleatur.
710 1208 760 1238 Ex
781 1209 832 1238 bis
845 1210 997 1239 omuibus
1022 1207 1158 1249 intelligi

175 1258 297 1291 potest,
321 1262 424 1291 quare
448 1252 570 1281 dictum
595 1252 651 1281 sit:
676 1251 750 1281 Non
776 1252 851 1281 veni
870 1253 1002 1282 solvere
1022 1250 1159 1292 Legem,

175 1295 233 1324 sed
258 1293 402 1334 implere.
450 1293 540 1324 Sicut
566 1294 596 1323 in
617 1299 684 1324 tota
698 1294 894 1324 aeternitate
914 1300 1021 1324 manet
1042 1295 1159 1324 eadem

175 1343 205 1367 et
240 1335 452 1367 immutabilis
486 1337 646 1376 sapientia
676 1342 709 1366 et
734 1337 897 1368 rectitudo
922 1336 1101 1368 voluntatis
1127 1337 1158 1367 iu

173 1378 260 1417 Deo,
284 1380 333 1410 sic
356 1385 466 1410 manet
488 1379 559 1410 Lex
583 1377 740 1416 Moralis,
764 1390 848 1420 quae
872 1381 970 1410 nobis
993 1379 1159 1421 patefacta

175 1428 235 1459 est,
259 1428 293 1453 ut
316 1423 474 1459 sciamus,
500 1423 589 1463 quod
613 1422 655 1452 sit
672 1421 779 1460 Deus,
810 1428 843 1453 et
866 1422 974 1464 qualis
998 1423 1052 1453 sit.
1099 1422 1158 1454 Im-

174 1464 241 1505 plet
265 1471 373 1496 autem
393 1464 548 1496 Christus
566 1464 691 1506 Legem
714 1471 856 1506 quatuor
878 1466 996 1496 modis.

217 1534 372 1571 Primum,
397 1532 465 1563 Sua
488 1534 619 1573 propria
644 1534 841 1565 obedientia.

217 1576 385 1613 Secundo,
406 1576 595 1607 Derivando
617 1577 649 1606 in
673 1587 710 1606 se
728 1587 879 1616 poenam.

216 1619 340 1657 Tertio,
364 1619 583 1650 Restituendo
606 1619 639 1650 in
662 1621 759 1651 nobis
782 1620 937 1650 iustitiam
961 1625 992 1650 et
1014 1620 1116 1649 vitam

284 1668 464 1693 aeternam.
816 1670 820 1672 ’

217 1704 356 1743 Quarto,
382 1704 582 1742 Sanciendo,
613 1705 699 1736 sicut
724 1705 820 1736 dicit:
850 1705 923 1735 Non
948 1705 1023 1736 veni
1047 1703 1115 1735 sol-

281 1758 360 1779 vere
383 1748 508 1790 Legem
531 1755 595 1779 etc.

425 1914 512 1953 DE
558 1887 941 1954 PECCATOJ

434 2041 544 2091 Quid
576 2049 638 2081 est
668 2042 906 2096 peccatum?

262 2150 417 2182 Definitio
431 2150 544 2180 brevis
557 2155 645 2180 extat
664 2150 697 2179 in
716 2148 866 2190 Epistola
879 2149 1050 2180 lobannis:
1075 2149 1158 2179 Pec-

178 2200 287 2225 catum
311 2200 361 2224 est
377 2193 535 2235 quidquid
559 2198 610 2223 est
631 2198 748 2223 contra
771 2192 895 2233 Legem
909 2191 982 2222 Dei.
1018 2191 1157 2233 Ἆμαρτία

176 2239 255 2268 ἐστὶν
274 2236 390 2276 ἀνομία.
416 2236 507 2271 Haec
520 2236 630 2266 brevis
644 2235 788 2266 definitio
813 2236 927 2266 dextre
947 2233 1157 2276 intelligatur,

176 2279 328 2311 videlicet
357 2290 425 2311 non
459 2285 583 2310 tantum
607 2279 647 2309 de
671 2279 877 2316 actionibus,
911 2279 972 2309 sed
995 2279 1091 2309 etiam
1115 2279 1156 2308 de

176 2324 387 2354 interioribus
407 2321 603 2360 defectibus,
623 2322 663 2352 de
687 2320 827 2363 caligine
846 2329 878 2352 et
897 2322 1156 2353 dubitationibus

177 2367 210 2397 in
233 2372 353 2403 mente,
372 2367 413 2397 de
436 2366 612 2396 aversione
636 2364 815 2395 voluntatis
839 2370 870 2395 et
895 2365 1006 2396 cordis
1029 2375 1048 2395 a
1070 2363 1157 2402 Deo,

179 2409 219 2439 de
252 2410 441 2441 tristissima
472 2409 671 2446 desertione,
706 2408 795 2448 quod
828 2418 895 2438 non
924 2406 1012 2439 lucet
1042 2408 1075 2438 in
1097 2406 1157 2438 ho-

178 2452 264 2482 mine
298 2451 359 2483 Sol
391 2452 534 2482 iustitiae
563 2450 665 2481 Filius
688 2449 772 2488 Dei,
806 2451 987 2481 ostendens
1011 2450 1155 2488 Patrem,

179 2499 212 2525 et
235 2496 423 2526 accendens
444 2495 546 2525 corda
569 2494 693 2535 Spiritu
717 2499 845 2525 saneto.
896 2492 1101 2535 Intelligatur
1124 2499 1157 2524 et

178 2543 291 2568 reatus
314 2539 347 2568 in
370 2537 568 2576 definitione,
597 2537 685 2578 quod
714 2536 867 2569 videlicet
894 2536 993 2568 homo
1021 2543 1158 2578 propter

178 2586 354 2621 peccatum
388 2591 466 2611 reus
501 2581 544 2611 sit
578 2586 733 2611 aeternae
766 2580 834 2611 irae
864 2578 941 2617 Dei,
971 2585 1002 2610 et
1020 2589 1158 2621 poenae,

1215 224 1277 254 nisi
1300 223 1357 254 fiat
1380 224 1532 254 remissio
1556 230 1691 264 propter
1713 223 1941 255 Mediatorem.
1980 225 2064 255 Nam
2088 232 2118 256 et
2143 225 2198 258 hic

1214 272 1328 297 reatus
1351 267 1384 297 in
1401 266 1491 308 Lege
1514 266 1702 304 includitur,
1726 267 1817 298 iuxta
1837 268 1976 299 dictum:
1998 266 2198 300 Maledictus

1215 310 1331 347 omnis,
1363 310 1417 350 qui
1442 321 1506 340 nou
1531 310 1688 340 manserit
1712 310 1744 340 in
1767 311 1935 349 omnibus,
1965 321 2049 351 quae
2073 312 2198 352 scripta

1214 358 1289 382 sunt
1314 354 1345 382 in
1371 352 1472 393 Lege.
1542 351 1581 382 Et
1606 352 1676 382 Lex
1700 360 1791 383 esset
1814 354 1922 384 inanis
1953 354 2100 391 sonituS,
2133 354 2199 385 nisi

1213 394 1418 425 horribilium
1432 405 1612 435 poenarum
1631 396 1838 426 comminatio
1858 397 1971 427 addita
1989 402 2091 434 esset,
2111 407 2198 438 quae

1213 438 1326 468 ordine
1351 438 1504 469 divinitus
1529 438 1657 469 sancito
1681 445 1875 479 sequuntur,
1896 440 1958 469 nisi
1982 446 2139 480 quantum
2162 439 2199 470 fit

1213 481 1372 522 mitigatio
1399 482 1567 519 divinitus,
1590 487 1728 522 propter
1750 481 1978 512 mediatorem.

1300 564 1551 596 Consideranda
1585 573 1635 597 est
1667 567 1766 607 igitur
1800 565 1992 607 explicatio,
2028 567 2061 597 in
2084 566 2197 597 defini-

1213 608 1301 638 tione
1336 609 1424 648 apud
1458 608 1646 640 iohannem.

1213 652 1329 682 eadem
1351 653 1506 682 continet..
1574 652 1757 683 Peccatum«
1781 658 1832 683 est
1856 651 2007 683 defectus
2028 652 2081 683 vel
2105 652 2198 684 incli-

1212 695 1312 732 natio,
1338 693 1391 725 vel
1413 696 1500 725 actio
1514 702 1631 726 contra
1647 695 1774 736 Legem
1792 694 1866 733 Dei,
1893 694 2197 734 offendensDeum,

1212 743 1245 768 et
1275 748 1480 768 connnerens
1516 739 1597 769 iram
1630 745 1817 776 aeternam,
1860 739 1923 769 nisi
1955 738 2012 770 fiat
2045 739 2198 770 remissio

1212 787 1351 821 propter
1375 780 1492 812 filium
1515 781 1742 812 Mediatorem.

1347 962 1462 1012 Quae
1495 972 1588 1003 sunt
1620 963 1836 1003 divisiones
1870 957 2058 1003 Peccati‘?

1298 1079 1407 1109 Prima
1431 1086 1499 1116 est,
1534 1079 1712 1110 Peccatum
1742 1079 1830 1110 aliud
1865 1081 2052 1110 nominatur
2088 1080 2197 1122 Origi-

1212 1120 1302 1159 nale,
1344 1121 1433 1152 aliud
1461 1122 1616 1152 Actuale.
1678 1122 1917 1153 PECCATUM
1948 1122 2196 1154 ORtGlNALE

1212 1170 1263 1194 est
1287 1170 1397 1194 reatus
1421 1171 1556 1204 propter
1580 1165 1675 1195 Adae
1698 1164 1847 1205 lapsum,
1871 1172 1903 1196 et
1927 1172 2062 1206 propter
2085 1167 2195 1206 priva-

1212 1207 1334 1237 tionem
1368 1206 1453 1236 lucis
1490 1207 1637 1244 divinae,
1667 1214 1699 1237 et
1725 1208 1837 1237 firmae
1865 1209 2045 1249 agnitionis
2078 1208 2141 1239 Dei
2164 1210 2197 1239 in

1212 1250 1375 1279 mentibus
1396 1248 1573 1287 hominum,
1598 1256 1630 1279 et
1653 1256 1788 1289 propter
1811 1252 2021 1280 aversionem
2044 1250 2196 1282 volunta-

1213 1293 1253 1323 tis
1278 1303 1297 1322 a
1320 1292 1413 1330 Deo,
1445 1299 1475 1322 et
1505 1298 1641 1333 propter
1675 1294 1915 1323 contumaciam
1947 1293 2077 1331 cordis,
2113 1303 2198 1334 quae

1211 1334 1299 1366 mala
1322 1342 1463 1376 sequuta
1486 1342 1563 1366 sunt
1586 1334 1716 1375 lapsum
1751 1336 1845 1366 Adae
1884 1337 1916 1366 in
1945 1343 2062 1367 natura
2093 1335 2197 1368 homi-

1211 1389 1301 1416 num,
1336 1384 1369 1408 et
1397 1384 1473 1408 sunt
1503 1379 1689 1409 inimicitiae
1719 1379 1884 1409 adversus
1915 1378 2042 1417 Deum,
2075 1384 2108 1410 et
2138 1380 2196 1410 da-

1214 1427 1325 1453 mnata
1348 1431 1369 1452 a
1383 1420 1468 1451 Deo.

1270 1500 1279 1507 “
1299 1505 1491 1547 Descriptio
1507 1504 1735 1537 circumfertur
1752 1506 1785 1537 in
1808 1505 1973 1544 Ecclesia,
1997 1512 2130 1548 sumpta
2152 1508 2195 1539 ab

1213 1547 1413 1580 Anshelmo:
1447 1549 1626 1580 Peccatum
1660 1549 1831 1591 Originale
1862 1555 1913 1580 est
1932 1551 2079 1581 carentia
2102 1550 2196 1581 iusti-

1212 1593 1277 1622 tiae
1296 1591 1466 1632 originalis
1492 1592 1621 1622 debitae
1644 1592 1754 1623 inesse
1779 1592 1977 1623 hominibus.
2023 1592 2115 1624 Haec
2139 1593 2195 1625 de-

1213 1635 1348 1675 scriptio
1383 1637 1491 1676 reipsa
1526 1636 1681 1677 congruit
1705 1645 1778 1666 cum
1807 1642 1934 1666 nostra.
2003 1635 2071 1667 Sed
2095 1646 2196 1667 voea-

1213 1676 1290 1708 bula
1313 1683 1404 1708 recte
1431 1678 1679 1718 interpretanda
1709 1684 1797 1709 sunt.
1864 1678 1990 1709 Iustitia
2021 1678 2194 1720 originalis

1211 1720 1376 1760 significat
1411 1727 1442 1751 et
1477 1722 1738 1761 acceptationem
1773 1727 1803 1751 et
1834 1721 2072 1759 rectitudinem,
2108 1731 2195 1762 quae

1209 1762 1268 1793 fuit
1303 1768 1380 1793 ante
1404 1762 1551 1804 lapsum,
1584 1762 1735 1794 videlicet
1758 1763 1866 1797 lucem
1897 1770 1929 1794 et.
1952 1763 2079 1794 firmam
2101 1765 2194 1806 agni-

1210 1806 1331 1836 tionem
1354 1806 1417 1836 Dei
1436 1808 1469 1836 in
1493 1812 1600 1837 mente
1619 1806 1779 1844 hominis,
1803 1813 1835 1838 et
1860 1808 2110 1848 congruentiam
2133 1817 2192 1838 vo-

1208 1847 1344 1879 luntatis
1369 1855 1401 1879 et
1425 1850 1536 1880 cordis
1561 1859 1634 1880 cum
1648 1849 1733 1887 Deo,
1757 1850 1812 1890 qui
1834 1850 1868 1880 in
1891 1850 2079 1880 homiuibus
2103 1849 2194 1881 velut

1209 1892 1241 1921 in
1261 1890 1382 1932 templo
1407 1903 1468 1922 suo
1493 1891 1688 1925 habitasset„
1724 1899 1752 1922 et
1779 1903 1872 1923 suam
1896 1892 2110 1932 sapientiam,
2144 1893 2192 1923 iu-

1210 1936 1342 1971 stitiam,
1363 1941 1394 1965 et
1417 1934 1574 1966 laetitiam
1597 1936 1646 1965 eis
1670 1936 1969 1972 communicasset,
1998 1935 2027 1965 si
2050 1945 2117 1966 non
2140 1945 2192 1966 es-

1210 1984 1283 2008 sent
1313 1976 1409 2018 lapsi.
1456 1978 1548 2008 Haec
1578 1978 1688 2007 cilinia
1721 1977 1949 2018 significantur
1982 1978 2015 2008 in
2049 1977 2112 2009 hae
2136 1978 2192 2009 de·

1210 2021 1391 2060 scriptione
1406 2019 1581 2051 Ansbelmi
1604 2021 1735 2051 nomine
1760 2021 1915 2051 iustitiae.
1944 2020 2035 2062 Ergo
2059 2021 2192 2052 nomine

1209 2064 1339 2103 peceati
1363 2063 1534 2105 originalis
1559 2063 1724 2093 contraria
1748 2062 1833 2094 mala
1853 2062 2098 2104 significantur,
2128 2064 2191 2094 sci·

1209 2105 1285 2136 licet
1310 2113 1343 2137 et
1366 2112 1479 2137 reatus
1503 2112 1535 2136 et
1554 2106 1662 2148 caligo
1691 2106 1723 2136 in
1747 2112 1873 2144 mente,
1909 2112 1941 2137 et
1964 2107 1994 2137 in
2020 2105 2191 2138 voluntate

1209 2150 1341 2180 aversio
1366 2160 1386 2180 a
1408 2148 1494 2187 Deo,
1518 2155 1549 2179 et
1573 2149 1605 2179 in
1625 2150 1733 2191 'corde
1757 2149 1968 2180 contumacia
1990 2156 2107 2180 contra
2128 2149 2191 2180 Le-

1210 2203 1285 2233 gem
1309 2192 1389 2230 Dei,
1421 2199 1452 2222 et
1484 2202 1549 2223 non
1574 2202 1652 2223 esse
1675 2191 1830 2233 templum
1853 2191 1926 2222 Dei.
1990 2192 2082 2223 Haec
2103 2191 2191 2223 mala

1210 2236 1257 2266 sic
1282 2236 1459 2276 descripsit
1483 2234 1598 2276 Hugo:
1634 2234 1811 2266 Peccatum
1836 2233 1996 2276 originale
2023 2240 2075 2266 est
2096 2236 2190 2277 iguo-

1209 2279 1313 2309 rantia
1348 2279 1389 2309 de
1412 2277 1486 2308 Deo
1509 2279 1541 2309 in
1564 2283 1690 2316 mente,
1721 2284 1751 2309 et
1775 2278 1993 2309 inobedientia
2018 2279 2051 2308 in
2074 2278 2191 2309 voluu-

1209 2327 1276 2351 tate
1300 2328 1331 2352 et
1356 2321 1467 2352 corde.
1514 2319 1578 2351 Alii
1607 2332 1672 2351 uno
1703 2322 1834 2351 nomine
1864 2320 1948 2352 haec
1971 2320 2057 2352 mala
2080 2321 2191 2352 omnia

1209 2365 1419 2394 nominarunt
1451 2363 1570 2394 malam
1605 2365 1926 2406 concupiscentiam,
1960 2364 2037 2406 quia
2066 2363 2190 2395 Paulus

1210 2409 1257 2438 sic
1281 2407 1425 2448 loquitur
1448 2406 1586 2438 Roman.
1611 2407 1642 2438 7.

1295 2492 1505 2524 ACTUALE
1530 2499 1582 2524 est
1606 2493 1711 2523 omnis
1731 2493 1817 2524 actio
1829 2502 1982 2535 pugnans
1996 2503 2071 2524 eum
2083 2492 2188 2534 Lege,

1210 2542 1277 2567 tum
1300 2537 1333 2567 in
1355 2542 1474 2574 mente,
1498 2542 1531 2567 ut
1555 2537 1776 2567 dubitationes
1801 2537 1841 2567 de
1863 2536 1950 2574 Deo,
1984 2542 2052 2567 tum
2076 2536 2110 2566 in
2132 2546 2190 2567 vo·

1209 2579 1336 2611 luntate
1367 2585 1399 2610 et
1429 2579 1550 2617 corde,
1584 2586 1620 2610 ut
1643 2579 1795 2611 incendia
1817 2577 1978 2610 malorum
2003 2578 2190 2618 affectuum,

1692 609 1817 640 Nostra
1857 609 2001 640 definitio
2037 619 2215 653 expresse
