2383 2990
174 135 241 169 249

174 229 324 273 potentia
345 227 410 260 Dei
430 237 531 260 verae
554 228 826 260 asseverationes
856 226 1013 258 divinitus
1037 223 1166 268 patefa-

174 279 247 305 ctae
271 277 359 304 sunt.

260 349 391 382 Deinde
420 360 494 381 cum
524 350 565 381 de
595 347 766 380 voluntate
789 347 854 380 Dei
882 349 915 379 in
939 347 1109 379 creatione
1134 354 1165 378 et

173 393 330 435 operibus
355 394 509 424 omnibus
533 399 629 424 extra
652 393 760 433 ipsum
782 390 967 433 loquimur,
992 390 1166 422 sciendum

173 442 225 469 est
248 435 451 468 voluntatem
474 435 537 468 Dei
562 435 764 467 liberrimam
787 445 876 473 esse,
901 440 933 466 et
957 433 1065 465 Deum
1089 444 1166 465 esse

171 490 278 522 agens
312 479 528 518 liberrimum,
562 479 596 510 id
630 484 694 517 est,
728 488 833 520 posse
857 486 987 516 creare,
1022 482 1166 508 autnon

173 533 302 562 creare,
321 534 426 565 posse
444 522 576 565 lapsum
594 523 762 554 hominem
775 522 944 563 recipere,
967 527 1023 552 aut
1036 530 1103 551 non
1117 531 1166 552 re-

173 567 293 608 cipere,
328 577 433 609 posse
455 567 665 598 Pharaonem
702 563 833 603 delere,
870 570 927 596 aut
950 574 1016 596 non
1041 563 1166 602 delere,
1190 574 1192 608 j

170 620 284 684 Rosstlael
300 609 468 652 depellere
492 608 721 642 Sennacherib
745 619 765 639 a
789 607 997 650 ierosolyma
1020 613 1077 639 aut
1099 618 1165 638 non

196 664 257 695 epe
288 664 353 685 ere.

260 739 352 772 llaec
374 739 513 771 libertas
537 744 589 770 est
611 737 688 769 fons
719 738 976 780 contingentiae.
1022 737 1085 769 Est
1106 739 1166 779 igi—

171 790 223 815 tur
247 785 459 825 contingenS,
485 782 576 824 quod
600 793 674 814 cum
700 781 749 819 fit,
774 792 839 812 non
863 792 1007 813 necesse
1027 780 1086 812 fcit
1110 781 1166 813 fie-

172 827 212 865 ri,
236 837 299 858 nec
323 826 617 859 contradictorium
637 831 707 856 erat
730 823 947 866 impossibile.

258 896 307 927 lta
324 898 357 928 in
381 896 534 928 doctrina
558 893 734 926 Ecclesiae
757 894 841 926 haec
865 900 916 925 est
947 895 1165 936 contingens:

172 939 233 971 Sol
257 941 401 981 quotidie
425 940 530 971 oritur
553 939 746 970 ascendens
770 948 872 979 super
884 937 1165 980 hemisphaerium

171 989 346 1021 nostrum,
382 984 459 1025 quia
493 983 597 1014 oritur
632 983 768 1013 decreto
804 980 987 1013 voluntatis
1023 982 1166 1020 divinae,

171 1037 258 1069 quae
292 1024 461 1058 liberrime
498 1027 587 1057 hunc
612 1026 765 1056 ordinem
788 1025 938 1056 instituit.
988 1026 1054 1057 Sed
1080 1024 1167 1067 Phy-

171 1070 232 1101 sici
276 1075 401 1102 vocant
445 1069 507 1101 has
549 1070 778 1101 necessarias:
821 1067 876 1101 Sol
913 1069 1040 1107 oritur,
1076 1068 1166 1111 ignis

172 1112 272 1146 calet.

259 1183 434 1214 Vocantur
458 1191 567 1214 autem
591 1194 610 1213 a
634 1182 753 1219 doctis,
778 1180 1001 1212 Necessariae
1020 1182 1167 1213 necessi-

171 1232 239 1258 tate
261 1225 421 1268 Physica,
444 1227 477 1257 id
500 1232 564 1263 est,
590 1226 666 1267 quia
691 1223 765 1256 talis
790 1225 872 1255 ordo
892 1225 924 1255 in
948 1232 1067 1256 natura
1087 1226 1166 1256 divi-

172 1271 260 1301 nitus
285 1270 455 1301 institutus
480 1275 543 1307 est,
566 1279 628 1300 nec
651 1269 725 1299 sine
749 1266 912 1309 singulari
934 1275 968 1300 et
985 1269 1166 1300 extraordi-

171 1313 265 1344 nario
291 1322 394 1354 opere
418 1312 482 1343 Dei
505 1318 669 1344 mutatur:
694 1312 763 1343 Sed
787 1310 943 1343 Ecclesia
966 1313 1030 1343 scit
1057 1312 1167 1354 reipsa
1191 1321 1194 1344 ἰ

172 1357 406 1398 contingentes
425 1366 516 1387 esse.

249 1442 355 1474 *Nunc
378 1442 419 1473 de
443 1442 673 1483 contingentia
695 1441 826 1472 dicatur
844 1441 875 1472 in
899 1442 1088 1473 actionibus
1108 1442 1166 1472 1111-

171 1486 288 1517 manis.
333 1485 371 1516 111
405 1485 577 1518 creatione
610 1484 755 1515 hominis
790 1484 972 1525 praecipue
995 1484 1080 1516 haec
1104 1485 1167 1516 tria

173 1530 262 1560 dona
285 1533 393 1565 erant:
424 1528 538 1570 Imago
562 1529 680 1560 mentis
705 1528 847 1566 divinae,
872 1528 923 1559 vis
946 1526 1167 1571 intelligendi,

170 1625 246 1654 nae,
280 1621 313 1647 et
347 1614 434 1647 aliae
468 1616 631 1657 quaedam
655 1616 803 1646 notitiae.
849 1614 981 1646 Deinde
1007 1614 1166 1647 voluntas

169 1664 276 1698 recta,
310 1669 395 1701 quae
418 1665 551 1699 poterat
579 1660 812 1700 obtemperare
834 1657 919 1701 Legi
942 1658 1017 1690 Dei.
1063 1658 1105 1690 Et
1129 1657 1166 1690 li-

171 1703 284 1734 bertas
308 1703 341 1733 in
364 1701 549 1741 voluntate,
585 1713 671 1744 quae
707 1707 779 1733 erat
802 1701 957 1741 facultas,
993 1712 1060 1744 qua
1093 1709 1166 1744 pot-

171 1751 244 1777 erat
265 1744 365 1777 homo
390 1744 478 1777 velle
501 1756 564 1778 seu
587 1744 724 1788 eligere,
747 1755 809 1777 seu
832 1746 970 1778 reiicere
989 1756 1045 1784 ea,
1080 1756 1166 1788 quae

171 1789 320 1831 cognitio
344 1790 553 1827 ostendebat,
577 1795 633 1821 aut
656 1789 753 1821 etiam
765 1790 974 1831 suspendere
987 1789 1162 1822 actionem.

255 1857 349 1890 Haec
371 1856 516 1890 facultas
541 1869 621 1900 pars
645 1864 718 1890 erat
733 1857 957 1890 similitudinis
970 1858 1047 1898 Dei,
1069 1860 1163 1891 etin·

167 1908 219 1934 ter
253 1912 383 1933 summa
418 1908 612 1934 ornamenta
648 1908 834 1934 creaturae.
892 1902 934 1933 Et
967 1903 1078 1935 adhuc
1111 1910 1164 1935 est

167 1955 249 1987 pars
273 1944 497 1977 similitudinis
521 1944 600 1984 Dei,
636 1951 802 1987 quatenus
827 1944 956 1987 reliqua
979 1952 1042 1978 est.
1089 1947 1164 1979 Fuit

167 1994 277 2020 autem
309 1987 412 2030 longe
445 1989 672 2031 praestantior
706 1989 793 2021 haec
826 1987 963 2021 libertas
986 1991 1019 2022 in
1042 1996 1163 2023 natura

167 2032 310 2074 integra.
355 2032 454 2064 Nunc
489 2033 552 2064 etsi
586 2031 738 2064 mutilata
772 2039 836 2072 est,
871 2038 981 2066 tamen
1005 2034 1095 2076 quod
1119 2035 1163 2066 ad

168 2074 366 2108 electionem
390 2082 603 2108 externarum
625 2077 812 2115 actionum,
831 2087 918 2118 quae
941 2078 1061 2109 rationi
1085 2079 1162 2109 sub-

168 2119 275 2151 iectae
299 2124 388 2158 sunt,
411 2121 539 2158 attinet,
561 2120 595 2151 in
617 2119 752 2152 homine
773 2118 903 2162 reliqua
928 2127 991 2152 est.
1010 2121 1103 2153 Haec
1125 2120 1162 2153 li-

168 2163 283 2194 bertas
308 2168 588 2205 quantacunquae
614 2162 744 2205 reliqua
767 2170 828 2197 est.
855 2164 945 2196 Fons
959 2171 1011 2196 est
1035 2166 1163 2197 contin-

170 2206 303 2247 gentiae
322 2206 540 2238 humanarum
563 2208 740 2239 actionum.

256 2283 300 2315 Ut
333 2285 433 2326 igitur
455 2284 552 2316 Heva
583 2291 616 2317 et
638 2286 747 2317 Adam
771 2296 833 2318 sua
855 2285 1010 2318 libertate
1034 2292 1162 2318 averte-

168 2333 246 2359 runt
280 2337 318 2358 se
341 2338 361 2359 a
383 2327 475 2367 Deo,
510 2329 556 2360 ita
578 2328 643 2360 hae
666 2335 744 2361 sunt
766 2330 942 2362 verissime
967 2331 1162 2373 contingen-

168 2378 233 2409 teS‚
257 2377 289 2402 et
313 2381 526 2413 nequaquam
548 2373 777 2405 necessariae:
812 2374 920 2405 Adam
944 2373 1051 2405 violat
1072 2385 1163 2405 man-

169 2414 281 2446 datum
302 2414 387 2454 Dei,
422 2416 531 2447 Adam
553 2415 685 2447 violans
719 2418 909 2449 mandatum
928 2416 993 2449 Dei
1016 2418 1163 2449 accersit

168 2458 232 2489 sibi
255 2464 406 2497 mortem,
432 2458 517 2494 Quia
541 2460 752 2492 verissimum
771 2466 834 2500 est,
869 2460 979 2492 Deum
1014 2472 1079 2492 non
1104 2472 1163 2493 vo·

167 2500 287 2541 luisse,
309 2513 373 2534 nec
396 2503 605 2544 adprobasse
627 2503 661 2534 id
683 2511 869 2545 peccatum,
893 2515 957 2536 nec
976 2504 1161 2546 impulisse,

167 2555 232 2578 nec
255 2546 413 2589 coegisse
435 2544 643 2578 voluntatem
661 2547 758 2580 Adae
782 2549 824 2580 ad
847 2549 880 2580 id
903 2555 1088 2590 peccatum.

255 2614 349 2648 Haec
385 2616 427 2647 (18
460 2614 553 2648 fonte
577 2616 826 2660 contingentiae
856 2628 937 2650 vere
960 2618 1048 2650 dicta
1072 2624 1161 2657 sunt,

806 130 863 163 IV.
908 129 1169 163 ENARRATIO
1194 128 1397 161 SYMBOLI
1419 128 1581 162 NICENI.

2150 127 2215 161 250

1220 235 1306 267 quae
1330 225 1511 256 ostendunt
1534 224 1669 257 Stoicas
1692 224 1946 266 imaginationes
1967 224 2008 254 de
2032 224 2215 256 necessita-

1219 274 1252 299 te
1286 269 1510 309 repudiandas
1546 278 1634 300 esse.
1682 267 1824 299 Affirmo
1858 267 1958 309 igitur
1992 266 2214 305 Pharaonem,

1220 310 1367 349 Saulem,
1401 312 1580 349 Neronem,
1616 322 1678 343 sua
1702 310 1875 342 voluntate
1897 309 2001 342 libere
2032 317 2062 341 et
2087 311 2214 342 contin-

1219 361 1349 397 genter,
1372 366 1440 386 non
1464 354 1577 396 aliqua
1600 354 1692 387 fatali
1715 355 1937 392 necessitate,
1971 364 2035 384 nec
2057 353 2133 385 Deo
2157 355 2215 385 im-

1219 397 1366 439 pellente
1391 408 1506 430 eorum
1525 397 1737 437 voluntates,
1768 396 1914 440 elegisse
1940 396 2091 435 scelera,
2128 407 2215 439 quae

1219 440 1382 479 fecerunt,
1406 443 1493 473 sicut
1517 442 1550 472 in
1575 442 1666 473 Osca
1690 443 1824 473 dicitur:
1859 441 1911 473 Ex
1939 446 1972 472 te
1993 441 2134 483 perditio
2159 447 2215 472 tua

1220 492 1271 516 est
1295 484 1410 516 Israel.
1435 484 1476 516 Et
1501 486 1541 516 de
1555 484 1701 517 Diabolo
1727 487 1858 516 dicitur:
1884 485 1933 515 Ex
1956 486 2101 526 propriis
2125 495 2214 517 men-

1190 518 1192 530 ’
1220 529 1349 561 dacium
1374 527 1532 571 loquitur.

1307 597 1492 640 Postquam
1517 599 1557 629 (18
1581 598 1783 629 necessitate
1812 596 1986 636 absoluta,
2022 604 2053 629 et
2078 598 2119 628 de
2143 595 2214 629 fon-

1189 649 1192 682 ξ
1219 642 1308 673 tibus
1343 642 1587 684 contingentiae
1622 643 1745 673 dictum
1781 648 1849 679 est,
1882 642 2075 683 priusquam
2099 640 2215 672 Stoica

1219 692 1427 726 argumenta,
1452 696 1537 727 quac
1557 691 1674 716 contra
1696 695 1810 716 veram
1834 685 2033 716 sententiam
2056 684 2214 726 sophisti-

1220 738 1258 759 ce
1283 729 1439 770 excogita
1463 735 1552 766 sunt,
1576 727 1678 767 diluo,
1704 729 1854 760 recitabo
1880 728 2005 769 gradus
2031 728 2215 760 necessita-

1219 773 1273 810 tis,
1293 773 1413 814 quibus
1439 773 1671 810 consideratis,
1707 771 1836 812 planior
1871 772 1926 803 flet
1960 770 2139 813 explicatio
2164 781 2215 802 ar-

1220 821 1464 857 gumentorum.

1307 886 1437 917 Primus
1461 887 1587 927 gradus
1609 891 1670 916 est.
1702 885 1905 916 Necessaria
1931 885 2133 916 necessitate
2156 885 2213 915 ab·

1220 928 1341 967 soluta,
1365 940 1427 961 seu
1439 927 1633 969 simplicitet·
1654 929 1857 960 necessaria.
1883 928 2047 966 dicuntur,
2072 938 2213 969 quorum

1221 973 1377 1014 opposita
1408 972 1604 1013 simpliciter
1631 979 1709 1004 sunt
1738 971 1966 1012 impossibilia.
2012 970 2114 1002 Tales
2139 976 2215 1002 sunt

1219 1017 1469 1057 propositiones
1493 1016 1534 1047 de
1558 1017 1714 1054 essentia,
1740 1021 1771 1046 et
1797 1017 1838 1046 (18
1858 1016 2036 1047 virtutibus
2050 1014 2124 1046 Dei.
2149 1014 2214 1046 De·

1218 1070 1259 1090 us
1285 1066 1347 1097 est,
1372 1059 1467 1091 Deus
1493 1065 1543 1091 est
1569 1060 1717 1091 essentia
1741 1058 1948 1102 intelligens,
1976 1070 2091 1096 verax,
2114 1059 2214 1090 bene-

1190 1122 1193 1126 ›
1220 1102 1295 1141 fica,
1320 1104 1419 1141 iusta,
1446 1110 1550 1142 casta,
1574 1101 1752 1135 liberrima.

1308 1173 1480 1204 Secundus
1515 1173 1642 1214 gradus
1677 1178 1736 1204 cst.
1784 1172 1988 1204 Necessaria
2011 1171 2213 1202 necessitate

1220 1215 1458 1253 definitionum,
1495 1223 1528 1247 e:
1552 1216 1883 1248 demonstrationum.
1918 1216 1974 1247 ubi
2004 1215 2033 1246 si
2068 1214 2215 1256 fingatur

1220 1260 1422 1301 oppositum,
1442 1258 1475 1290 fit
1490 1259 1671 1301 implicatio
1686 1260 1969 1296 contradictionis,
1989 1265 2025 1290 ut
2045 1259 2072 1289 si
2097 1258 2214 1300 Trigo-

1220 1314 1283 1334 nus
1308 1313 1374 1334 non
1399 1302 1499 1334 habet
1523 1309 1591 1335 tre,
1616 1302 1772 1345 angulos,
1796 1313 1864 1334 noa
1888 1309 1939 1334 est
1963 1301 2141 1344 Trigonus.
2178 1301 2214 1333 Si

1221 1347 1326 1378 virtus
1360 1356 1427 1377 non
1463 1353 1515 1378 est
1552 1356 1744 1389 congruens
1779 1347 1936 1389 quiddam
1982 1356 2057 1377 cum
2096 1344 2215 1387 regula

1220 1391 1340 1421 mentis
1366 1390 1508 1428 divinae,
1533 1400 1598 1421 non
1624 1396 1676 1422 est
1700 1391 1817 1421 virtus.
1864 1390 1926 1421 Hic
1954 1390 2080 1431 gradus
2104 1388 2213 1430 proxi-

1220 1444 1293 1464 mus
1318 1439 1369 1464 est
1393 1434 1512 1474 primo,
1546 1434 1623 1475 quia
1647 1440 1698 1465 est
1721 1432 1838 1475 regula
1861 1434 1980 1465 mentis
2004 1433 2134 1464 divinae
2156 1433 2214 1464 im-

1220 1482 1320 1508 mota.
1368 1475 1411 1507 Ut
1435 1475 1519 1508 haee
1543 1478 1678 1508 immota
1702 1484 1771 1509 est:
1801 1477 1896 1509 Deus
1920 1475 1992 1508 vult
2015 1477 2214 1513 castitatem,

1192 1524 1195 1533 ⁴
1219 1520 1263 1551 ita
1288 1526 1320 1552 et
1342 1519 1428 1551 haec
1452 1521 1588 1552 immota
1611 1527 1676 1553 est:
1698 1521 1844 1553 Castitas
1869 1527 1920 1553 est
1942 1520 2058 1552 w'rtus.

172 1578 206 1603 et
239 1573 273 1603 in
308 1582 348 1604 ea
381 1570 499 1604 lucens
523 1572 651 1614 agnitio
675 1571 758 1609 Dei,
783 1578 815 1604 et
839 1572 954 1603 notitia
973 1571 1061 1614 legis
1085 1572 1166 1603 divi·
1192 1574 1195 1607 ζ

1307 1588 1439 1621 Tertius
1476 1591 1602 1633 gradus
1637 1598 1698 1622 est.
1766 1591 1969 1622 Necessaria
2012 1589 2214 1622 necessitate

1219 1631 1372 1675 physica,
1391 1644 1488 1676 quae,
1512 1635 1589 1676 quia
1612 1640 1730 1666 natura
1753 1635 1803 1665 sic
1826 1634 1981 1666 ordinata
2003 1640 2067 1672 est,
2096 1633 2214 1665 eodem

1219 1677 1318 1708 modo
1344 1687 1383 1708 se
1406 1677 1543 1716 habent,
1568 1678 1629 1709 sed
1652 1684 1763 1709 tamen
1786 1689 1807 1709 a
1825 1677 1902 1710 Deo
1926 1678 2045 1709 mutari
2057 1681 2212 1718 possunt,

1218 1726 1255 1752 ut
1277 1719 1432 1762 exempla
1455 1728 1632 1754 testantur.
1678 1721 1721 1752 Et
1750 1723 1800 1753 sic
1824 1722 1961 1753 condita
1984 1726 2063 1752 sunt
2085 1719 2214 1751 liberri-

1218 1774 1270 1794 ma
1294 1763 1468 1796 voluntate
1491 1765 1572 1804 Dei,
1607 1771 1640 1797 et
1664 1771 1825 1807 reguntur
1848 1764 2017 1798 liberrima
2040 1762 2213 1796 voluntate

1217 1806 1293 1839 Dei.
1317 1807 1362 1838 Ut
1384 1809 1471 1850 ignis
1495 1810 1690 1841 necessario
1715 1808 1885 1847 calefacit,
1908 1809 2114 1840 necessitate
2131 1806 2212 1850 phy-

1217 1851 1301 1883 sica.
1348 1850 1410 1883 Sol
1433 1854 1627 1884 necessario
1650 1859 1804 1884 movetur
1826 1852 2030 1884 necessitate
2058 1850 2213 1893 physica,

1216 1895 1250 1926 id
1283 1901 1347 1934 est,
1379 1897 1430 1927 sic
1463 1896 1615 1928 instituto
1651 1897 1767 1928 ordine
1792 1897 1959 1928 divinitus.
2007 1895 2076 1927 Sed
2099 1900 2213 1926 tamen

1215 1937 1310 1970 Deus
1334 1945 1444 1980 potest
1467 1940 1589 1971 sistere
1601 1939 1728 1977 Solem,
1754 1947 1787 1972 ut
1800 1939 1879 1972 fecit
1902 1940 1934 1972 in
1953 1949 2068 1982 pugna
2080 1938 2210 1970 Iosuae.

1214 1981 1267 2013 Ac
1291 1981 1483 2016 Stoicorum
1506 1982 1657 2015 delirium
1681 1984 1906 2016 execrandum
1937 1989 2004 2021 est,
2041 1988 2076 2014 ut
2109 1991 2212 2023 supra

1215 2036 1348 2068 quoque
1372 2027 1450 2066 dixi,
1475 2028 1529 2069 qui
1554 2027 1816 2070 fingunt,Deum
1839 2026 2009 2070 alligatum
2032 2036 2110 2058 esse
2135 2036 2212 2058 cau-

1214 2070 1262 2100 sis
1286 2071 1456 2109 secundis,
1480 2082 1543 2103 nec
1567 2081 1671 2112 posse
1693 2070 1791 2103 aliter
1815 2082 1929 2114 agere,
1953 2081 2052 2113 quam
2075 2075 2111 2102 ut
2125 2069 2211 2101 cient

1216 2123 1340 2145 causae
1364 2115 1545 2146 secundae.
1592 2114 1661 2146 lmo
1685 2115 1760 2146 ideo
1784 2116 1995 2153 invocamuS,
2031 2119 2067 2146 ut
2089 2124 2151 2145 sua
2173 2111 2210 2144 li-

1214 2157 1346 2189 bertate
1370 2165 1467 2201 regat
1493 2164 1523 2190 et
1546 2158 1740 2190 moderetur
1764 2169 1887 2191 causas
1900 2158 2077 2196 secundas,
2098 2158 2132 2189 id
2145 2162 2208 2195 est,

1214 2201 1388 2244 physicas,
1457 2201 1533 2233 Non
1575 2208 1652 2234 sunt
1686 2203 1787 2245 igitur
1821 2212 1962 2243 prorsus
1996 2199 2211 2233 immutabilia

1214 2244 1312 2283 haec,
1338 2255 1423 2287 quae
1447 2245 1479 2277 in
1501 2245 1568 2276 hoc
1592 2246 1690 2277 tertio
1715 2247 1823 2288 gradu
1847 2251 2079 2284 recensentur,
2114 2250 2150 2276 ut
2172 2242 2209 2275 il-

1216 2287 1260 2327 la,
1285 2299 1370 2330 quae
1395 2289 1435 2320 ad
1460 2290 1602 2331 primum
1625 2297 1659 2321 et
1682 2291 1866 2322 secundum
1877 2291 2018 2332 gradum
2031 2289 2206 2331 pertinent.

1304 2358 1451 2394 Quartus
1487 2359 1612 2400 gradus
1648 2367 1700 2391 est
1734 2359 1954 2397 mutabilium,
1989 2369 2075 2401 quae
2098 2365 2206 2390 tamen

1215 2408 1378 2433 vocantur
1400 2402 1606 2434 Necessaria
1636 2404 1839 2435 necessitate
1863 2404 2142 2444 consequentiae,
2174 2401 2207 2433 id

1215 2451 1278 2483 est,
1303 2456 1386 2487 quae
1410 2452 1487 2477 sunt
1511 2446 1643 2488 quidem
1665 2457 1703 2478 re
1737 2448 1810 2488 ipsa
1833 2445 2019 2484 mutabilia,
2055 2446 2115 2477 sed
2138 2456 2206 2477 non

1214 2494 1393 2527 mutantur,
1427 2488 1483 2521 vel
1516 2490 1595 2532 quia
1629 2490 1679 2521 sic
1713 2502 1733 2522 a
1756 2489 1831 2522 Deo
1868 2490 2001 2521 decreta
2032 2497 2121 2528 sunt,
2151 2488 2208 2521 vel

1215 2533 1292 2573 quia
1316 2539 1501 2575 sequuntur
1525 2544 1565 2564 ex
1591 2534 1713 2572 causis,
1739 2545 1824 2575 quae
1847 2544 1916 2565 non
1929 2539 2106 2572 mutantur,
2132 2544 2205 2565 eum

1214 2581 1324 2607 tamen
1348 2578 1466 2608 mutari
1489 2577 1688 2618 potuissent,
1710 2577 1765 2609 vel
1789 2578 1866 2620 quia
1886 2588 1960 2609 cum
1972 2576 2055 2609 fiunt
2074 2583 2204 2608 contra-

1214 2619 1386 2659 dictoriae,
1420 2619 1518 2653 simul
1554 2631 1656 2654 verae
1689 2631 1856 2653 essenon
1880 2627 2035 2662 possunt.
2081 2620 2126 2652 Ut
2147 2632 2205 2652 ne-
