2383 2990
129 131 189 164 101
834 130 887 161 111.
934 128 1211 163 CATECHESIS
1230 130 1446 164 PUERILIS.
2098 132 2159 164 102

126 229 272 262 VERBA
300 228 512 262 AMBROSH
547 229 589 261 ΙΝ
618 228 831 261 EPISTOLA
866 227 1028 261 PRlORE
1056 228 1115 260 AD
1170 225 1291 255 mando
1315 235 1375 256 eos
1400 225 1441 256 ad
1465 226 1666 267 agnitionem
1687 226 1772 263 eius,
1792 227 1869 268 quia
1893 227 1978 257 enim
2001 237 2087 258 unus
2107 233 2160 258 est

467 280 748 313 TIMOTHEUM⁸
1170 267 1269 298 Pater
1293 274 1325 298 et
1348 267 1467 306 Filius,
1495 279 1561 299 non
1585 279 1748 309 persona,
1783 270 1844 300 sed
1873 269 2071 300 indifferenti
2102 280 2159 300 na-

1169 316 1255 348 tura,
1280 316 1313 341 ut
1337 311 1462 341 arbiter
1489 317 1577 342 esset
1600 311 1663 342 Dei
1694 319 1725 343 et
1755 311 1941 350 hominum,
1971 312 2074 344 Filius
2096 312 2161 344 Dei

1168 359 1341 393 assumpta
1361 364 1473 391 carne,
1497 353 1596 385 honio
1622 362 1718 385 natus
1743 361 1811 392 est,
1841 363 1874 387 ut
1904 355 2068 387 Mediator
2096 355 2161 387 Dei

1169 403 1201 427 et
1224 396 1393 428 hominum
1416 397 1517 428 hoino
1541 404 1631 428 esset
1651 397 1804 429 Clu-istus
1830 398 1935 437 Iesus,
1958 400 1991 429 id
2011 406 2074 437 ent,
2092 408 2159 430 non

1169 440 1242 470 sine
1267 440 1448 477 divinitate,
1473 441 1549 481 quia
1572 441 1604 471 in
1628 440 1703 471 Deo
1727 440 1825 472 honio
1850 447 1932 480 erat,
1956 448 1987 473 et
2012 442 2103 473 Dens
2127 443 2161 474 in

1168 482 1313 520 homine,
1337 489 1372 513 ut
1397 493 1437 513 ex
1462 489 1602 525 utroque
1619 491 1709 515 esset
1729 485 1904 523 Mediator,
1930 491 1961 516 et
1984 491 2161 529 utrumque

1168 524 1414 557 reconciliaret.

215 379 311 412 Unus
336 381 421 412 enim
440 379 546 419 Deus,
570 391 656 412 unus
680 386 711 411 et
734 380 900 411 Mediator
913 378 977 410 Dei
1001 385 1033 410 et
1056 377 1115 409 ho-

125 424 259 462 minnm,
282 424 382 455 homo
406 423 562 455 Christus
586 423 690 454 lesus.
736 423 800 454 Dei
823 429 853 453 et
868 422 992 454 Chn‘sti
1016 432 1115 452 unani

126 467 294 509 significat
318 477 396 498 esse
426 465 629 499 voiuntatem
660 467 692 497 in
719 464 891 497 salvandis
914 465 1115 503 hominibus,

125 509 224 542 Unde
247 510 354 542 Deum
378 510 525 545 Patrem,
552 509 628 551 quia
650 509 692 540 ab
716 509 790 550 ipso
818 514 869 540 est
893 509 1000 540 omnis
1023 514 1115 539 auto·

126 553 220 592 rium,
244 565 344 585 unum
369 564 445 584 esse
463 552 601 590 fatetur,
633 558 663 583 et
688 563 788 583 unum
812 551 1029 583 Mediatorem
1052 551 1116 582 Dei

127 603 161 628 et
182 596 362 635 hominum,
387 595 556 628 Christum
575 595 691 626 lesum.
715 594 840 626 Missus
857 596 943 626 enini
966 606 986 626 a
1003 594 1115 633 Patre,
1603 612 1715 644 FINIS

125 638 235 672 factus
258 640 384 672 arbiter
406 638 634 672 reconciliavit
646 637 757 671 Deum
780 644 811 670 et
835 637 987 670 homines
1009 636 1115 670 refor-
1719 636 1726 642 '

334 752 421 782 Hanc
439 751 682 791 Respousz'onem
702 751 742 780 de
761 753 984 781 controversiis
1006 750 1159 780 Stanrarz'
1183 751 1211 779 in
1231 750 1339 779 eadem
1364 749 1521 779 Examinis
1539 749 1782 780 ordinandorum
1809 751 1941 781 editione
1966 753 2159 791 subsequun-

125 799 173 825 tur
197 795 403 834 Defim‘tiones
421 795 582 825 multarum
605 794 862 834 appellationum,
887 804 1016 834 quarum
1039 795 1071 822 2¹12
1090 793 1238 823 Ecclesia
1258 804 1330 822 usus
1353 797 1408 827 est,
1434 794 1574 823 traditae
1600 805 1618 822 ιι
1643 794 1796 833 Philippo
1817 794 2016 824 stlelantlwne
2040 794 2160 834 Toryne

125 842 156 867 et
185 838 396 877 Vuiteberqae.
444 839 534 868 Anno
557 840 647 869 1552.
673 842 703 868 et
726 840 815 867 1553.
862 837 928 867 Has
953 839 1009 866 iam
1034 838 1063 866 in
1087 837 1267 877 Appendice
1292 835 1326 866 ll.
1350 837 1458 866 tertia*²
1481 837 1592 866 aetatis
1616 837 1765 867 Locorum
1790 838 2031 878 theologicorum
2054 838 2160 869 latino-

125 891 189 911 rum
213 881 300 921 (Vol.
326 881 407 912 XXI.
432 894 460 922 p.
489 883 711 911 1075—1106.
738 881 816 911 cons.
842 890 871 920 p.
899 883 990 910 1075.
1016 884 1086 910 nota
1111 882 1177 919 39.)
1202 880 1364 914 edidimus,
1386 890 1474 918 quam
1501 880 1538 909 ob
1564 890 1688 910 cansam
1714 881 1771 910 hoc
1794 881 1863 910 loco
1888 883 2071 913 omittuntur.
