2383 2990
137 121 177 153 17
180 121 200 153 3
843 116 898 149 111.

134 216 305 257 spicaces‚
339 219 375 245 ut
397 211 471 245 sola
494 217 634 244 naturae
669 210 907 243 malevolentia
940 211 1012 241 sine
1046 208 1150 251 aliis{

135 259 248 290 causis
272 255 420 298 impellat
443 266 503 287 eos
528 255 570 286 ad
594 254 868 286 maledicendum.
911 253 985 289 Quo
1009 253 1041 283 in
1065 263 1121 294 ge·
1147 253 1150 284 i

133 311 213 332 nere
237 306 377 341 peccant
411 310 478 330 non
501 304 628 330 tantum
652 299 707 340 qui
732 303 847 329 serunt
870 295 1030 333 fabellas,
1066 301 1122 326 aut

134 344 271 376 crimina
296 344 337 374 de
361 341 448 380 aliis,
484 342 545 373 sed
569 342 666 372 etiam
690 341 877 378 auditores,
902 340 958 381 qui
980 337 1122 369 libenter

132 386 187 419 vel
220 387 316 418 avide
345 386 497 423 audiunt,
528 386 615 416 sicut
644 384 808 415 Pindarus
837 383 940 424 inquit
965 381 1054 422 [ὄψον
1089 381 1121 413 δὲ

133 434 305 471 κατηγορίαι
327 433 387 465 τοῖς
411 432 598 470 φθονεροΐςΙ.
628 427 750 458 invidis
775 427 951 457 obsonium
965 435 1041 456 esse
1055 435 1121 456 ma-

132 472 266 505 ledicta.
291 472 374 504 Cum
398 478 507 503 autem
531 470 595 502 hoc
619 471 733 501 vitium
746 470 789 500 sit
804 469 1120 506 comnmnissinzum,

133 517 304 548 discamus
339 514 472 546 frenare
494 513 652 556 linguam,
689 519 721 544 et
751 513 958 554 corrigamus
983 513 1120 542 morbos

134 560 244 597 animi,
267 559 322 601 qui
347 566 403 590 aut
425 558 556 599 pariunt
579 562 635 588 aut
654 555 851 587 confirmant
874 555 1010 597 linguae
1028 561 1121 596 petu-

132 602 280 639 lantiam,
318 608 349 633 et
383 601 630 632 meminerimus
665 609 738 629 eam
772 609 923 639 pugnare
958 609 1031 629 cum
1055 597 1121 629 hoc

133 652 332 688 praecepto:
355 645 431 675 Non
455 644 546 675 dices
569 641 689 673 falsum
702 642 936 673 testimonium.
972 641 1013 673 Et
1026 641 1120 673 Chri-

134 695 206 721 stus
230 691 291 719 ait:
315 687 426 719 Nolite
448 687 607 723 iudicare,
630 696 672 716 ne
696 685 892 716 iudicemini.

221 773 289 805 Sed
322 772 376 803 hic
411 773 593 814 quaeritur,
629 782 670 802 an
695 781 761 801 non
786 770 865 802 licet.
887 769 1065 802 manifesta
1089 776 1121 801 et

133 816 267 858 publica
290 817 366 847 vitia
389 814 656 856 reprehendere?
679 813 900 855 Respondeo:
947 814 1120 845 Sententia

134 859 276 891 Christi:
298 858 411 890 Nolite
433 859 591 896 iudicare,
616 868 682 889 non
706 857 861 899 prohibet
881 857 1026 888 osticium
1041 857 1120 887 iudi-

134 904 195 941 cis,
218 905 272 934 aut
297 903 554 940 concionatoris,
578 902 638 932 sed
661 901 813 942 prohibet
838 902 999 941 privatam
1019 899 1120 931 male-

134 947 321 983 dicentiam,
347 953 377 976 et
402 947 433 976 in
458 946 557 976 rebus
583 945 690 976 dubiis
715 942 907 975 calumnias.
939 943 998 974 Est
1011 950 1120 974 autem

132 991 261 1031 privata
285 987 524 1025 maledicentia,
549 988 815 1029 quandocunque
840 994 933 1018 extra
952 987 1119 1024 iudicium,

133 1039 189 1063 aut
214 1033 421 1069 concionem,
446 1037 501 1062 aut
524 1030 807 1068 deliberationem,
831 1038 885 1061 aut
911 1031 998 1071 piam
1022 1031 1120 1060 casti-

134 1076 311 1117 gationem,
346 1076 500 1106 dicuntur
523 1075 554 1105 in
578 1073 663 1105 alios
688 1075 858 1112 convicia,
889 1074 1015 1104 etiamsi
1042 1083 1120 1103 xera

133 1125 165 1149 et
188 1117 363 1149 manifesta
389 1125 485 1155 sunt,
518 1118 573 1148 ubi
605 1116 758 1148 videlicet
784 1128 847 1147 non
878 1118 1051 1153 dicuntur,
1085 1123 1119 1147 ut

133 1160 187 1193 vel
210 1160 265 1192 ille
290 1162 499 1198 emendetur,
531 1161 585 1201 qui
625 1166 803 1190 accusatiu-
838 1158 890 1191 vel
925 1158 1120 1190 consulatur

133 1203 224 1242 aliis,
261 1205 322 1234 sed
357 1210 531 1244 erumpunt
555 1208 611 1233 aut
635 1214 676 1234 ex
702 1210 841 1233 naturae
866 1204 1028 1239 vanitate,
1065 1208 1120 1233 aut

134 1258 175 1278 ex
198 1248 315 1277 morbo
339 1247 446 1277 animi.
494 1246 598 1277 Porro
630 1246 693 1276 hoc
718 1253 866 1286 tempore
891 1252 938 1276 est
966 1247 1120 1276 usitatum

135 1289 334 1321 maledicere
369 1290 504 1321 summis
539 1296 639 1330 atque
674 1288 812 1327 infimis,
859 1296 888 1319 et
924 1290 1120 1329 praesertim

133 1334 337 1375 principibus
363 1339 393 1363 et
418 1333 624 1370 doctoribus,
659 1333 722 1362 imo
749 1333 834 1373 jpsis
859 1333 954 1362 etiam
978 1332 1119 1369 artibus,
1147 1366 1149 1370 ,

134 1383 166 1408 et
201 1386 302 1417 saepe
327 1377 358 1406 in
384 1377 485 1407 rebus
510 1376 618 1406 dubiis
643 1373 848 1405 calumniose
873 1374 1120 1416 reprehendun-

134 1426 198 1458 tur,
222 1420 278 1451 ubi
302 1429 354 1457 ea,
390 1429 475 1460 quae
498 1424 574 1449 sunt
597 1419 764 1459 ambigua,
801 1429 867 1449 non
891 1425 986 1449 erant
1009 1419 1041 1448 in
1066 1418 1120 1449 de·
1147 1435 1150 1446 .

134 1463 286 1494 teriorem
310 1468 438 1503 partem
461 1462 721 1502 interpretanda.
752 1460 857 1492 Multo
881 1461 957 1503 plus
971 1467 1122 1502 peccant,

135 1507 190 1548 qui
226 1512 315 1537 recte
349 1505 442 1536 facta
472 1512 529 1536 aut
563 1505 650 1536 dicta
686 1503 890 1536 calumniose
926 1505 1120 1546 depravant,

136 1550 221 1580 sicut
255 1549 450 1590 saepissime
485 1549 614 1580 accidit.
662 1547 768 1579 Porro
804 1560 902 1590 quam
935 1549 1041 1588 turpis
1066 1558 1121 1579 res

135 1592 188 1633 sit,
221 1598 251 1622 et
275 1591 349 1623 Deo
374 1590 568 1633 displicens,
603 1589 786 1629 calumnia,
822 1592 886 1623 hoc
920 1598 1031 1632 potest
1055 1593 1122 1622 ani-

134 1636 309 1673 madverti,
334 1637 422 1677 quod
447 1636 488 1667 ab
514 1636 578 1666 hoc
601 1635 680 1666 vitio
704 1641 802 1678 autor
826 1636 974 1677 peccati,
1010 1636 1122 1666 diabo-

134 1677 199 1716 lus,
221 1690 341 1710 nomen
362 1678 472 1710 habet.
513 1677 554 1709 Et
578 1677 643 1709 1100
665 1678 742 1709 1000
767 1679 939 1710 sciendum
963 1685 1026 1713 est,
1052 1690 1123 1715 eos,

135 1722 190 1763 qui
214 1720 320 1752 falsas
343 1721 474 1753 tabulas
500 1722 540 1752 de
564 1721 639 1752 aliis
664 1728 799 1760 serunt,
831 1723 953 1753 debere
983 1721 1048 1752 illis·
1074 1731 1122 1752 re-

132 1818 207 1839 nem
244 1818 364 1846 rerum,
399 1809 475 1849 quia
509 1808 594 1838 inter
630 1809 717 1838 bona
751 1815 887 1839 externa
912 1809 1122 1851 praecipuum

133 1858 184 1883 est
218 1852 306 1882 bona
341 1852 552 1882 existimatio.
604 1850 709 1882 Recte
732 1852 818 1882 enim
843 1852 978 1882 dicitur:
1026 1851 1123 1882 Bona

134 1895 340 1926 conscientia
374 1895 471 1925 nohis
507 1895 592 1935 o'pus
627 1901 689 1932 est,
726 1896 812 1925 bona
836 1894 925 1926 sama
948 1901 1056 1925 autem
1081 1895 1122 1925 de

132 1938 229 1969 nobis
260 1948 344 1978 opus
375 1943 425 1968 est
447 1938 618 1978 proximis.
666 1938 750 1968 Nam
774 1937 916 1969 honesta
941 1938 1051 1979 opinio
1076 1938 1122 1968 in-

134 1981 215 2012 vitat
239 1979 324 2012 alios
348 1981 391 2011 ad
415 1982 580 2019 virtutem,
605 1982 680 2012 ideo
704 1982 736 2012 111
752 1982 944 2012 Proverbiis
963 1982 1121 2022 scriptum

135 2030 202 2055 est:
247 2023 367 2055 Melius
393 2030 445 2055 est
468 2035 586 2055 nomen
608 2025 741 2063 bonum,
765 2036 863 2066 quani
889 2025 1021 2055 divitiae
1040 2023 1122 2055 mul-

134 2072 199 2097 tae.
244 2066 286 2098 Et
309 2066 539 2098 Ecclesiastici
563 2068 615 2099 41.
663 2068 785 2099 Curam
820 2067 943 2098 habeto
969 2068 1010 2098 de
1034 2069 1121 2098 bono

134 2110 278 2147 nomine,
302 2109 368 2141 hoc
393 2111 478 2141 enim
501 2112 726 2152 praestantius
756 2118 807 2142 est
831 2110 920 2142 mille
945 2111 1120 2142 thesauris.

135 2151 177 2182 Et
200 2159 289 2183 extat
312 2152 509 2192 versiculus,
535 2154 705 2186 Honestus
729 2165 843 2186 rumor
862 2154 1002 2185 alterum
1022 2154 1122 2195 patri-

136 2196 279 2226 monium
313 2202 373 2228 est.
419 2196 460 2228 Et
489 2199 687 2239 gratissime
710 2199 813 2240 inquit
838 2198 987 2229 Gerson:
1031 2197 1122 2228 Non-

135 2248 303 2280 nunquam
325 2238 457 2270 facilius
481 2240 600 2272 satisfit
620 2252 681 2281 pro
705 2240 881 2272 homicidio
897 2240 1067 2282 corporali
1091 2248 1121 2272 et

134 2280 241 2320 furto,
276 2292 373 2323 quam
396 2293 456 2323 pro
487 2282 662 2315 calumnia.
708 2284 750 2315 Et
769 2285 809 2316 de
835 2285 901 2323 his,
931 2286 983 2327 qui
1009 2285 1122 2316 dicunt

137 2326 289 2356 convicia
314 2326 355 2356 de
378 2327 663 2367 gubernatoribus
687 2327 930 2366 Ecclesiarum,
965 2329 1009 2359 ait
1032 2328 1122 2359 Ana-

137 2366 259 2399 cletus:
304 2367 501 2400 Deteriores
524 2377 617 2409 sunt,
652 2372 707 2413 qui
731 2373 906 2404 doctorum
930 2372 1028 2404 vitam
1053 2382 1122 2403 mo-

135 2422 258 2453 resque
293 2411 545 2452 calumniantur,
578 2425 677 2456 quam
710 2415 766 2457 qui
789 2416 947 2457 diripiunt
979 2414 1122 2447 aliorum

135 2455 282 2497 praedia.

943 113 1220 148 CATECHESIS
1239 113 1455 147 PUERILIS.

1147 541 1149 547 ·
1175 530 1241 560 eris
1266 527 1498 566 calumniator,
1533 539 1595 560 ncc
1619 538 1759 558 susurro
1784 529 1814 558 in
1840 527 1976 569 populo.

1146 907 1148 909 ,
1175 874 1416 905 Hebraeorum.

135 1765 337 1796 stitutionem
362 1763 488 1802 famae,
523 1765 606 1795 sicut
631 1765 662 1795 in
686 1763 774 1795 furto
798 1765 920 1796 debent
944 1765 1122 1796 restitutio-
1147 1726 1152 1834 i

2101 114 2164 147 1⁷4

1191 212 1263 252 An
1296 227 1415 252 omne
1447 212 1708 253 mendacium
1740 218 1803 252 est
1834 212 2004 252 mortale
2036 226 2133 267 pec-

1584 290 1747 330 catum?

1169 435 1179 446 l
1263 398 1439 430 Mendacia
1467 404 1500 429 et
1528 399 1560 429 in
1592 397 1658 429 hoc
1686 404 1866 439 praecepto
1890 397 2109 440 prohibentur
2133 403 2164 429 et

1174 440 1265 473 alibi.
1311 441 1395 472 Nam
1426 441 1531 472 Levit.
1555 442 1604 473 19.
1628 442 1789 482 scriptum
1812 448 1883 472 est:
1929 441 2003 472 Non
2028 441 2163 472 mentie-

1175 486 1264 523 mini,
1290 495 1352 515 nec
1372 485 1513 526 decipiet
1525 486 1754 526 unusquisque
1768 485 1951 525 proximum
1965 495 2073 522 suum,
2098 494 2162 515 non

2021 527 2084 558 Est
2107 538 2163 559 au-

1176 578 1240 603 tem
1263 572 1402 609 mentiri,
1427 570 1517 602 aliud
1541 570 1631 612 loqui
1655 582 1753 612 quam
1777 572 1914 608 sentias,
1939 582 1999 602 seu
2012 571 2163 601 dissimu-

1174 613 1241 646 lata
1266 615 1405 645 veritate
1428 614 1548 645 falsum
1573 616 1695 651 dicere,
1714 615 1746 644 id
1760 613 1995 645 universaliter
2014 620 2065 644 est
2079 624 2163 644 mor-

1175 657 1240 689 tale
1264 664 1450 699 peccatum,
1485 669 1558 689 cum
1595 658 1629 688 fit
1663 658 1783 688 iniusta
1812 657 1984 688 voluntate
2008 656 2162 688 nocendi.

1175 702 1243 733 Sed
1265 702 1297 732 in
1323 702 1419 732 dictis
1443 708 1475 732 et
1500 700 1596 732 factis
1622 708 1812 731 sanctorum
1838 707 1913 731 sunt
1938 701 2034 731 etiam
2061 710 2162 741 quae-

1175 745 1249 776 dam
1274 745 1419 787 figurae,
1455 750 1506 782 ut,
1544 743 1714 775 Abraham
1738 743 1923 775 dissimulat
1948 746 2061 775 Saram
2086 752 2162 774 esse

1176 789 1350 829 coniugem
1375 794 1405 818 et
1430 794 1529 819 vocat
1553 798 1716 818 sororem.
1751 787 1939 828 Aegyptiae
1964 787 2161 817 obstetrices

1175 833 1347 863 mendacio
1373 837 1532 861 excusant
1555 841 1604 868 se,
1629 841 1688 862 cur
1713 841 1778 861 non
1799 830 1995 861 interficiant
2019 829 2161 860 infantes

1464 873 1580 904 Rahab
1609 874 1782 904 mendacio
1807 871 1951 904 defendit
1977 871 2162 913 explorato-

1176 929 1241 956 reS,
1268 925 1297 949 et
1317 918 1483 958 scriptura
1510 924 1660 954 testatur,
1679 916 1786 947 Deum
1808 918 1953 958 praemia
1977 917 2162 947 reddidisse

1174 972 1234 1002 pro
1260 961 1310 992 his
1334 959 1455 991 officiis
1512 960 1620 991 Daxid
1645 958 1775 991 simulat
1794 970 1831 990 se
1855 959 1977 990 habere
2003 960 2164 997 morbum,

1175 1016 1249 1035 011111
1273 1005 1314 1035 ad
1334 1014 1445 1045 regem
1470 1004 1633 1034 inimicum
1654 1005 1813 1034 venisset.
1861 1003 1964 1033 iudith
1990 1001 2072 1033 fallit
2097 1001 2162 1033 Ho-

1173 1046 1348 1085 loferneni,
1372 1055 1403 1078 et
1429 1047 1545 1077 medici
1571 1057 1672 1087 saepe
1696 1045 1813 1077 fallunt
1838 1052 2012 1087 aegrotOS,
2045 1053 2080 1076 ut
2103 1055 2161 1077 eos

1174 1092 1297 1122 iuvent.
1346 1091 1486 1131 Propter
1509 1089 1695 1121 huiusmodi
1725 1090 1811 1120 dicta
1835 1096 1863 1120 et
1891 1088 1979 1120 facta
2003 1088 2162 1130 pleraque

1174 1134 1205 1164 in
1242 1135 1415 1176 scripturis
1452 1140 1483 1165 et
1519 1134 1684 1165 communi
1719 1134 1784 1165 vita
1815 1134 2047 1164 discernuntur
2076 1142 2163 1169 men<

1174 1178 1279 1208 dacia.

1260 1245 1519 1287 Distinguuntur
1563 1251 1672 1276 autem
1718 1251 1786 1275 tres
1817 1245 1960 1285 species.
2017 1243 2163 1275 Primum

1175 1296 1252 1320 sunt
1287 1290 1473 1330 perniciosa
1508 1289 1698 1325 mendacia,
1729 1299 1814 1329 quae
1840 1290 1917 1318 liunt
1944 1298 2017 1318 cum
2042 1288 2163 1318 iniusta

1175 1332 1346 1363 voluntate
1381 1332 1540 1369 nocendi,
1575 1338 1609 1362 ut
1643 1342 1717 1362 011111
1751 1330 1838 1362 falso
1870 1330 1923 1361 alii
1948 1335 2160 1361 accusantur.

1175 1376 1266 1407 Haec
1292 1377 1400 1406 omnia
1425 1376 1497 1406 sine
1521 1375 1620 1405 dubio
1644 1380 1719 1404 sunt
1734 1380 1870 1413 peccata
1885 1373 2046 1404 mortalia.
2083 1372 2164 1403 Por-

1175 1430 1224 1457 ro,
1258 1419 1467 1449 mendacium
1502 1429 1564 1449 sua
1598 1424 1716 1448 natura
1740 1424 1789 1448 est
1814 1423 1989 1459 peccatum
2014 1415 2164 1454 mortale,

1175 1463 1272 1493 etiam
1296 1463 1367 1492 sine
1392 1460 1563 1492 voluntate
1588 1461 1748 1495 nocendi,
1783 1463 1809 1492 si
1834 1459 1985 1491 videlicet
2010 1471 2051 1491 ex
2075 1460 2164 1491 vani-

1175 1512 1242 1536 tate
1265 1506 1386 1547 ingenii
1412 1506 1557 1541 dicatur,
1594 1515 1654 1535 nec
1679 1503 1797 1534 habeat
1825 1502 2028 1544 probabilem
2053 1510 2082 1533 et
2108 1502 2164 1533 ho-

1176 1556 1304 1579 nestam
1325 1559 1473 1580 causam.
1498 1546 1608 1589 qualia
1644 1556 1719 1577 sunt
1744 1547 1954 1578 adulatorum
1979 1547 2164 1584 mendacia,

1176 1602 1261 1633 quae
1287 1598 1401 1622 contra
1427 1592 1665 1622 conscientiam
1689 1590 1813 1629 dicunt,
1837 1597 1892 1621 aut
1917 1589 2027 1631 qualia
2052 1590 2164 1620 dicun-

1175 1642 1228 1666 tur
1251 1646 1270 1666 a
1294 1636 1514 1672 iactabundis,
1539 1640 1569 1665 et
1596 1632 1660 1664 alia
1685 1633 1794 1665 inulta.
1842 1633 1919 1664 Alia
1954 1634 2087 1674 species
2113 1638 2163 1663 est

1176 1678 1282 1719 figura
1307 1689 1368 1709 seu
1391 1679 1512 1715 ironia,
1550 1688 1622 1707 cum
1652 1676 1806 1708 videlicet
1830 1683 1967 1717 propter
1991 1675 2164 1706 honestam

1176 1729 1207 1752 et
1233 1724 1351 1753 iustam
1372 1732 1507 1752 causam
1530 1719 1654 1761 aliquid
1679 1720 1877 1756 occultatur,
1900 1720 2067 1751 autetiam
2084 1719 2163 1760 figu—

1176 1771 1247 1796 rate
1281 1764 1370 1795 aliud
1406 1765 1523 1795 dieitur
1553 1771 1605 1794 aut
1633 1764 1835 1798 ostenditur,
1874 1763 1913 1793 Ut
1939 1773 2013 1794 cum
2037 1763 2162 1793 Abram

1176 1807 1362 1839 dissimulat
1385 1808 1501 1839 Suram
1526 1818 1602 1838 esse
1625 1817 1778 1845 uxorem,
1815 1806 1888 1847 ipsa
1912 1816 1992 1836 vero
2017 1804 2164 1836 occulta-

1177 1853 1222 1882 tio
1257 1863 1316 1893 per
1340 1862 1416 1881 sese
1440 1852 1471 1882 in
1496 1850 1619 1881 talibus
1643 1851 1755 1881 causis
1780 1861 1845 1881 non
1871 1855 1921 1879 est
1946 1849 2163 1880 mendacium.

1176 1896 1259 1926 Nam
1291 1895 1418 1926 mentiri
1449 1905 1514 1925 non
1539 1901 1589 1925 est
1611 1900 1736 1924 tantum
1760 1892 1943 1930 occultare,
1967 1893 2024 1922 sed
2052 1890 2164 1923 occul-

1176 1945 1244 1969 tata
1279 1940 1416 1969 veritate
1451 1936 1571 1968 salsum
1601 1938 1723 1968 dicere.
1778 1935 1931 1967 Christus
1966 1934 2163 1976 colloquens

1176 1993 1250 2013 cum
1276 1983 1407 2013 duobus
1432 1979 1616 2021 discipuliS,
1642 1980 1770 2011 etiamsi
1794 1990 1859 2011 non
1884 1980 1929 2010 ita
1953 1989 1992 2010 se
2006 1979 2162 2016 ostendit,

1174 2032 1206 2057 ut
1233 2037 1310 2056 mox
1333 2031 1549 2067 agnoscatur,
1573 2031 1681 2054 tamen
1707 2034 1772 2054 non
1796 2028 1897 2064 negat
1920 2033 1956 2053 se
1980 2032 2056 2053 esse
2076 2032 2162 2057 eum,

1175 2070 1229 2110 qui
1254 2074 1336 2100 erat.
1383 2068 1482 2099 Tales
1513 2066 1774 2104 occultationeS,
1799 2076 1885 2108 quae
1908 2065 2108 2096 adhibentur
2131 2065 2163 2096 in

1175 2113 1214 2142 iis
1240 2114 1359 2150 rebus,
1384 2122 1467 2153 quas
1491 2112 1601 2141 dicere
1626 2121 1691 2141 non
1716 2120 1859 2141 necesse
1882 2116 1952 2147 est,
1987 2119 2049 2139 nec
2075 2118 2162 2139 men-

1175 2156 1269 2186 dacia
1295 2162 1382 2191 sunt,
1407 2166 1468 2188 nec
1492 2160 1649 2196 peccata,
1682 2159 1715 2185 et
1745 2152 1940 2195 plerumque
1964 2152 2163 2183 adhibentur

1175 2205 1310 2241 propter
1333 2197 1478 2239 aliquam
1501 2196 1687 2229 utilitatem.

1262 2285 1431 2322 Secundo,
1455 2284 1511 2315 ubi
1535 2294 1615 2314 vero
1639 2281 1863 2314 manifestatio
1887 2287 2072 2322 spontanea
2085 2290 2162 2321 pec-

1175 2335 1285 2360 catum
1310 2335 1418 2366 esset,
1454 2329 1497 2358 ibi
1522 2336 1707 2358 concessae
1731 2332 1807 2356 sunt
1831 2326 1974 2367 figurae,
2005 2334 2091 2366 quae
2115 2330 2162 2354 te-

1174 2378 1256 2414 gunt
1274 2373 1428 2413 negotia,
1452 2371 1495 2402 Ut
1517 2370 1636 2401 Rahab
1660 2376 1852 2410 peccasset,
1888 2369 1915 2398 si
1940 2367 2029 2399 ultro
2053 2367 2162 2407 prodi-

1174 2416 1280 2447 ‹liSset
1304 2414 1547 2456 exploratores.
1579 2413 1620 2444 Et
1642 2411 1759 2444 mulier
1782 2413 1813 2443 ἱ).
1838 2411 1921 2453 Reg.
1951 2411 1998 2442 17.
2023 2420 2162 2452 peccas-

1174 2465 1238 2497 set,
1273 2460 1302 2489 si
1336 2458 1423 2490 ultro
1451 2457 1654 2498 prodidisset
1679 2456 1811 2486 nuntios
1837 2454 1985 2486 Davidis.
2032 2454 2067 2484 ln
2090 2452 2161 2485 tali-

1176 2504 1237 2533 bus
1272 2503 1408 2534 casibus
1445 2501 1524 2532 licet
1557 2501 1603 2531 vti
1638 2500 1762 2530 ironiis.
1807 2497 1901 2529 Tunc
1925 2499 2008 2528 enim
2034 2498 2161 2538 figurae

1174 2544 1251 2577 illae
1269 2556 1335 2579 non
1360 2551 1438 2576 sunt
1459 2545 1594 2586 proprie
1617 2543 1800 2574 mendacia.
1846 2541 1929 2572 Nam
1954 2541 2160 2572 mendacium

1175 2591 1309 2631 proprie
1342 2595 1395 2621 est
1428 2587 1621 2630 depravatio
1645 2586 1729 2624 eius,
1766 2585 1856 2627 quod
1879 2585 1944 2616 dici
1968 2585 2078 2616 debet.
2123 2583 2158 2615 ln
