2383 2990
172 129 234 163 133
564 170 569 172 Π
907 128 958 160 111.
983 126 1258 160 CATECHESIS
1281 127 1496 162 PUERILIS.
2143 130 2206 163 134

1215 223 1304 254 dium
1338 224 1381 254 ad
1404 234 1445 254 ea
1463 222 1695 264 intelligenda,
1726 224 1876 255 ornanda
1899 230 1932 256 et
1956 226 2202 258 conservanda.

1213 266 1357 298 Imitare
1375 265 1527 307 exemplo
1552 265 1649 304 alios,
1672 273 1709 298 ut
1732 268 1856 299 rectius
1881 274 1914 299 et
1926 267 2202 301 honorificentius

1213 309 1255 341 de
1277 310 1459 340 ministerio
1483 308 1617 350 publico
1636 310 1790 341 sentiant.

168 232 263 263 sunt,
285 230 323 255 ut
344 224 453 255 sciant
475 234 543 255 non
571 233 650 256 esse
672 230 848 264 peccatum
871 224 945 255 sine
968 229 1161 264 contemptu

169 274 204 300 et
236 273 332 298 extra
367 277 484 299 casum
517 265 668 299 scandali
702 267 882 308 aliquando
906 277 973 298 non
997 267 1161 297 interesse

168 309 311 353 publicis
340 311 549 342 ceremoniis
595 310 707 342 ludaei
734 310 820 341 enim
847 309 1037 341 habuerunt
1065 319 1160 350 prae—

167 360 304 395 ceptum
326 354 473 386 divinum
496 354 538 385 de
561 354 614 385 die
634 360 666 385 et
689 354 730 385 de
749 362 860 394 opere.
907 352 979 383 Nos
997 351 1159 384 habemns

167 403 385 439 praeceptum
431 398 577 429 dixinum
622 397 664 428 de
705 406 824 437 opere,
881 396 942 426 sed
987 406 1055 426 non
1101 394 1159 427 ha-

168 441 286 472 bemus
316 447 532 482 praeceptum
566 441 608 471 de
632 440 684 471 die
707 446 812 471 certo.
858 437 1077 480 Contemptus
1108 445 1159 469 est

1300 368 1338 399 ΙΙ.
1384 368 1478 400 quta
1507 370 1716 400 vocationem
1744 376 1919 410 praestare
1943 369 2145 412 diligentiam
2172 372 2204 402 in

1213 413 1365 444 docendo
1390 418 1454 443 ete.
1479 419 1511 443 et
1535 422 1739 444 conservare
1759 414 1930 444 doctrinae
1953 414 2142 454 puritatem.

168 489 291 522 autem,
314 484 343 515 si
367 485 442 525 quis
465 494 632 525 nunquam
655 488 712 514 aut
733 492 810 513 raro
835 482 975 513 intersit.
1020 482 1106 513 Nam
1128 482 1158 513 is
1250 516 1258 523 ,
1288 471 1351 524 ἿῘῙῙ·
1399 471 1557 523 PUbljcaS
1581 473 1763 504 ⁰⁰¹¹⁰i⁰¹¹e⁵
1787 472 1980 515 frequenter
2000 474 2126 513 andire,
2150 475 2205 516 Pie

169 532 227 559 aut
256 532 448 568 contemptu
471 527 644 558 doctrinae
667 524 860 576 autaliquO
885 525 1158 576 doctrinaelodio
1185 536 1188 572 ι
1212 522 1258 547 ΠῑΙ
1283 519 1522 547 bacramentis.

169 571 277 601 abest·
324 569 483 602 scandali
507 580 607 601 casus
631 579 714 600 vam
737 574 833 606 ⁵¹¹⁹ss
863 568 924 599 sed
958 578 1158 610 ΡΓᾶθοΨῑω5
1185 576 1187 610 1³
1298 583 1366 614 1111.
1412 583 1569 615 Retinere
1592 594 1693 615 veros
1718 594 1800 615 usus
1821 586 2104 623 ceremoniarum,
2139 596 2204 618 nec

170 619 234 652 est,
257 624 287 645 Sl
307 624 381 655 ‘lms
400 623 462 646 ⁵¹¹⁰
486 611 640 654 exemplo
664 618 785 644 noceat
806 609 890 643 alus·
1213 628 1440 658 contaminare
1464 637 1521 658 eas
1545 628 1654 669 impiis
1679 628 1901 668 opinionibuS,
1925 635 1982 660 aut
1995 627 2149 660 conferre
2160 630 2204 660 ad

1211 676 1396 712 quaestum.

1185 711 1187 719 ι

1184 724 1187 773 ἶ
1299 739 1341 770 V.
1354 738 1438 770 Dies
1452 737 1559 770 festos
1573 737 1727 770 conferre
1740 739 1782 769 ad
1794 738 1919 779 publici
1933 740 2102 771 ministerii
2117 739 2203 772 cele-

230 775 437 809 PECCATA
457 774 640 806 CONTRA
664 774 756 806 HOC
780 773 1096 805 PRAECEPTUM·
1184 788 1187 824 j
1210 783 1405 813 brationem.
1440 782 1522 813 Item
1544 783 1577 812 in
1601 783 1688 823 piam
1708 783 1966 820 meditationem,
1990 790 2022 814 et
2039 783 2202 824 exempla,

1212 836 1298 866 quae
1332 826 1471 857 invitent
1505 825 1589 856 alios
1624 825 1666 856 ad
1694 826 1862 866 pietatem.
1910 825 2024 867 ltaque
2049 825 2204 858 Christus

1212 879 1278 899 non
1304 867 1440 900 violavit
1464 870 1642 899 sabbatum
1666 869 1823 899 curandis
1844 870 2011 910 aegrotis,
2047 870 2124 910 quia
2146 868 2204 902 illa

1212 922 1314 953 opera
1338 923 1405 944 non
1430 912 1650 954 impediebant
1675 912 1902 942 ministerium.
1948 911 2016 943 lmo
2041 919 2136 944 erant
2159 919 2204 945 te-

1212 956 1377 994 stimonia,
1401 956 1521 997 quibus
1547 956 1730 986 ornabatur
1754 960 1785 985 et
1811 954 2071 986 confirmabatur
2094 955 2204 988 Evan-

1211 997 1345 1039 gelium.
1392 999 1539 1030 Fuerunt
1573 999 1684 1040 itaque
1718 999 1853 1039 propria
1888 1005 1918 1029 et
1955 1008 2034 1029 vera
2065 998 2204 1030 Sabbati

1212 1051 1326 1081 opera.

258 923 281 954 1.
328 922 548 953 Contemnere
583 921 796 952 ministerium
833 919 1017 962 Evangelii.
1070 920 1158 952 Nun-

169 977 268 1008 quam
291 972 347 997 aut
365 976 442 997 raro
466 966 582 996 audire
601 963 828 1006 Evangelium.

257 1027 294 1057 ll.
342 1026 415 1057 Non
440 1026 485 1057 uti
510 1025 748 1056 Sacramentis.

255 1086 308 1117 lll.
355 1084 563 1118 Contumelia
602 1083 739 1117 afficere
774 1085 1011 1122 Sacramenta,
1054 1094 1159 1125 eaque

168 1129 222 1162 vel
246 1130 378 1162 omnino
404 1140 446 1161 ex
459 1128 613 1160 Ecclesia
633 1127 764 1165 tollere,
786 1126 840 1158 vel
865 1125 1020 1158 conferre
1041 1127 1082 1158 ad
1102 1128 1159 1158 im-

167 1175 243 1248 ffios
279 1174 422 1210 abusus,
457 1173 497 1203 ad
534 1182 707 1213 quaestum
731 1177 785 1202 aut
810 1171 1019 1211 impietatem.
1066 1170 1158 1202 Sicut
1186 1180 1188 1209 ¹,

169 1257 188 1290 f
207 1218 296 1248 issae
318 1216 360 1247 ad
381 1222 556 1257 quaestum
581 1221 708 1256 turpem
733 1222 764 1244 et
790 1214 992 1255 impietatem
1016 1212 1161 1244 collatae
1185 1213 1189 1273 ἰ
1301 1221 1393 1253 Haec
1417 1229 1494 1253 Sunt
1518 1232 1598 1252 vera
1622 1231 1725 1262 opera
1747 1220 1844 1253 huius
1858 1223 2039 1264 praecepti,
2063 1233 2204 1264 quorum

183 1266 314 1291 uerunt.

1186 1277 1189 1294 ε
1214 1265 1472 1305 magnitudinem
1491 1265 1564 1306 pio<
1589 1263 1777 1306 intelligere
1802 1266 1967 1296 convenit.

257 1319 324 1350 1111.
371 1317 519 1349 Abolere
542 1318 757 1348 ministerium
781 1318 887 1353 verbi,
908 1324 963 1347 aut
987 1317 1018 1346 in
1039 1318 1159 1347 docen-
1186 1349 1189 1358 y

170 1363 213 1394 do
236 1361 462 1404 negligentem
487 1370 576 1398 esse,
601 1366 664 1391 etc.
1186 1363 1189 1372 ¹

1299 1110 1354 1141 Vl.
1402 1110 1499 1142 Tueri
1535 1111 1706 1141 ministros
1740 1108 1924 1151 Evangelii,
1977 1109 2059 1141 Item
2094 1111 2205 1142 studia

1212 1163 1297 1194 quae
1320 1160 1461 1194 prosunt
1485 1155 1527 1184 ad
1548 1154 1838 1185 conservationem
1864 1153 2046 1184 ministerii.

255 1421 298 1451 V.
345 1421 521 1452 Instituere
545 1421 662 1462 impias
686 1420 905 1457 ceremonias,
931 1429 1016 1460 qnae
1040 1419 1160 1450 obscu-
1188 1454 1189 1460 ἵ
1215 1431 1486 1471 ViolaIUHtUG
1542 1431 1781 1470 thcabqei
1830 1430 2059 1471 Sabbatum
2183 1455 2203 1463 .-

169 1471 245 1497 rant
269 1475 382 1496 veram
402 1465 597 1501 doctrinam,
633 1469 663 1494 et
688 1461 837 1494 officiunt
860 1472 940 1493 vero
966 1462 1160 1493 ministerio.
1187 1478 1189 1505 3
1432 1461 1433 1466 ’
1589 1457 1600 1471 ‘
1718 1458 1755 1530 ‘d
1790 1490 1808 1513 ¹)
2127 1447 2182 1487 pu

259 1525 312 1557 vl.
359 1525 442 1556 Dies
465 1523 572 1555 festos
597 1522 750 1554 conferre
774 1524 806 1553 in
830 1523 984 1554 convivia
1007 1529 1037 1554 et
1050 1520 1160 1561 ludos,
1187 1521 1190 1566 1
1615 1505 1724 1545 gnam
1757 1506 1799 1530 O·

167 1580 234 1602 non
265 1569 309 1600 ad
336 1569 423 1609 piam
453 1568 710 1599 meditationem.
768 1566 863 1597 Sicut
891 1567 977 1597 enim
1008 1565 1160 1607 publicas
1186 1575 1190 1613 ᾗ

169 1613 391 1651 ceremonias,
415 1618 447 1643 et
465 1609 684 1653 Evangelium
707 1609 794 1640 sesto
815 1610 867 1641 (lie
890 1608 1024 1650 publice
1046 1610 1162 1640 audire
1187 1616 1190 1643 1

169 1657 342 1693 debemus,
375 1656 419 1686 ita
442 1655 679 1696 praestandum
705 1659 766 1688 est.
790 1659 823 1684 ut
848 1654 951 1684 sobrii
976 1660 1008 1684 et
1031 1653 1097 1693 apti
1118 1653 1161 1683 si-

167 1710 242 1732 mus
266 1700 307 1731 ad
331 1700 418 1741 piam
441 1698 696 1729 meditationem.

1186 1651 1190 1713 ¹
1301 1641 1385 1674 Cum
1419 1641 1574 1673 Christus
1610 1643 1728 1683 inquit:
1766 1641 1876 1684 Magis
1911 1642 1990 1674 volo
2014 1644 2202 1675 misericor·

1186 1715 1189 1730 Ι

257 1759 325 1791 Vll.
373 1758 550 1790 Abducere
571 1757 656 1789 alios
681 1755 832 1798 exemplo
857 1767 876 1787 a
900 1755 1043 1798 publicis
1069 1765 1159 1787 cere-
1182 1732 1190 2036 ,Ι

1183 2059 1188 2282 i

1213 1687 1313 1723 diam,
1336 1696 1433 1727 quam
1457 1686 1670 1723 sacrificinm,
1695 1686 1792 1716 (locet
1806 1685 1918 1717 officia
1936 1684 2123 1717 dilectionis
2147 1697 2203 1718 su-

1212 1729 1346 1770 periora
1382 1739 1459 1760 esse
1483 1729 1690 1760 ceremoniis.
1754 1728 1846 1770 Ergo
1871 1730 1903 1760 in
1928 1739 2021 1767 casu,
2055 1731 2111 1761 ubi
2136 1740 2202 1762 non

1212 1771 1311 1803 simul
1334 1778 1485 1812 poterant
1511 1772 1639 1804 sewari
1663 1772 1763 1802 otium
1777 1772 1929 1807 Sabbati-
1954 1778 1986 1803 et
2009 1774 2204 1804 necessaria

1213 1814 1364 1847 defensio
1390 1814 1514 1856 populi,
1539 1815 1753 1856 magistratus
1778 1822 1869 1846 recte
1892 1814 1987 1853 fecit,
2023 1816 2113 1857 quod
2142 1827 2202 1857 pu·

1212 1859 1344 1901 gnavit,
1363 1859 1559 1898 praesertim
1582 1869 1657 1889 cum
1681 1857 1873 1889 defenderet
1906 1868 1971 1890 non
1995 1858 2105 1890 solum
2130 1870 2202 1890 cor-

1212 1912 1295 1943 pora
1325 1902 1463 1939 civium,
1499 1902 1557 1933 sed
1583 1903 1691 1942 ipsum
1719 1902 1945 1933 ministem'um.
2008 1901 2068 1933 Est
2091 1908 2202 1944 autem

1213 1944 1366 1976 defensio
1390 1945 1561 1976 ministerii
1587 1956 1671 1986 opus
1694 1944 1846 1976 Sabbati.
1914 1944 2060 1976 Proinde
2083 1955 2202 1977 neces-

1213 1990 1304 2019 saria
1339 1987 1449 2019 officia
1473 1987 1660 2019 dilectionis
1692 1988 1907 2019 anteferenda
1945 1995 2022 2020 sunt
2056 1998 2202 2020 ceremo-

1212 2033 1288 2070 niis,
1323 2031 1383 2062 sed
1408 2032 1470 2069 ita,
1494 2041 1536 2062 ne
1560 2032 1747 2062 ceremonia
1783 2032 1914 2073 penitus
1938 2031 2130 2070 aboleatur,
2159 2032 2201 2063 Et

1214 2074 1360 2107 officium
1394 2073 1476 2105 illud
1512 2075 1808 2115 dispensationem,
1843 2085 1911 2105 non
1946 2076 2203 2117 abrogationem

1212 2118 1300 2161 legis
1331 2118 1465 2156 habeat,
1489 2124 1518 2149 et
1546 2118 1734 2149 ceremonia
1758 2117 1823 2148 alio
1846 2124 1998 2158 tempore
2023 2128 2202 2149 conserve-

168 1804 303 1841 moniis,
337 1808 369 1833 et
403 1802 564 1844 praebere
598 1801 821 1837 occasionem,
855 1806 891 1831 ut
913 1799 1021 1831 lew'us
1046 1800 1087 1830 de
1110 1800 1158 1830 eis

169 1847 324 1878 sentiant.

256 1906 342 1937 Vlll.
389 1905 532 1947 Operam,
551 1915 636 1947 quae
659 1904 839 1944 impediunt
859 1903 1072 1934 ministerium
1086 1913 1158 1934 ver-

169 1951 214 1988 bi,
238 1956 271 1981 et
295 1949 575 1986 ceremoniarum,
607 1949 658 1979 die
692 1947 780 1979 festo
804 1947 1042 1979 contumaciter
1066 1957 1158 1978 exer-

171 2003 258 2024 cere.
946 2032 949 2035 .

257 2053 313 2084 lX.
359 2052 506 2084 Abolere
540 2053 756 2083 ministerium
780 2052 890 2088 verbi,
927 2049 980 2081 vel
1001 2043 1079 2091 ¹qnia
1103 2051 1159 2081 mi-

170 2097 266 2128 nistri
290 2097 423 2139 indigne
445 2101 647 2133 tractentur,
682 2093 737 2126 vel
771 2096 847 2136 quia
871 2095 1027 2135 eripiatur
1052 2094 1158 2125 victus

170 2146 340 2171 mmmm*
1212 2168 1276 2193 tur.
1321 2163 1367 2193 Ita
1390 2160 1543 2192 homines
1558 2161 1712 2202 occupati
1732 2162 1833 2192 rebus
1853 2161 2122 2192 administrandis
2146 2171 2202 2192 ne-

259 2199 301 2230 X·
348 2199 495 2232 Abolere
526 2200 634 2231 studia
668 2198 760 2231 utilia
794 2200 835 2230 ad
872 2198 1160 2229 conservationem
1215 2205 1364 2236 cessaria
1399 2203 1513 2235 officia
1548 2203 1736 2235 dilectionis
1772 2203 1957 2235 anteferant
1993 2205 2199 2237 ceremoniis.

171 2244 352 2275 initii-<terii-
1212 2248 1432 2290 Magistratus
1453 2258 1527 2279 cum
1551 2254 1687 2289 propter
1711 2247 1919 2278 ceremonias
1949 2247 1983 2278 in
2013 2246 2122 2289 aliquo
2146 2257 2202 2278 ne-

1213 2292 1362 2322 cessario
1388 2301 1469 2322 casu
1493 2290 1632 2332 negligit
1657 2289 1814 2328 officium,
1837 2298 1965 2331 peccat.
2022 2290 2063 2321 Et
2092 2297 2201 2321 tamen

1212 2335 1286 2375 ipse
1316 2344 1448 2376 quoque
1478 2333 1544 2365 alio
1580 2341 1729 2374 tempore
1761 2334 1982 2365 ceremoniam
2012 2339 2200 2365 conservet.

1212 2378 1304 2409 Haec
1335 2377 1524 2408 diiudicatio
1555 2378 1620 2408 iam
1643 2375 1774 2408 facilior
1797 2383 1849 2408 est
1872 2377 1989 2414 nobis,
2024 2383 2202 2418 postquam

1213 2432 1255 2453 ex
1278 2420 1465 2463 Evangelio
1485 2421 1609 2452 scimus
1633 2419 1778 2461 aliquam
1792 2420 1931 2451 concedi
1948 2418 2137 2451 libertatem
2161 2420 2203 2451 de

1213 2465 1277 2496 die.
1344 2463 1494 2496 Excusat
1529 2463 1683 2495 Christus
1704 2462 1907 2504 discipulos,
1942 2473 2016 2494 cum
2040 2462 2204 2495 vellerent

642 2540 648 2547 ,
1213 2508 1345 2549 spicas,
1381 2508 1456 2549 quia
1480 2505 1649 2538 faciebant
1673 2516 1756 2547 opus
1785 2505 1990 2544 dilectionis,
2025 2513 2057 2538 et
2091 2513 2202 2537 tamen

260 2554 284 2584 1.
330 2553 550 2585 Ministerium
574 2553 668 2583 verbi
689 2551 766 2590 Dei,
789 2559 822 2584 et
839 2552 1068 2589 Sacramenta,
1092 2556 1161 2581 tan·
1213 2551 1294 2588 tale,
1319 2561 1384 2592 quo
1408 2561 1475 2582 non
1499 2551 1740 2591 impediebatur
1762 2550 1979 2581 ministerium
1998 2550 2104 2581 verbi.
2139 2549 2201 2581 Ta—

174 2608 272 2639 quam
295 2607 423 2628 summa
448 2597 535 2628 dona
557 2595 621 2627 Dei
645 2594 888 2638 magnifacere,
920 2594 1074 2626 conferre
1093 2600 1160 2626 stu·
1183 2571 1187 2632 i
1212 2593 1257 2626 lia
1280 2593 1410 2633 officia,
1446 2604 1532 2635 quae
1554 2604 1621 2625 non
1646 2598 1723 2624 sunt
1745 2593 1822 2624 mali
1846 2591 1987 2635 exempli
2012 2594 2130 2625 diebus
2154 2591 2201 2624 se-

1953 2653 1993 2678 ⁹·

383 2391 516 2447 Opera
550 2392 668 2431 huius
701 2392 922 2446 Praecepti.
