2383 2990
124 133 191 166 405
760 128 811 161 .V.
841 126 1115 161 EXPLICATto
1140 127 1341 160 SYMBOL!
1363 127 1524 160 NICENI.
2103 129 2169 161 406

126 227 410 270 Concupiscentia
444 232 497 258 est
531 226 699 258 contraria
722 225 805 268 Legi
830 224 906 263 Dei,
940 231 976 257 ut
995 223 1121 255 Paulus
1149 226 1153 251 i
1177 224 1362 267 01·iginaliS‚
1387 225 1474 267 quod
1499 230 1591 256 recte
1614 224 1734 256 dicitur
1752 234 1828 257 esse
1853 225 2001 257 carentia
2024 224 2169 257 iustitiae

124 272 222 305 Rom.
247 273 277 303 7.
302 271 396 303 dicit:
443 270 504 302 Est
538 271 640 312 igitur
673 276 865 311 peccatum:
912 268 954 299 Et
977 269 1121 300 onmium
1149 291 1151 305 ,
1175 268 1364 311 originalis,
1389 270 1420 299 id
1445 275 1516 307 est,
1539 280 1605 300 non
1630 279 1710 300 esse
1734 267 1891 310 templum
1915 268 1996 306 Dei,
2021 279 2087 300 non
2111 269 2168 300 ha-

125 317 327 348 Sanctorum
352 314 523 347 consessio
548 315 635 345 idem
659 314 771 351 docet,
795 314 870 345 ideo
883 312 1049 344 lohannes
1074 313 1121 343 in-
1149 315 1150 348 ζ
1175 313 1254 343 bere
1284 312 1392 344 lucem
1423 313 1454 343 in
1487 319 1613 351 mente,
1648 324 1715 344 non
1746 314 1865 344 ardere
1890 312 2069 344 dilectione
2092 311 2170 351 Dei,

124 360 211 402 quit:
236 359 272 391 Si
290 366 467 400 peccatum
491 369 557 390 non
582 357 758 396 habemus,
772 368 835 388 nos
849 357 911 398 ipsi
925 357 1122 397 decipimuS,
1149 349 1151 378 l
1174 366 1241 387 non
1264 355 1390 387 habere
1415 356 1562 387 ordinem
1587 357 1618 387 in
1648 355 1821 388 voluntate
1846 362 1879 388 et
1903 357 2023 395 corde,
2059 355 2169 398 qualis

125 410 158 435 et
182 404 308 435 veritas
332 414 399 434 non
425 408 476 434 est
499 403 532 434 in
556 402 663 434 nobis,
1175 406 1245 431 erat
1271 411 1346 431 cum
1371 398 1479 431 adhuc
1505 410 1659 431 essemus
1683 399 1805 442 templa
1829 400 1904 432 Dei.

212 472 298 504 Cum
327 479 437 504 autem
475 473 647 510 obiicitur,
682 470 851 513 quomodo
877 470 961 500 dicis
985 478 1122 500 manere
1148 461 1150 493 ἷ

122 522 312 558 peccatum,
338 527 413 547 cum
437 517 469 547 in
494 515 666 557 Baptismo
691 513 840 551 tollatur,
878 523 956 544 vere
982 522 1122 554 respon·
1148 518 1149 547 i
1262 511 1392 544 Deinde
1412 513 1583 544 sciendum
1607 519 1658 544 est
1678 514 1710 544 in
1730 513 1795 544 hac
1813 514 1935 545 misera
1955 520 2073 545 natura
2093 518 2172 555 post

126 561 226 592 detur
256 559 327 591 tolli
361 565 490 591 reatum
525 557 708 596 actualem,
744 558 804 589 sed
833 558 987 588 morbum
1011 555 1122 587 adhuc
1148 551 1149 606 ἰ
1174 554 1305 597 lapsum
1330 566 1407 588 esse
1433 557 1559 599 gradus
1584 568 1693 588 rerum
1718 564 1750 588 et
1775 558 1953 589 actionum.
2000 559 2034 589 In
2059 563 2170 588 mente

122 614 270 643 manere,
305 614 495 646 quanquam
531 602 662 633 sanatio
686 600 872 635 inchoatur,
908 602 993 631 sicut
1018 610 1121 641 supra
1148 613 1149 618 ¹
1174 606 1251 631 sunt
1275 600 1384 631 adhuc
1407 599 1538 642 aliquae
1563 611 1663 632 verae
1691 601 1843 639 notitiae,
1879 608 1912 632 ut
1944 612 2170 640 numerorum,

123 648 166 679 de
201 648 317 679 saucio
353 648 480 678 viatore
505 647 628 678 dictum
651 651 713 683 est,
749 645 843 676 cuius
874 643 1015 676 vulnera
1039 642 1121 675 obli·
1148 644 1149 648 ’
1174 643 1276 685 Legis
1302 644 1451 682 moralis,
1475 652 1505 675 et
1532 643 1618 676 aliae
1642 655 1742 675 verae
1766 651 1868 682 artes,
1893 655 1980 686 quae
2009 645 2082 676 sinc
2100 643 2172 676 ulla

123 698 261 733 gantur:
296 691 346 721 sic
372 690 580 722 Remissione
615 695 830 730 peccatorum
855 689 978 731 tegitur
1002 697 1121 728 pecca·
1175 687 1380 719 dubitatione
1409 695 1485 719 sunt
1516 699 1578 719 suo
1608 698 1732 729 genere
1767 699 1822 719 res
1859 689 1983 727 bonae,
2015 687 2173 720 videlicet

124 741 191 766 tum
215 735 247 765 in
267 735 379 772 nobis,
409 734 471 766 sed
495 732 634 765 vulnera
657 733 804 764 nondum
829 742 970 773 prorsus
999 738 1120 762 sanata
1175 732 1329 762 conditae
1349 742 1367 761 a
1381 730 1456 763 Deo
1477 732 1507 762 in
1528 738 1647 763 natura
1664 731 1818 770 humana,
1843 732 1929 763 sicut
1954 733 2033 770 vita,
2059 731 2172 763 lumen

123 785 212 816 sunt,
237 778 299 810 erit
321 784 430 810 autem
456 778 584 820 integra
608 777 735 808 sanitas
760 777 792 807 in
816 777 882 807 vita
907 783 1054 807 aeterna.
1175 776 1206 806 in
1232 774 1352 813 oculis,
1377 774 1471 807 calor
1489 774 1663 814 naturalis,
1688 776 1835 813 nun-itio,
1855 777 2039 817 generatio,
2066 774 2171 807 sacul-

1175 825 1226 849 tas
1251 820 1283 850 in
1308 819 1420 850 nervis
1445 826 1478 850 et
1501 820 1688 861 spiritum&
1713 820 1755 850 ad
1780 820 1932 850 ciendum
1958 830 2112 858 sensum,
2139 825 2173 850 et

1174 869 1297 894 motum
1332 861 1491 901 localem,
1527 863 1682 894 Libertas
1707 862 1851 905 eligendi
1886 864 2038 894 actiones
2064 869 2171 894 exter·

1175 917 1255 945 nas,
1278 913 1311 938 ut
1342 907 1549 949 ingrediendi
1575 908 1605 937 in
1631 918 1752 949 aquam
1783 905 1834 938 vel
1861 918 1925 938 non
1951 907 2169 949 ingrediendi,

1174 951 1375 982 admovendi
1399 949 1555 991 poculum
1580 952 1628 982 ori
1658 957 1713 982 aut
1738 961 1804 981 non
1835 951 2044 982 admovendi.
2092 952 2172 982 Item

1174 997 1297 1035 στοργαὶ
1332 995 1362 1025 in
1399 995 1500 1025 corde
1535 1001 1568 1025 et.
1603 995 1743 1026 virtutes
1779 994 1955 1026 lleroicae.
2003 994 2073 1026 Hac
2103 1004 2172 1025 non

1147 1050 1148 1060 ¹
1174 1046 1248 1069 sunt
1276 1048 1337 1069 suo
1362 1048 1487 1079 genere
1511 1045 1667 1080 peccata,
1692 1045 1725 1070 et
1748 1039 1780 1069 in
1804 1038 1930 1070 renatis
1954 1039 2030 1080 quia
2054 1036 2173 1070 melius

1173 1090 1347 1124 reguntur,
1368 1082 1449 1113 fiunt
1475 1083 1563 1114 bona
1587 1093 1700 1124 opera.

211 847 303 879 Haec
327 845 504 889 explicatio
524 857 606 878 vera
630 852 702 884 est,
737 853 768 877 et
794 852 886 877 recte
909 846 1050 877 instituti
1073 847 1121 876 in-

121 890 274 934 telligunt
297 892 329 923 in
349 890 515 922 vocabulo
540 889 694 921 Relativo
718 890 1122 932 peccatidiscernendum

124 945 203 967 esse
237 941 365 967 reatum
389 946 410 966 a
444 933 670 966 fundamento.
720 934 831 965 Limes
853 941 905 964 est
927 932 1031 975 lapis,
1057 933 1121 964 etsi

121 989 189 1010 non
225 978 368 1020 amplius
405 979 575 1022 distinguit
606 988 743 1019 agmm,
781 978 824 1008 ita
849 977 1121 1018 concupiscentia

122 1028 175 1054 est
197 1021 317 1053 malum
347 1033 503 1065 pugnans
528 1033 600 1053 cum
627 1021 718 1063 Lege
742 1021 824 1059 Dei,
848 1022 945 1052 etiam
972 1031 1046 1051 cuin
1070 1031 1121 1051 rc-

122 1072 198 1098 atus
233 1065 378 1097 actualis
413 1064 550 1104 tollitur,
582 1072 614 1096 et
648 1073 786 1107 prepter
810 1064 1028 1096 Mediatorem
1052 1075 1120 1095 non

121 1111 300 1151 imputatur
334 1108 476 1150 amplius
508 1107 630 1140 malum
655 1110 696 1139 ad
721 1110 988 1145 damnationem,
1025 1108 1121 1139 Sicut

122 1151 280 1184 Psalmus
306 1153 424 1194 inquit:
460 1153 588 1184 Beatus
612 1153 662 1184 vir
687 1153 739 1183 cui
764 1163 830 1183 non
855 1152 1027 1193 imputaxit
1050 1151 1120 1182 Do-

120 1197 229 1228 minus
265 1202 451 1237 peccatum.
497 1196 570 1227 Nec
606 1203 656 1227 est
690 1199 858 1236 λογομιιχία
893 1196 978 1226 iuter
1001 1205 1064 1225 nos
1089 1201 1121 1226 et
1262 1195 1318 1226 Sic
1343 1195 1384 1225 de
1408 1195 1585 1237 disciplina
1609 1195 1784 1233 iudicetur,
1810 1206 1897 1237 quae
1921 1201 1972 1226 est
1996 1195 2088 1226 iuxta
2113 1206 2171 1227 no-

120 1239 292 1282 Papistas,
317 1240 358 1271 de
383 1250 418 1270 re
442 1246 611 1272 certamen
636 1247 704 1271 est:
728 1241 789 1281 ipsi
814 1238 964 1270 furenter
984 1245 1121 1270 conten-
1175 1239 1263 1269 titias
1278 1238 1380 1280 Legis
1405 1249 1522 1281 regere
1541 1238 1797 1277 locontotivain‚
1821 1245 1856 1270 ut
1882 1238 2082 1281 Hippolytus
2107 1239 2172 1270 scit

123 1283 204 1315 (lunt
237 1282 358 1314 malain
389 1283 696 1324 concupiscentiam
722 1295 788 1314 non
814 1294 892 1314 exse
916 1282 1038 1314 malum
1062 1294 1121 1324 pu·
1173 1288 1406 1323 praeceptum:
1442 1283 1515 1314 Non
1547 1284 1692 1324 attingas
1717 1293 1908 1321 novercali),
1936 1282 2011 1314 huic
2034 1283 2170 1315 notitiae

121 1337 230 1369 gnans
256 1338 331 1358 cum
355 1326 447 1369 Lege
471 1326 545 1358 Dei.
592 1330 669 1359 item
706 1327 831 1364 dicunt,
867 1326 960 1369 Lege
996 1333 1121 1357 tantum
1176 1324 1330 1357 voluntas
1354 1327 1603 1368 obtcuipe1·aiis,
1633 1327 1766 1357 mandat.
1792 1325 2033 1362 locomotivae,
2059 1337 2100 1358 ne
2123 1332 2172 1358 at-

121 1369 267 1402 actualia
302 1369 421 1401 delicta
457 1370 630 1411 postulari.
689 1370 736 1401 lta
772 1369 961 1412 intelligunt
997 1370 1120 1412 Legem
1173 1370 1277 1411 tingat
1309 1380 1501 1402 novercam.
1554 1370 1646 1401 Haec
1681 1369 1822 1401 srenatio
1855 1380 1920 1401 non
1955 1376 2007 1401 est
2030 1380 2091 1402 suo
2117 1381 2173 1413 ge-

120 1412 186 1445 Dei
209 1420 336 1446 tantum
359 1413 554 1446 Pharisaice
579 1415 620 1445 de
644 1415 843 1445 actionibus.
1174 1424 1253 1444 nere
1278 1420 1475 1454 peccatum,
1511 1414 1571 1445 sed
1597 1414 1732 1455 quando
1756 1425 1822 1445 non
1854 1413 2052 1455 praelucent
2076 1414 2172 1453 fides,

1174 1463 1205 1488 et
1240 1468 1320 1488 vera
1355 1459 1498 1499 agnitio,
1533 1464 1563 1488 et
1598 1458 1777 1489 invocatio,
1825 1457 1872 1489 lta
1908 1456 2085 1500 disciplina
2120 1463 2174 1490 est

1173 1508 1347 1541 peccatum
1377 1512 1437 1542 per
1465 1502 1644 1540 accidens,
1678 1502 1755 1543 quia
1783 1512 1929 1543 persona
1954 1513 2020 1533 non
2045 1508 2096 1533 est
2122 1512 2172 1533 re-

1174 1543 1356 1576 conciliata
1381 1544 1471 1583 Deo,
1507 1552 1538 1576 et
1563 1544 1738 1587 disciplina
1762 1556 1830 1577 non
1854 1546 1981 1587 regitur
2006 1544 2083 1577 luce
2107 1545 2171 1576 Dei

1173 1596 1205 1619 et
1229 1589 1398 1630 agnitione
1423 1588 1629 1628 mediatoris,
1654 1590 1741 1620 sicut
1765 1590 1807 1620 de
1832 1588 2018 1621 pharisaeo
2051 1590 2172 1621 dicitur

1175 1632 1287 1664 Lucae
1315 1632 1365 1663 18.
1411 1633 1483 1663 Nec
1515 1633 1745 1665 existimentur
1779 1643 1856 1664 esse
1880 1632 1968 1665 levia
1991 1632 2091 1670 mala,
2115 1633 2173 1664 tlu-

1176 1677 1369 1707 bitationem
1393 1677 1434 1709 de
1458 1677 1543 1717 Deo,
1568 1675 1673 1708 malas
1698 1677 1872 1718 opiniones
1897 1678 1939 1709 de
1952 1676 2039 1715 Deo,
2063 1675 2173 1708 fremi-

1175 1727 1228 1751 tus
1252 1721 1419 1752 adversus
1444 1720 1569 1759 Deum,
1593 1728 1623 1752 et
1648 1720 1733 1752 alias
1757 1719 1879 1752 inultas
1904 1728 2057 1753 errantes
2081 1721 2173 1753 ssani-

212 1772 423 1804 Detestanda
454 1779 505 1804 est
540 1774 635 1804 etim„
662 1773 789 1816 synodi
809 1773 1024 1804 Tridentinae
1047 1783 1122 1814 per-
1175 1774 1246 1795 mas·
1283 1770 1347 1795 etc.
1393 1763 1490 1796 Alius
1521 1772 1571 1796 est
1603 1766 1729 1807 gradus
1762 1764 1917 1796 videlicet
1941 1766 2093 1797 actiones
2125 1765 2172 1796 in-

122 1817 280 1854 versitas,
304 1828 390 1858 quae
410 1823 442 1848 ut
468 1816 653 1849 offunderet
678 1819 880 1860 praestigias
894 1816 1013 1854 oculis,
1039 1816 1121 1848 ludit
1174 1809 1316 1839 ‘0¹'501'es
1347 1814 1379 1859 (ῗῑ
1409 1809 1592 1839 ΘΧῑΘΓῙΟΓθς
1622 1820 1684 1840 ⁵¹¹0
1721 1819 1846 1851 genere
1880 1815 2069 1851 pugnantes
2099 1820 2174 1840 ⁰¹¹¹„

123 1861 359 1902 ambiguitate,
394 1861 437 1891 ait
463 1872 529 1891 non
556 1872 633 1892 esse
657 1863 790 1903 proprie
814 1868 989 1903 peccatum
1016 1862 1046 1891 in
1072 1871 1122 1892 re·
1175 1851 1268 1903 Ῑζθὲθ
1300 1852 1383 1889 Dffl,
1406 1859 1439 1883 U(
1472 1851 1682 1891 ίΝῙΠῙίθΓῙῑΗΠ,
1704 1851 1756 1884 vel
1781 1860 1934 1884 &mulie-⁴
1960 1853 2112 1884 flammae
2137 1851 2174 1884 ῙῙ·

122 1905 223 1942 nafis,
247 1914 320 1935 cum
355 1910 463 1935 [amen
487 1903 552 1935 1¹00
577 1903 697 1944 velint,
734 1916 799 1937 „0¹1
824 1915 901 1936 esse
924 1903 1044 1936 malm„
1063 1915 1122 1946 pu-
1177 1897 1332 1927 bidinuin.
1360 1895 1430 1927 Hae
1453 1897 1606 1928 actiones
1628 1897 1780 1928 dicuntur
1794 1897 1927 1938 proprie
1940 1895 2081 1928 actualia
2096 1906 2173 1938 pec-

124 1958 234 1991 gnans
260 1959 334 1979 cum
357 1947 450 1990 Lege
476 1948 551 1980 Dei,
1176 1947 1269 1977 cata,
1295 1946 1326 1970 et
1349 1951 1465 1971 onmes
1491 1939 1576 1971 tales
1601 1942 1754 1972 actiones
1780 1941 1810 1971 in
1835 1952 1902 1971 non
1926 1940 2072 1979 renatis,
2097 1946 2174 1971 sunt

1174 1990 1317 2025 peccata
1341 1983 1491 2016 mortalia
1517 1995 1578 2016 seu
1599 1986 1782 2026 regnantia.
1994 1991 1997 1993 '

209 1484 263 1516 Sic
287 1482 397 1516 deleta
420 1494 501 1516 vera
525 1484 677 1515 doctrina
701 1484 742 1515 de
762 1483 853 1526 Lege
867 1485 953 1515 etde
966 1489 1120 1525 peccato,

120 1533 240 1570 postea
265 1526 376 1560 delent
401 1539 516 1560 veram
541 1528 740 1565 doctrinam,
764 1529 806 1559 dc
824 1529 930 1570 gratia
955 1534 985 1559 et
1010 1528 1051 1558 de
1074 1528 1119 1558 iu-

120 1572 211 1603 stitia
236 1571 324 1609 fidei,
348 1578 379 1603 et
404 1572 531 1614 fingunt
556 1572 639 1614 Legi
672 1572 829 1603 satisfieri
854 1582 975 1613 posse,
1012 1580 1044 1602 et
1067 1581 1120 1602 se-

121 1621 268 1658 quuntur
286 1615 373 1647 aliae
401 1626 543 1658 magnac
568 1617 743 1653 tenebrae,
778 1626 920 1647 necesse
945 1622 997 1647 est
1021 1616 1121 1657 igitur

122 1670 258 1691 errores
282 1659 472 1702 Papisticos
507 1661 632 1699 taxari,
669 1667 702 1691 et
736 1658 847 1691 facilis
879 1666 931 1691 est
962 1657 1120 1691 refutatio

123 1710 216 1735 recte
239 1704 410 1736 institutis

1263 2097 1323 2129 Est
1348 2098 1449 2140 igitur
1473 2099 1558 2130 baec
1578 2099 1683 2141 prima
1703 2099 1872 2130 distinctio
1896 2099 2039 2140 peccati.
2072 2098 2173 2130 Aliud

1175 2143 1364 2173 nominatur
1395 2142 1585 2183 Originale,
1621 2141 1709 2173 aliud
1744 2141 1898 2174 Actna'te.
1947 2143 2071 2173 Postea
2096 2153 2172 2174 cum

1176 2186 1217 2217 de
1241 2187 1363 2217 renatis
1395 2186 1531 2224 dicitur,
1567 2187 1719 2228 seqnitur
1749 2185 1814 2217 alia
1845 2187 2024 2217 distinctio.
2070 2184 2172 2217 Aliud

1176 2236 1227 2261 est
1253 2229 1404 2268 veniale,
1424 2229 1513 2261 aliud
1539 2229 1692 2261 Mortale.

411 2117 629 2158 Distinetio
669 2119 836 2174 peccati.

211 2244 284 2276 Etsi
308 2256 419 2277 sermo
444 2244 657 2287 propheticis
682 2252 715 2279 et
739 2245 956 2288 Apostolicus
980 2245 1124 2288 plerum-

124 2299 190 2331 que
213 2292 342 2330 peccati
380 2291 512 2321 nomine
547 2297 579 2321 et
616 2289 779 2332 originale
810 2298 838 2321 et
866 2290 1009 2322 actualia
1035 2300 1123 2321 com-
1680 2317 1683 2318 ⁷

123 2332 294 2375 plectitur,
318 2339 427 2364 tamen
453 2339 571 2374 postea
593 2335 692 2365 motis
706 2336 956 2373 certaminibus,
974 2345 1047 2365 cum
1063 2333 1122 2365 l'e-
1262 2333 1406 2366 Veniale
1435 2341 1503 2373 est,
1539 2336 1628 2377 quod
1660 2346 1851 2377 (pianquam
1876 2341 1928 2366 est
1958 2346 2020 2366 suo
2048 2345 2171 2377 genere

124 2376 249 2419 lagiani
276 2377 529 2415 contenderent,
554 2376 633 2408 nihil
653 2389 730 2410 esse
754 2385 948 2420 peccatum,
981 2378 1042 2408 nisi
1067 2379 1122 2409 de·
1147 2398 1151 2417 t
1174 2386 1373 2420 peccatum,
1403 2384 1513 2409 tamen
1547 2380 1721 2410 remittitur
1749 2385 1885 2417 renato,
1921 2379 1976 2420 qui
2009 2385 2172 2420 repugnat

122 2418 204 2452 licta
226 2420 387 2461 actualia,
419 2432 559 2452 necesse
584 2420 644 2452 fuit
668 2423 712 2453 uti
738 2423 869 2454 duabus
893 2420 1122 2464 appellationi·
1176 2422 1251 2453 huic
1276 2420 1380 2460 malo,
1405 2429 1436 2453 et
1463 2424 1567 2454 credit
1598 2424 1659 2454 sibi
1687 2423 1804 2454 remitti
1829 2433 1922 2453 snam
1947 2421 2172 2454 infirmitatem

123 2464 208 2503 bus,
244 2464 332 2496 hanc
355 2465 615 2496 admonitionem
640 2466 681 2498 de
706 2465 986 2508 appellationibus
1011 2466 1122 2496 consi-
1175 2473 1312 2509 propter
1336 2466 1573 2505 Mediatorem,
1610 2473 1641 2497 et
1664 2478 1730 2497 non
1757 2467 1879 2497 excutit
1906 2465 2066 2506 Spiritum
2095 2476 2170 2497 san-

125 2508 244 2540 derare
267 2507 346 2541 utile
371 2514 434 2541 est.
1176 2517 1280 2548 ctum,
1317 2520 1416 2541 ruens
1448 2517 1563 2541 contra
1600 2510 1856 2547 conscientiam,
1890 2516 1946 2540 aut
1980 2511 2170 2541 assentiens

1077 2553 1081 2555 ’
1175 2554 1274 2595 impio
1309 2555 1466 2595 dogmati.
1524 2555 1621 2586 Fiunt
1656 2554 1755 2595 igitur
1788 2551 1941 2584 Venialia
1966 2553 1999 2584 in
2032 2554 2169 2592 renatis,

213 2595 325 2638 Supra
358 2602 469 2628 autem
499 2596 694 2628 tradidimus
727 2608 935 2629 communem
960 2597 1122 2628 definitio·
1175 2599 1392 2629 retinentibus
1417 2599 1515 2629 tidem
1541 2606 1571 2629 et
1597 2599 1718 2629 bonam
1743 2598 1982 2629 conscientiam
2007 2596 2170 2629 naturalis

125 2649 200 2672 nem
223 2640 353 2682 peccati
376 2641 408 2672 in
434 2651 569 2683 genere,
588 2639 720 2672 Delnde
744 2641 968 2673 definitionem
991 2640 1123 2682 peccati
1174 2643 1324 2680 morbus,
1349 2648 1379 2674 et
1399 2642 1556 2673 Interiora
1577 2640 1719 2673 actualia
1739 2648 1891 2682 peccata,
1915 2639 2045 2673 scilicet
2058 2642 2170 2673 vitiosi

1891 2702 1942 2726 26⁸
