2383 2990
171 138 234 170 691

171 234 261 275 pium
284 234 484 276 coniugium.
530 234 603 267 Nec
632 245 713 267 vero
743 235 878 267 dubium
903 242 967 275 est,
991 235 1080 268 hanc
1111 237 1160 269 in·

172 278 293 309 iustam
318 278 522 310 saevitiama
545 277 690 310 Diabolo
715 279 805 318 oriri,
829 280 883 321 qui
908 286 960 311 est
982 280 1160 320 homicida,

172 327 206 352 et
229 319 414 353 delectatur
437 320 502 353 hoc
525 321 734 363 spectaculo,
768 328 964 355 sanctorum
987 333 1094 362 nece,
1128 329 1162 355 et

172 363 381 396 contumeliis
417 365 517 396 divini
551 366 706 397 nominis.
752 365 839 402 Quid
873 367 963 408 quod
991 367 1076 398 haec
1106 365 1161 398 lex

172 408 214 439 de
237 406 405 440 coelibatu
439 419 564 440 nervus
598 415 632 440 et
666 409 764 441 etiam
802 408 952 452 reliquae
984 410 1161 452 impietatis

171 450 390 483 Pontifieiae?
434 451 561 495 Magna
583 463 662 493 pars
685 453 858 495 impiorum
888 452 1035 485 cultuum
1060 459 1093 486 et
1114 452 1162 485 lu-

171 503 236 525 xus
270 493 467 527 Pontificum
501 502 535 527 et
569 495 797 538 Collegiorum
836 502 965 536 rueret,
1007 498 1162 529 restituto

173 538 327 579 coniugio
356 537 591 571 sacerdotum.
636 539 714 570 Ideo
745 538 850 572 multa
872 541 1001 572 atrocia
1031 539 1164 573 scelera

173 579 342 614 stabiliunt
376 580 551 625 Principes
584 587 617 615 et
646 582 846 623 Pontifices,
881 584 938 626 qui
963 582 1163 617 coelibatum

813 139 926 172 PHIL.
949 140 1053 173 MEL.
1073 141 1262 175 SCR1PTA
1280 140 1562 174 DOGMATICA.

2137 144 2203 178 692

1212 235 1413 276 defendunt,
1447 237 1673 269 assentiuntur
1694 235 1841 269 Diabolo
1865 238 1973 270 autori
2001 238 2122 280 impiae
2145 240 2202 271 do-

1213 281 1358 319 ctrinae,
1381 281 1530 312 muniunt
1552 291 1692 323 regumn
1713 280 1922 320 Antichristi‚
1945 288 2067 324 augent
2096 281 2202 314 libidi-

1212 331 1296 363 ne&
1320 324 1480 355 adiuvant
1512 324 1708 366 parricidia,
1744 324 1942 356 confirmant
1979 332 2011 357 et
2040 324 2203 368 reliquam

1213 366 1434 399 idololatriam
1453 368 1547 410 regni
1559 366 1767 400 Antichristi.
1801 368 1833 399 A
1855 373 2019 400 tantorum
2036 368 2203 401 scelemm

1214 412 1375 442 societate
1394 411 1580 443 abhorrere
1593 421 1724 450 omnes,
1747 411 1803 453 qui
1824 411 1934 443 Deum
1957 413 2082 451 timent,
2104 423 2203 454 opor-

1214 460 1271 494 tet,
1295 460 1329 486 et
1346 453 1457 497 legem
1479 454 1689 487 Pontificiam
1706 455 1898 497 improbare
1920 466 1961 488 ac
1983 456 2154 488 detestari.

1580 542 1623 584 τῷ
1648 541 1723 585 Θεῷ
1745 541 1830 580 δόξα.
