2383 2990
186 146 251 178 545
827 143 870 176 V.
894 142 1164 175 EXPLICATIO
1194 141 1399 173 SYMBOLI
1426 142 1585 174 NlCENl.
2160 143 2225 176 546

1228 236 1383 268 Alterum
1408 237 1526 279 inquit:
1550 237 1739 270 Anathema
1761 238 1816 277 sit,
1842 239 1897 281 qui
1921 238 1998 270 dicit
2021 238 2147 282 Legem
2158 237 2223 271 Dei

183 241 298 273 audire
322 250 441 272 vocem
465 239 640 271 doctrinae
664 240 817 271 traditam
841 240 882 270 ab
907 240 994 281 ipsc,
1015 244 1045 270 et
1059 248 1175 269 assen-

1227 290 1332 321 posse
1358 280 1430 312 fieri
1454 283 1527 312 sine
1551 282 1670 324 gratia.

183 285 235 316 tiri
255 285 295 323 ei,
319 294 387 315 non
410 294 612 326 repugnare,
636 294 704 315 non
727 283 903 325 indulgere
928 281 1141 314 diffidentiae.

1316 340 1352 371 ln
1381 342 1570 381 posteriore
1602 341 1804 373 vocabulum
1830 343 1958 384 gratiae
1981 348 2074 373 recte
2103 341 2224 374 intelli-

1228 383 1373 424 gendum
1398 391 1460 415 est.
1495 385 1571 416 Non
1595 386 1682 416 enim
1706 386 1788 416 satis
1810 393 1859 417 est
1881 387 1929 418 sic
1954 384 2141 428 intelligere
2156 386 2224 418 hoc

1229 427 1366 457 dictum:
1407 428 1474 459 Lex
1506 439 1573 460 non
1603 435 1715 470 potest
1748 429 1816 460 fieri
1841 431 1913 460 sine
1937 430 2062 471 gratia,
2096 430 2128 460 id
2159 435 2223 467 est,

268 371 488 413 Nequaquam
512 370 612 412 igitur
635 370 788 402 audiendi
812 376 889 401 sunt
912 369 1103 401 Manichaei
1126 368 1175 400 fu-

181 425 296 453 rores,
322 415 377 456 qui
402 414 567 445 finxerunt
602 412 747 455 aliquem
772 423 850 444 esse
873 423 1046 444 numerum
1070 412 1175 443 borni-

180 468 270 496 ¹¹u¹¹¹2
296 468 381 500 ‘1³0⁵
395 459 566 489 nominant
579 456 708 509 ὑλικῶς,
723 459 773 487 καὶ
797 455 932 508 Χθῗχθῦςζ
951 457 1005 498 ‘1¹¹³
1025 456 1175 507 ⁰9¹¹Vf³stl
1226 471 1300 500 sine
1323 470 1447 501 auxilio
1465 471 1541 510 Dei,
1564 478 1614 503 ut:
1639 472 1840 503 Laurentius
1862 483 1927 503 non
1947 479 2058 514 potest
2081 473 2224 504 retinere

180 512 255 552 ¹¹⁰⁰,
282 508 436 552 POJ‘SUM’
470 500 808 552 ¹¹⁸⁰‚13¹¹¹h¹}⁵¹²¹5t³e
844 506 875 531 et
894 498 1175 551 *btenckieldtam
1226 514 1259 543 in
1283 513 1447 554 supplicio
1483 516 1741 557 magnitudinem
1765 517 1881 555 animi,
1917 518 1979 547 nisi
2007 516 2223 548 confirmatus

180 546 335 576 audiendi
371 552 467 583 sunt,
502 556 557 586 qm
583 550 802 585 imaginantur
827 554 898 584 rapt
923 543 1074 574 homines
1099 553 1175 574 coa-
1226 567 1246 587 a
1271 556 1345 587 Deo
1370 569 1430 598 Pffl'
1455 550 1616 599 Splfflum
1639 566 1803 590 sanctum·

181 594 254 620 ctos
279 594 310 619 et
335 589 467 630 quidem
492 590 564 619 sine
583 588 785 630 cogitatione
799 587 983 624 doctrinae,
1008 593 1040 618 et
1055 586 1174 617 confir-

179 638 269 663 mant
294 631 562 673 prophanitatem
587 630 717 669 inillis,
742 631 796 672 qui
821 631 981 672 cogitant,
1007 631 1035 661 si
1059 638 1173 671 raptus

180 676 411 716 expectandus
447 681 513 713 est,
544 676 670 706 interea
706 673 886 716 indulgebo
912 673 1117 705 diffidentiae
1142 679 1174 704 et

178 718 253 750 aliis
290 718 488 750 sceleribus.
535 719 607 750 Nos
637 716 787 758 regulam
811 724 982 748 aeternam
1007 724 1036 748 et
1062 718 1174 748 innno-

178 768 245 794 tam
270 769 458 794 teneamus:
506 762 625 794 Audite
650 761 787 799 Filium,
813 759 1019 791 Osculamini
1044 760 1173 792 Filium.

179 805 277 837 Omni
301 812 452 847 tempore
475 806 637 837 debemus
661 805 819 836 assentiri
843 805 1081 845 praedicationi
1095 814 1174 846 poe-

178 850 334 881 nitentiae
370 857 400 880 et
436 848 652 891 promissioni
677 854 709 879 et
741 858 930 889 repugnare
956 848 1172 885 diffidentiae,

179 899 211 924 et
234 894 358 924 addere
383 893 642 924 invocationem:
675 891 784 923 Credo
812 891 965 930 Domine,
991 892 1051 922 sed
1076 902 1173 933 opem

177 936 230 968 fer
263 935 479 968 imbecillitati
514 946 620 967 meae.
667 935 759 966 llaec
789 934 904 974 regula
937 946 1070 976 semper
1093 946 1173 966 vera

1315 616 1407 649 llaec
1437 619 1605 650 enarratio
1637 620 1698 650 etsi
1731 630 1810 650 vera
1835 626 1902 658 est,
1938 626 2049 650 tamen
2079 631 2147 651 non
2172 626 2224 652 est

1226 658 1421 699 sufficiens,
1450 663 1510 693 sed
1535 663 1626 703 prius
1651 662 1855 705 intelligatur
1879 665 1987 705 gratia
2010 664 2051 694 de
2075 664 2224 695 reconci-

1227 703 1363 735 liatione
1386 711 1419 735 et
1442 705 1657 747 imputatione
1681 708 1824 738 iustitiae
1848 713 1986 748 propter
2014 706 2151 739 Filium.
2187 713 2224 739 ut

1227 747 1415 779 obedientia
1440 748 1610 781 Laurentii
1634 749 1708 781 Deo
1729 749 1870 791 placeat,
1895 757 1927 781 et
1952 751 1992 781 sit
2019 749 2128 781 cultus
2148 750 2223 790 Dei,

1226 800 1370 822 necesse
1394 799 1446 823 est
1469 794 1561 833 prius
1585 804 1765 834 personam
1788 792 1923 835 placere
1946 794 2223 835 propterMedia-

1226 840 1332 865 torem
1357 835 1438 874 tide,
1469 837 1575 877 gratis
1600 845 1739 878 accepta
1771 838 1970 868 remissione
1994 844 2222 878 peccatorum,

1225 884 1255 907 et
1282 878 1504 919 imputatione
1524 881 1667 912 iustitiae
1691 888 1829 922 propter
1856 880 1987 919 isitium,
2012 882 2107 913 cuius
2130 882 2222 914 iusti-

1226 921 1269 951 tia
1294 923 1434 953 vestitus
1449 922 1650 955 Laurentius
1671 925 1783 966 placet
1806 926 1880 963 iam,
1905 935 1945 955 ac
1970 925 1997 955 >i
2017 924 2100 967 Legi
2125 926 2222 956 satis-

178 986 248 1018 ΒΜ,
284 981 412 1011 etiamsi
436 979 502 1011 hoc
525 981 570 1010 ita
595 979 648 1018 fit,
684 979 772 1021 quod
797 969 898 1010 mmm
923 978 1017 1010 Deus
1042 980 1074 1009 iu
1099 989 1173 1010 53„-
1224 963 1363 1015 iacere-t,
1383 973 1415 997 et
1435 973 1544 998 tamen
1560 969 1770 999 verissimum
1795 975 1858 1018 est,
1885 979 2000 999 omnes
2014 969 2165 1019 homines
2188 970 2221 999 in

178 1024 241 1056 ctis
266 1024 346 1065 agit,
371 1024 403 1054 in
423 1024 544 1065 quibus
571 1022 728 1054 voluntas
754 1034 790 1053 sc
816 1029 940 1053 tantum
962 1023 1098 1063 passive
1116 1022 1172 1053 ha-
1225 1007 1523 1083 giil‘iuigtzffi'PrOOUI
1547 1012 1669 1043 abesse
1688 1023 1707 1043 ἃ
1731 1012 1940 1054 Perfeffiifflle
1963 1012 2065 1054 Leg¹⁵
2089 1017 2222 1054 Praeter

177 1068 250 1098 bet:
275 1067 449 1098 retinenda
472 1073 581 1098 tamen
607 1073 656 1098 est
682 1065 807 1108 regula,
833 1077 918 1108 quae
943 1066 1115 1108 praecipit,
1138 1072 1173 1097 ut

176 1109 293 1142 Filium
317 1111 502 1149 audiamus,
527 1116 559 1142 et
583 1111 613 1141 ei
632 1121 698 1141 non
722 1120 960 1152 repugnemus.
1313 1113 1435 1146 Postea
1459 1115 1602 1147 addatur
1625 1115 1731 1147 altera
1762 1116 1990 1158 interpretatio
2016 1116 2056 1148 de
2084 1116 2221 1148 auxilio.

1225 1154 1437 1190 illustrentur
1462 1158 1545 1190 baec
1569 1166 1601 1191 et
1625 1158 1855 1201 exemplorum
1880 1158 2070 1191 collatione.
2117 1159 2221 1192 Diffe-

1225 1206 1301 1230 runt
1336 1203 1506 1242 repressio
1543 1204 1613 1234 irae
1643 1205 1675 1234 in
1711 1202 1845 1234 Achille
1880 1210 1911 1235 et
1946 1203 2089 1235 Davide.
2138 1204 2221 1235 Cum

1224 1242 1378 1275 Achilles
1404 1246 1562 1278 incensus
1586 1248 1711 1289 ingenti
1735 1248 1783 1278 ira
1807 1248 1976 1291 stringens
2001 1246 2146 1289 gladium
2170 1258 2222 1280 re-

1224 1288 1334 1328 primit
1357 1298 1406 1327 se,
1431 1299 1469 1320 ea
1493 1292 1663 1332 repressio
1688 1298 1737 1322 est
1763 1292 1960 1334 gubernatio
1981 1290 2220 1330 locomotivae,

1224 1341 1285 1361 seu
1309 1337 1522 1365 externorum
1556 1336 1799 1373 membrorum,
1835 1345 1921 1376 quae
1955 1334 1990 1366 fit
2014 1336 2221 1377 cogitatione

1224 1373 1391 1450 Asihillisss
1420 1377 1491 1408 Nec
1514 1384 1625 1410 tamen
1659 1384 1710 1410 est
1744 1380 1882 1410 mutatio
1914 1379 2040 1417 cordis,
2071 1389 2135 1410 nee
2170 1385 2221 1411 est

1225 1429 1243 1449 c
1282 1425 1335 1449 tus
1396 1421 1435 1451 ei.

1312 1480 1381 1511 Sed
1406 1483 1576 1522 repressio
1600 1483 1669 1514 irae
1694 1483 1726 1515 in
1750 1482 1901 1522 Davide,
1936 1489 1988 1514 est
2011 1483 2043 1514 in
2063 1494 2220 1525 persona,

1224 1532 1309 1563 quae
1333 1523 1447 1565 placet
1469 1525 1544 1557 Deo
1569 1526 1647 1564 tide,
1671 1537 1737 1568 qua
1760 1527 1884 1568 accipit
1908 1528 2101 1569 imputatam
2126 1528 2219 1560 iusti-

1224 1567 1302 1597 tiam
1326 1575 1463 1609 propter
1487 1569 1723 1609 Mediatorem,
1747 1576 1780 1601 et
1804 1577 1856 1601 est
1879 1571 1911 1601 in
1940 1571 2059 1610 corde,
2094 1572 2126 1602 in
2151 1581 2218 1614 quo

1223 1608 1305 1641 lenit
1328 1612 1412 1642 iram
1436 1614 1578 1653 Spiritus
1604 1620 1763 1652 sanctuS,
1793 1620 1824 1645 et
1847 1615 2001 1647 accendit
2026 1625 2126 1646 veros
2150 1625 2218 1647 mo-

1224 1659 1276 1685 tus
1300 1657 1565 1688 mansuetudinis
1595 1663 1626 1689 et
1649 1658 1948 1690 commiserationis
1962 1682 1971 1697 ‚
1994 1659 2050 1700 qui
2073 1669 2218 1701 sequun-

1223 1704 1276 1728 tur
1295 1698 1357 1729 has
1382 1700 1605 1741 cogitationes
1630 1712 1798 1734 accensas
1819 1704 1922 1734 verbo
1947 1702 2026 1734 Dei:
2051 1702 2134 1734 Mihi
2148 1704 2217 1735 vin·

1222 1741 1345 1772 dictam
1380 1749 1413 1774 et
1436 1754 1500 1786 ego
1535 1746 1728 1777 retribuam.
1774 1746 1874 1785 hem,
1904 1746 2016 1779 Vitato
2040 1746 2217 1787 scandalo,

1220 1785 1358 1826 pessimi
1381 1787 1523 1829 exempli
1554 1799 1610 1820 res
1636 1796 1727 1821 esset
1752 1791 1849 1821 etiam
1878 1791 1911 1822 in
1935 1800 2038 1822 causa
2061 1791 2160 1829 iusta,
2185 1796 2219 1823 et

1220 1829 1353 1870 quidem
1372 1830 1405 1861 in
1424 1831 1550 1873 populo
1574 1833 1651 1872 Dei,
1674 1844 1789 1876 regem
1813 1845 1833 1865 a
1856 1833 1932 1866 Deo
1956 1840 2093 1866 unctum
2116 1835 2216 1866 inter-

1220 1874 1332 1904 ficere.
1378 1873 1430 1906 Fit
1458 1876 1558 1917 igitur
1581 1878 1665 1909 haec
1687 1879 1907 1910 mansuetudo
1936 1888 2022 1920 opus
2045 1877 2122 1910 Deo
2145 1877 2216 1920 pla-

1221 1926 1315 1955 cens,
1350 1919 1427 1959 quia
1462 1919 1635 1961 praelucet
1667 1922 1770 1961 fides,
1805 1933 1870 1964 qua
1904 1932 2050 1964 persona
2079 1928 2217 1964 propter

1218 1959 1439 1993 Mediatorem
1474 1963 1601 2004 placet,
1635 1972 1668 1998 et
1702 1972 1755 1997 est
1789 1965 1957 1997 inchoatio
1994 1966 2216 2005 obedientiae,

1219 2015 1319 2046 quam
1341 2004 1413 2036 Lex
1436 2009 1608 2051 praecipit,
1632 2010 1709 2052 quia
1733 2015 1786 2041 est
1809 2011 1841 2041 in
1866 2008 1980 2048 cord'e,
2003 2015 2036 2041 et
2059 2009 2096 2040 fit
2118 2020 2215 2051 prae·

1217 2047 1352 2080 lucente
1375 2049 1451 2089 fide,
1477 2058 1510 2083 et
1533 2052 1677 2085 refertur
1689 2054 1730 2085 ad
1744 2053 1886 2096 gloriam
1906 2053 1981 2085 Dei.
2006 2054 2042 2085 ln
2065 2052 2124 2084 tali
2144 2052 2214 2085 col-

1217 2091 1342 2124 latione
1360 2094 1604 2136 exemplorum,
1629 2097 1714 2129 haec
1728 2099 1817 2129 dicta
1828 2098 1935 2139 magis
1949 2097 2030 2129 fient
2052 2095 2214 2130 illustria:

1216 2137 1287 2169 Lex
1311 2137 1478 2170 stabilitur
1501 2151 1561 2182 per
1585 2142 1696 2180 iidem,
1720 2148 1753 2173 et
1776 2140 1851 2172 Lex
1880 2141 2058 2173 inchoatur
2081 2140 2214 2183 praelu-

1217 2188 1316 2213 cente
1340 2181 1420 2221 fide,
1441 2189 1474 2214 et
1497 2185 1632 2216 iuvante
1657 2186 1775 2227 gratia.
1823 2184 1939 2216 Sciant
1970 2191 2081 2217 autem
2109 2186 2213 2217 iunio-

1216 2236 1271 2258 res
1296 2226 1363 2257 hoc
1386 2227 1557 2260 decretum
1580 2235 1697 2261 contra
1728 2227 1931 2272 Pelagianos
1960 2227 2088 2262 factum
2123 2239 2211 2269 esse,

1216 2275 1249 2301 et
1273 2270 1411 2312 dignum
1434 2282 1512 2302 esse
1536 2273 1814 2304 consideratione.

265 1197 365 1229 Certe
390 1204 570 1239 postquam
595 1198 626 1228 in
653 1198 875 1228 conversione
900 1197 998 1228 datus
1024 1202 1075 1227 est
1100 1197 1173 1237 Spi-

177 1241 280 1279 rituS,
315 1241 430 1282 incipit
453 1251 573 1272 sanare
598 1239 803 1272 voluntatem
833 1246 865 1272 et
889 1240 981 1272 affert
1007 1241 1098 1272 initia
1120 1240 1172 1271 Li-

177 1285 327 1315 bertatis.
374 1284 436 1315 Hic
467 1296 531 1315 non
565 1285 779 1326 cogitandum
805 1290 874 1323 est,
910 1282 1114 1315 voluntatem
1139 1284 1170 1314 in

176 1328 363 1359 actionibus
383 1338 421 1359 se
444 1328 570 1359 babere
594 1334 627 1359 ut
648 1335 812 1366 truncum,
838 1339 911 1359 cum
936 1327 1057 1369 loseph
1076 1337 1171 1369 repu-

177 1377 258 1412 gnat
281 1369 452 1402 illecebris
477 1371 662 1409 adulterae,
699 1378 902 1402 concurrunt
933 1370 998 1402 hae
1034 1381 1169 1409 causae,

174 1413 325 1446 Verbum
349 1413 425 1452 Dei,
462 1424 528 1456 quo
552 1413 654 1445 Filius
691 1413 787 1445 docet
824 1420 966 1446 mentem
1003 1420 1034 1445 et
1062 1413 1170 1446 lucem

174 1458 328 1489 accendit
347 1457 380 1489 in
404 1458 607 1499 cogitatione
621 1457 767 1489 mandati
780 1457 855 1497 Dei,
880 1468 1076 1500 poenarum,
1095 1468 1170 1499 pro-

173 1501 355 1540 missionis,
379 1503 517 1543 gratiae,
541 1502 775 1542 praemiorum,
811 1507 842 1533 et
867 1500 1046 1534 multorum
1071 1512 1170 1533 even-

173 1551 264 1577 tuum
287 1545 320 1576 in
344 1551 518 1587 utramque
542 1551 681 1587 partem.

261 1630 304 1663 Et
328 1631 473 1673 Spiritus
498 1637 637 1664 sanctus
662 1638 773 1663 movet
793 1630 1009 1671 voluntatem,
1035 1643 1101 1664 non
1116 1644 1170 1664 so·

172 1674 242 1708 lum
266 1682 302 1707 ut
326 1682 422 1718 regat
444 1681 582 1707 externa
606 1676 771 1713 membra,
801 1676 861 1708 sed
885 1683 918 1707 ut
944 1686 1023 1708 vere
1047 1677 1169 1708 sentiat

173 1717 350 1759 scintillas,
375 1720 465 1761 quod
489 1718 569 1750 velit
581 1719 656 1751 Deo
682 1719 820 1750 obedire
843 1726 875 1750 et
892 1730 1080 1763 repugnare
1090 1719 1168 1752 Dia-

173 1761 265 1794 bolo.
312 1763 436 1794 Postea
461 1768 622 1804 reguntur
646 1769 784 1794 externa
816 1764 963 1794 membra
995 1770 1026 1795 et
1051 1775 1070 1795 a
1095 1764 1168 1805 Spi-

173 1806 239 1837 ritu
261 1811 380 1838 saneto
405 1812 469 1837 eta
484 1804 668 1845 voluntate,
692 1811 723 1837 et
747 1812 940 1846 moventur,
964 1813 998 1838 ut
1024 1814 1165 1839 caveant

173 1855 207 1881 et
230 1850 335 1881 vitent
358 1850 570 1882 occasiones.
618 1849 679 1881 Hic
703 1851 845 1881 sentitur
868 1849 1075 1882 voluntatem
1100 1862 1166 1883 non

173 1903 250 1924 esse
274 1898 392 1925 trunco
416 1892 564 1925 similem.
612 1893 690 1925 Ideo
712 1893 837 1926 Paulus
860 1894 950 1926 iubet
969 1905 1101 1933 cavere,
1126 1906 1168 1927 ne

171 1934 298 1967 frustra
320 1938 462 1979 gratiam
485 1938 729 1978 accepei-iittuS‚
754 1937 928 1969 effundens
942 1938 1027 1969 enim
1047 1939 1167 1971 volens

172 1979 320 2012 effundit.
390 1980 432 2011 Et
455 1981 497 2012 ad
514 1980 681 2022 Ephesios
706 1982 821 2024 inquit,
846 1980 1048 2023 diligentiam
1070 1993 1166 2024 prae-

171 2023 317 2065 cipiens:
362 2023 534 2056 Accurate
569 2023 747 2063 ambulate,
781 2035 849 2056 non
873 2031 908 2056 ut
932 2023 1023 2058 fatui.
1072 2026 1165 2066 Item,

170 2066 317 2099 Habenti
349 2068 498 2107 dabitur,
534 2067 597 2104 Qui
630 2069 819 2110 negotiatur
853 2076 992 2111 accepto
1028 2068 1164 2102 talento.

170 2110 249 2142 ldeo
268 2111 479 2154 Augustinus
503 2112 727 2154 interpretans
752 2113 875 2144 dictum
889 2112 1083 2155 Syracidae‚
1107 2116 1168 2147 ad-

171 2154 218 2186 dit
254 2155 559 2196 interpretationem
596 2156 802 2187 brevissimis
828 2157 960 2195 verbis,
985 2167 1071 2199 quac
1095 2158 1163 2189 uni—

170 2197 349 2230 versaliter
371 2198 454 2240 Legi
479 2199 633 2230 addenda
656 2206 724 2231 est:
761 2200 942 2241 Pnoposuit
972 2201 1030 2232 tibi
1054 2202 1165 2243 ignem
1186 2127 1193 2251 ¹

171 2247 204 2273 et
228 2252 360 2283 aquam,
384 2242 427 2273 ad
447 2248 556 2274 utrum
580 2241 696 2281 voles,
721 2244 892 2275 extendite
916 2255 1058 2275 manum.
1095 2245 1162 2276 Ad-

170 2285 218 2316 dit
240 2285 451 2328 Augustinus
487 2286 702 2319 brevissime:
747 2286 926 2319 Extendito
961 2289 1004 2319 ad
1029 2289 1162 2328 bonum,

170 2328 300 2360 scilicet
324 2330 458 2361 iuvante
489 2330 606 2372 gratia.
652 2329 897 2363 Universaliter
932 2332 1018 2363 enim
1053 2333 1162 2363 scien·

170 2373 246 2404 dum
270 2377 340 2411 est,
365 2373 538 2404 doctrinae
561 2373 666 2416 Legis
689 2375 876 2406 addendam
901 2385 978 2407 esse
1001 2376 1162 2417 interpre-

169 2417 327 2448 tationem
351 2427 393 2448 ex
404 2415 602 2459 Evangelio,
625 2423 658 2449 et
681 2416 851 2450 Christum
876 2418 975 2451 finem
999 2429 1077 2451 esse
1099 2419 1162 2451 Le-

170 2460 234 2502 gis,
261 2465 292 2491 et
315 2459 440 2502 Legem
463 2470 523 2502 per
546 2460 646 2492 fidem
669 2460 821 2494 stabiliri.

1303 2330 1455 2364 Alterum
1479 2333 1651 2364 decretum
1674 2340 1737 2372 est,
1762 2332 1953 2365 Anathema
1975 2334 2029 2372 sit,
2055 2333 2110 2376 qui
2129 2333 2209 2366 dicit

1213 2375 1340 2418 Legem
1363 2375 1427 2407 Dei
1456 2376 1675 2418 impossibilia
1703 2378 1910 2419 praecipere.
1964 2376 2126 2409 Usitatum
2157 2382 2211 2409 est

1214 2419 1268 2451 hic
1304 2420 1528 2461 respondere:
1562 2420 1818 2462 Impossibilitas
1849 2431 1916 2455 non
1951 2426 2002 2452 est
2031 2431 2072 2452 ex
2102 2420 2208 2464 Lege,

1213 2463 1276 2494 sed
1300 2473 1339 2494 ex
1362 2464 1459 2495 nobis
1483 2470 1560 2505 post
1579 2465 1851 2505 depravationem
1869 2469 2019 2496 naturae.
2053 2464 2123 2496 Sed
2135 2475 2210 2498 mea

1215 2508 1393 2549 responsio
1417 2507 1501 2539 haec
1526 2513 1593 2539 est:
1625 2508 1737 2539 ludico
1762 2509 1932 2540 decretum
1960 2508 2027 2539 hoc
2051 2506 2208 2550 simplici-

1213 2556 1264 2582 ter
1286 2550 1411 2582 factum
1439 2561 1517 2583 esse
1545 2557 1662 2583 contra
1685 2551 1920 2592 Manichaeos,
1948 2552 2004 2594 qui
2034 2551 2208 2595 fingebant

1213 2595 1324 2626 omnia
1357 2600 1497 2637 peccata
1537 2596 1696 2627 interiora
1730 2602 1762 2627 et
1803 2597 1972 2627 exteriora
2010 2596 2206 2628 necessario

1213 2637 1302 2677 fieri,
1334 2645 1366 2670 et
1388 2640 1559 2682 negabant
1588 2638 1777 2671 libertatem
1812 2649 1889 2672 esse
1919 2640 2090 2683 regendae
2112 2638 2205 2672 loco·

256 2546 350 2578 Haec
373 2554 409 2578 ut
434 2548 604 2589 copiosius
629 2547 855 2588 declarentur,
878 2550 943 2581 duo
968 2556 1083 2582 vetera
1106 2550 1163 2582 de-

169 2595 261 2622 creta
285 2589 482 2631 explicanda
505 2597 593 2630 sunt,
614 2602 754 2634 quorum
767 2591 909 2625 alterum
926 2594 1045 2636 inquit:
1069 2593 1162 2626 Ana-

168 2632 279 2666 thema
302 2635 361 2674 sit,
385 2636 441 2677 qui
464 2635 543 2666 dicit
554 2635 683 2679 Legem
705 2636 926 2678 impossibilia
948 2637 1158 2680 praecipere.

325 2700 474 2723 nummu.
483 2704 564 2724 ormi.
580 2705 643 2724 voL.
655 2705 737 2724 xxm.
1996 2703 2029 2727 35
