2383 2990
174 133 238 166 239

810 131 923 164 PHIL.
947 130 1051 164 MEL.
1070 131 1260 165 SCRIPTA
1277 130 1560 164 DOGMATICA.

2133 135 2200 168 240

1921 197 1934 204 a

173 238 256 259 nem
282 226 381 259 valde
416 227 610 269 impediunt,
653 231 689 257 ut
729 237 804 258 cum
836 226 966 268 fingunt
1002 226 1159 259 mundum
1181 224 1188 274 1
1211 237 1287 258 nam
1311 226 1611 258 architectatricem
1633 236 1722 258 esse.
1766 227 1846 259 Ideo
1871 227 2072 261 domicilium
2093 228 2199 262 homi-

174 277 388 302 coaeternum
412 281 488 302 esse
500 270 587 308 Deo,
612 275 644 301 et
655 269 764 301 Deum
786 268 959 312 alligatum
983 280 1061 302 esse
1081 280 1158 302 cau·

173 315 219 346 sis
243 314 412 346 secundis.
458 313 526 344 Sed
554 313 638 344 11300
660 319 779 354 postea
807 319 1008 354 repetemus.
1060 313 1158 345 Prius

172 358 256 389 enim
279 355 387 388 finalis
411 367 514 388 causa
536 362 706 398 utcunque
731 357 974 388 consideranda
996 362 1059 388 est.

252 435 330 466 Ideo
339 434 433 465 Deus
442 434 588 465 condidit
597 440 733 465 naturas
742 433 976 476 intelligentes,
985 445 1070 477 quae
1080 441 1158 466 sunt

173 478 386 519 praecipuum
410 488 514 518 opus,
547 484 583 509 ut
606 487 644 508 se
667 478 700 509 in
729 478 776 508 eis
800 478 1021 519 patefaceret,
1052 484 1085 509 et
1109 479 1157 509 eis

170 532 264 552 suam
286 522 482 562 sapientiam
501 527 534 552 et
556 521 737 552 bonitatem
760 522 1027 553 communicaret.
1072 521 1158 552 Nam

172 565 316 596 essentia
341 565 463 606 optima
486 563 590 595 voluit
619 563 745 595 habere
765 575 884 605 opera,
906 565 939 596 in
963 575 1048 607 quae
1070 566 1158 596 rivu-

171 605 224 639 los
247 618 329 639 suae
352 608 534 649 sapientiae
558 613 591 639 et
615 608 771 638 bonitatis
795 614 984 650 spargeret,
1004 614 1034 640 et
1056 619 1074 639 a
1088 608 1158 649 qui-

171 652 234 683 bus
269 651 416 682 vicissim
449 656 693 693 agnosceretur
727 656 759 682 et
781 650 1017 683 celebraretur.
1062 650 1158 682 Hanc

171 704 249 727 esse
285 705 421 726 causam
456 695 555 726 divini
591 693 720 725 consilii
749 695 825 726 inde
854 695 1064 726 manifestum
1094 700 1157 732 est,

170 738 246 779 quia
282 737 401 769 effectu
431 738 504 779 ipso
532 737 627 769 Deus
656 737 722 769 1100
751 739 906 776 ostendit,
943 749 1017 770 cum
1050 744 1157 769 trans-

170 781 277 812 fundit
304 782 337 812 in
365 780 505 822 angelos
536 787 567 812 et
594 782 628 812 in
656 781 808 812 homines
840 782 990 813 notitiam
1019 782 1059 812 de
1082 780 1157 811 Deo

171 825 356 862 conditore,
381 831 413 856 et
431 825 608 866 imaginem
631 825 700 863 sui,
722 825 756 855 id
779 830 841 863 est,
867 826 1000 856 notitias
1022 823 1158 862 inultas,

171 868 255 900 etin
277 867 330 898 1115
354 868 504 899 notitiam
526 866 623 909 legis,
647 878 733 909 quae
757 869 909 910 congruit
936 879 1008 899 cum
1021 874 1159 899 aeterna

171 917 203 943 et
232 911 366 942 immota
407 912 570 952 sapientia
614 910 693 952 Dei,
737 917 769 942 et
804 912 949 943 ostendit
978 909 1085 952 qualis
1117 911 1160 942 sit

170 954 277 991 Deus,
303 953 397 986 simul
424 956 521 985 etiam
545 954 669 985 addidit
693 953 823 996 angelis
851 960 882 985 et
905 954 1092 986 hominibus
1119 953 1158 984 li-

171 997 346 1029 berrimam
370 996 588 1038 voluntatem,
614 1003 645 1028 et
668 996 756 1028 113110
779 999 909 1029 ornavit
933 999 1056 1029 iustitia
1081 1008 1159 1028 con-

170 1047 310 1082 gruente
342 1052 414 1072 cum
438 1048 548 1072 niente
576 1047 608 1071 et
639 1039 810 1072 voluntate
844 1040 920 1072 Dei.
988 1041 1081 1073 Haec
1111 1046 1158 1072 te·

171 1084 325 1115 5110101113
355 1082 528 1115 manifeste
559 1084 755 1122 ostendunt,
790 1083 857 1115 1100
881 1084 1022 1116 001151110
1046 1085 1158 1115 condi-

170 1135 222 1158 tas
249 1138 325 1158 csse
356 1134 495 1158 naturas
524 1126 765 1169 intelligentes,
794 1134 830 1159 ut
853 1127 948 1159 Deus
979 1128 1158 1159 communi-

171 1178 262 1202 caret
285 1171 381 1201 nobi-³
407 1171 602 1211 sapientiam
625 1176 657 1201 et
681 1171 861 1202 bonitatem
881 1182 986 1210 suain,
1007 1176 1038 1202 et
1061 1172 1158 1203 vicis-

170 1215 232 1245 sim
267 1226 286 1245 a
319 1215 417 1244 nobis
453 1220 696 1255 agnosceretur
731 1215 823 1255 ipse,
858 1220 889 1245 et
928 1216 1090 1256 sapientia
1126 1221 1159 1246 et

170 1258 300 1289 bonitas
325 1258 396 1288 eius
423 1256 658 1288 celebraretur.

256 1325 389 1357 Deinde
406 1324 492 1357 11300
510 1326 583 1367 ipsa
594 1324 776 1357 transfusio
796 1325 881 1357 lucis
896 1327 1026 1358 divinae
1038 1328 1071 1358 in
1084 1337 1159 1366 nos,

170 1375 311 1401 testatur
333 1369 419 1400 hanc
445 1376 633 1401 creaturam
656 1376 738 1400 vero
769 1375 800 1401 et
823 1381 889 1401 non
920 1369 1074 1402 simulato
1101 1377 1159 1402 aut

171 1413 286 1444 fictitio
311 1423 424 1444 amore
447 1411 537 1454 diligi
561 1424 580 1443 a
593 1412 679 1451 Deo,
704 1424 778 1445 cum
796 1413 825 1444 ei
844 1412 930 1444 tales
951 1414 1050 1445 dotes
1069 1424 1158 1445 com—

170 1457 356 1494 municarit,
380 1467 466 1497 quae
490 1458 522 1487 in
547 1457 618 1497 ipso
633 1456 706 1487 Deo
743 1464 818 1487 sunt
843 1467 1011 1494 summae,
1039 1456 1159 1495 cilicet,

170 1501 383 1541 sapientiam,
408 1498 593 1530 libertatem
616 1498 809 1538 roluntatis,
833 1506 865 1530 et
894 1500 1051 1531 iustitiam
1079 1510 1159 1531 eon-

171 1550 342 1587 gruentem
368 1554 440 1574 cuin
471 1543 575 1584 ipsius
608 1542 786 1575 voluntate.
833 1543 874 1574 Et
898 1542 997 1575 facile
1020 1542 1158 1585 intelligi

169 1593 298 1629 potest,
328 1586 438 1617 Deum
462 1597 540 1617 vere
576 1585 712 1628 diligere
736 1587 770 1617 id
794 1596 896 1627 opus,
931 1587 1021 1628 quod
1054 1587 1159 1619 voluit

170 1640 246 1662 esse
270 1628 417 1671 effigiem
441 1640 552 1668 suam,
584 1636 615 1661 et
640 1631 672 1661 in
696 1640 761 1671 quo
780 1629 887 1672 fulget
911 1640 973 1662 sua
995 1631 1158 1672 sapientia

170 1679 202 1705 et
224 1674 347 1705 iustitia
372 1684 446 1705 cuni
469 1673 573 1714 ipsius
597 1679 708 1705 mente
732 1683 935 1716 congruenS.

256 1751 349 1782 Haec
372 1752 529 1793 cogitatio
551 1750 770 1784 similitudinis
783 1751 859 1790 Dei,
880 1752 1050 1783 deducens
1068 1761 1158 1782 men-

169 1802 219 1826 tes
243 1795 286 1826 ad
309 1795 508 1836 agnitionem
532 1795 690 1826 bonitatis
702 1794 765 1826 Dei
785 1800 817 1826 et.
840 1796 964 1826 amoris
982 1805 1063 1836 erga
1081 1805 1156 1834 nos,

168 1849 323 1880 inagnum
346 1839 533 1869 incendium
557 1839 657 1869 mutui
681 1839 803 1869 amoris
826 1839 859 1869 in
877 1845 997 1870 natura
1015 1838 1157 1869 hominis

168 1884 361 1923 incorrupta
385 1882 606 1912 accendisset.
652 1881 749 1913 Nunc
783 1888 894 1913 autem
922 1883 955 1913 in
978 1881 1043 1913 hac
1065 1888 1158 1913 tanta

170 1924 310 1967 caligine
334 1925 422 1956 hanc
447 1925 682 1967 cogitationem
711 1924 838 1967 negligi
861 1925 1045 1957 doleamus.
1093 1926 1159 1957 Sed

169 1969 313 2000 ostendit
332 1967 426 1999 Deus
449 1969 556 1999 11131115
579 1969 804 1999 testimonium
829 1969 881 2000 sui
908 1969 1047 2007 amoris,
1085 1979 1158 1999 cum

169 2011 273 2043 Filius
295 2022 357 2052 pro
382 2012 480 2042 1101115
503 2011 644 2053 supplex
658 2018 690 2043 et
702 2012 834 2043 victima
851 2012 960 2043 factus
979 2018 1040 2043 est.
1064 2011 1159 2043 Haec

169 2053 359 2086 testimonia
383 2055 507 2086 amoris
530 2057 560 2086 si
583 2065 663 2086 vere
687 2055 931 2096 aspiceremus,
955 2056 1104 2087 vicissim
1128 2061 1159 2087 et

169 2099 314 2129 studium
349 2099 580 2141 gratitudinis,
615 2105 646 2130 et
671 2099 791 2140 ingens
816 2098 912 2130 dolor
935 2105 1072 2141 propter
1100 2109 1158 2130 no-

169 2147 273 2172 stram
296 2142 564 2183 ingratitudinem
593 2143 625 2173 in
654 2143 753 2173 nobis
778 2143 988 2174 excitaretur.
1034 2143 1099 2174 Sed
1127 2149 1159 2174 te

170 2194 303 2217 oramus
335 2191 471 2216 aeterne
492 2185 587 2216 Deus
620 2193 757 2227 propter
784 2185 901 2217 Filium
930 2186 1159 2225 Mediatorem,

169 2228 317 2259 accende
341 2229 445 2259 corda
468 2235 584 2260 nostra
597 2229 721 2270 Spiritu
745 2236 863 2261 sancto
887 2237 956 2269 tuo,
978 2236 1014 2261 ut
1030 2235 1062 2260 te
1079 2240 1159 2261 vere

169 2278 375 2346 aglnoscant,
411 2272 584 2311 invocent,
619 2271 774 2315 diligant,
809 2279 842 2305 et
865 2279 954 2306 tuam
978 2273 1158 2305 bonitatem

170 2325 208 2347 00
223 2317 352 2347 ein-ent.

256 2392 329 2424 Etsi
357 2399 466 2424 autem
491 2394 573 2435 ipsis
597 2393 727 2436 angelis
751 2401 782 2426 et
805 2394 996 2426 hominibus
1026 2394 1158 2426 exiden·

124 2455 128 2461 ·
170 2436 298 2467 tissima
321 2437 507 2468 testimonia
533 2438 573 2468 de
596 2436 670 2469 Deo
694 2439 859 2479 impressa
883 2444 978 2477 sunt,
1001 2448 1088 2479 quae
1111 2444 1157 2469 te-

171 2484 300 2510 stantur
324 2487 401 2510 0550
419 2479 547 2518 Deum,
580 2486 612 2512 ct
636 2480 744 2523 qualis
764 2483 818 2520 sit,
843 2488 875 2513 et
890 2482 979 2524 quod
998 2482 1155 2513 iudicatu-

171 2533 230 2553 rus
254 2523 314 2561 sit,
348 2528 458 2554 tamen
485 2531 605 2565 postea
638 2525 671 2555 in
705 2531 809 2557 totum
842 2525 955 2557 mundi
989 2524 1156 2566 opificium

172 2575 292 2607 sparsa
314 2572 391 2597 sunt
414 2568 529 2609 signa,
564 2579 649 2609 quae
673 2569 856 2601 certissime
880 2574 1045 2600 testantur
1068 2567 1156 2600 hunc

171 2609 328 2640 mundum
349 2619 417 2641 non
440 2620 520 2642 casu
543 2618 651 2644 ortum
675 2623 769 2650 esse,
803 2613 864 2644 sed
886 2619 1029 2644 mentem
1050 2618 1155 2644 aeter-

1211 281 1289 302 num
1312 270 1379 302 hoc
1410 268 1542 302 coelum
1571 275 1605 301 et
1638 276 1745 309 terra,
1777 276 1845 302 tam
1886 272 1977 303 varie
2008 272 2199 306 distinctum

1211 320 1245 345 et
1268 316 1507 352 ornatumest,
1530 319 1567 345 ut
1585 313 1731 355 undique
1753 324 1816 345 nos
1840 315 1881 346 de
1902 314 1977 346 Deo
2012 326 2200 349 commone-

1209 355 1322 388 faciat.
1361 356 1575 388 Manifestum
1598 362 1649 388 est
1671 357 1771 399 igitur
1792 357 1859 389 hoc
1880 360 2096 401 praecipuum
2121 370 2186 391 0011

1211 399 1320 431 silium
1343 400 1409 431 Dei
1432 410 1520 439 esse,
1542 406 1680 442 propter
1698 401 1788 442 quod
1811 402 1957 434 condidit
1978 408 2084 435 totum
2105 413 2199 436 mun-

1211 444 1301 483 dum,
1323 450 1359 475 ut
1382 453 1459 475 sese
1481 442 1699 486 patefaceret.

1296 521 1370 552 Etsi
1393 527 1503 553 autem
1521 526 1706 562 conspectu
1723 521 1845 563 opificii
1862 523 1976 554 mundi
1986 521 2092 555 voluit
2103 523 2199 556 Deus

1210 564 1256 595 ita
1273 565 1399 596 moveri
1422 565 1591 596 hominum
1614 570 1754 604 01011105,
1776 571 1812 597 ut
1836 565 2020 597 firmissime
2037 572 2199 599 statuere-

1210 618 1297 646 mus,
1321 613 1354 638 et
1377 618 1454 639 0550
1474 607 1594 647 Deum,
1618 615 1650 640 et
1674 619 1752 640 0550
1775 609 1969 650 sapientem,
1994 610 2129 645 bonum.
2151 611 2199 643 iu-

1210 657 1309 689 stum,
1321 662 1487 690 veracem,
1508 658 1647 690 castum,
1664 652 1818 691 iudicem,
1838 658 1948 684 tamen
1967 658 2044 694 post
2069 652 2201 695 lapsum

1210 695 1390 734 primorum
1423 701 1597 736 parentum
1630 694 1788 738 languida
1821 702 1873 727 est
1905 696 2076 728 adsensio.
2120 697 2200 729 Ideo

1210 737 1307 769 Deus
1339 739 1492 770 conditor
1522 739 1683 770 immensa
1714 740 1877 778 bonitate,
1902 749 2019 771 rursus
2042 739 2201 780 patefecit

1212 790 1251 811 se
1275 782 1362 812 edita
1385 783 1609 822 promissione
1632 792 1704 821 5113,
1728 789 1760 813 et
1780 781 1989 824 promulgata
2006 781 2094 825 lege,
2117 788 2150 815 et
2164 788 2202 815 ut

1210 830 1336 856 certum
1371 831 1461 856 esset.
1488 825 1578 856 lianc
1607 836 1726 857 vocem
1744 836 1812 857 non
1841 836 1918 857 esse
1943 832 2116 858 creaturae
2140 825 2199 858 ali-

1211 868 1317 906 cuius,
1340 868 1531 899 testimonia
1553 869 1666 900 addita
1688 876 1776 904 sunt,
1801 870 1833 900 in
1858 870 1979 911 quibus
2002 869 2098 901 Deus
2119 880 2198 902 0011-

1211 911 1298 941 ditor
1333 916 1365 942 et
1398 921 1540 943 servans
1579 918 1731 943 naturam
1771 922 1880 944 rerum
1915 923 2003 945 nova
2037 914 2202 954 quaedam

1211 964 1315 995 opera
1338 952 1426 993 fecit,
1450 955 1588 996 perinde
1610 966 1651 986 ac
1671 956 1700 986 si
1717 966 1840 987 novum
1857 957 2014 988 mundum
2027 958 2200 996 conderet,

1211 1008 1297 1039 quae
1319 1007 1387 1029 11011
1412 1004 1566 1039 poterant
1589 998 1678 1038 fieri,
1702 999 1766 1030 nisi
1789 1000 1831 1030 ab
1854 1000 2016 1030 immensa
2038 1000 2201 1040 potentia,

1210 1042 1306 1072 iussit
1329 1047 1421 1072 stare
1444 1040 1552 1072 solem
1571 1047 1641 1073 toto
1665 1043 1785 1080 triduo,
1805 1043 1902 1074 iussit
1925 1042 2030 1074 solem
2053 1043 2200 1085 regredi,

1210 1084 1352 1115 reddidit
1374 1085 1514 1116 mortuis
1536 1086 1650 1123 vitam,
1674 1086 1763 1117 misit
1785 1085 1904 1117 Filium
1922 1093 2034 1117 natum
2063 1096 2106 1117 ex
2136 1086 2201 1118 vir-

1211 1128 1299 1169 gine,
1323 1128 1379 1169 qui
1402 1127 1525 1159 multos
1548 1134 1698 1160 mortuos
1721 1130 1894 1161 revocavit
1916 1130 1950 1160 in
1973 1130 2085 1161 vitam.
2107 1129 2202 1161 Haec

1211 1172 1306 1212 quasi
1329 1181 1417 1202 nova
1441 1170 1636 1210 fabricatio,
1669 1172 1776 1214 magis
1800 1179 1910 1204 movet
1932 1172 2084 1205 homines
2111 1183 2202 1205 nunc

1210 1215 1243 1245 in
1265 1215 1330 1246 hac
1354 1212 1506 1257 caligine.
2070 1218 2075 1219 ⁷

1300 1292 1412 1328 Quare
1438 1292 1627 1323 testimonia
1656 1290 1890 1333 patefactionis
1920 1299 2061 1335 utraque
2093 1293 2201 1325 consi-

1212 1336 1379 1374 deremus,
1401 1336 1541 1376 primum
1565 1336 1786 1375 creationem,
1815 1342 1847 1367 et
1877 1334 1941 1367 alia
1970 1347 2060 1368 nova
2087 1346 2201 1377 opera,

1213 1390 1299 1421 quae
1322 1390 1390 1411 non
1415 1384 1555 1420 possunt
1579 1378 1651 1409 fieri
1681 1380 1745 1409 nisi
1779 1380 1821 1410 ab
1851 1380 2013 1411 immensa
2042 1380 2202 1421 potentia,

1213 1429 1245 1454 et
1267 1422 1342 1454 Deo
1363 1423 1487 1464 gratias
1511 1432 1671 1464 agamus,
1703 1423 1792 1463 quod
1827 1432 1865 1453 se
1888 1421 2055 1463 patefecit,
2089 1428 2122 1454 et
2144 1422 2201 1454 do-

1214 1466 1353 1496 ctrinam
1385 1476 1479 1497 suam
1508 1466 1605 1496 nobis
1630 1465 1774 1497 tradidit.
1820 1464 1863 1495 Et
1884 1464 1946 1497 has
1970 1466 2054 1497 duas
2078 1475 2201 1498 causas

1212 1510 1409 1547 creationis,
1445 1514 1480 1540 ut
1505 1509 1626 1540 dictum
1650 1515 1718 1546 est,
1747 1507 1954 1540 Efficientem
1984 1515 2018 1540 et
2039 1508 2201 1548 Finalem,

1212 1562 1345 1594 semper
1378 1553 1411 1583 in
1441 1553 1606 1583 mentibus
1640 1552 1820 1583 nobiscum*
1845 1551 2134 1591 circumferamus,
2169 1557 2204 1583 et

1212 1606 1313 1636 saepe
1337 1596 1532 1637 cogitemuS,
1555 1600 1591 1626 ut
1613 1604 1676 1625 nos
1701 1596 1744 1626 ad
1767 1595 1970 1637 agnitionem
1998 1601 2030 1626 et
2055 1605 2203 1627 amorem

1210 1639 1274 1670 Dei
1299 1640 1536 1670 exuscitemus.
1581 1637 1714 1669 Deinde
1744 1644 1776 1669 et
1799 1639 2067 1670 circumstantias
2093 1639 2203 1670 consi·

1212 1683 1378 1720 dei-emus,
1402 1683 1444 1713 de
1464 1682 1585 1723 quibus
1608 1680 1762 1713 Ecclesia
1786 1682 1819 1713 in
1842 1682 1909 1713 hoc
1932 1681 2072 1713 articulo
2102 1692 2200 1724 prae-

1211 1726 1306 1767 cipue
1330 1726 1556 1757 concionatur.
1592 1724 1678 1756 Nam
1697 1726 1793 1756 etiam
1811 1725 2026 1767 philosophia
2048 1725 2203 1768 agnoscit

1210 1769 1272 1800 1135
1297 1769 1380 1800 (11135
1394 1779 1516 1800 causas
1529 1769 1652 1808 mundi,
1671 1767 1892 1807 Esticientem,
1912 1775 1944 1800 et
1955 1767 2114 1808 Finalem,
2139 1769 2200 1801 sed

1210 1819 1329 1853 postea
1351 1812 1455 1843 multa
1478 1813 1621 1853 disputat
1646 1812 1810 1851 absurda,
1833 1813 2028 1844 necessario
2057 1818 2202 1844 mentem

1210 1862 1381 1887 aeternam
1405 1855 1564 1887 effudisse
1592 1855 1680 1887 hanc
1703 1856 1910 1895 machinam,
1940 1862 1973 1887 et
1999 1865 2067 1887 non
2096 1865 2201 1897 posse

1210 1898 1320 1931 Deum
1343 1897 1440 1930 aliter
1463 1909 1576 1941 agere,
1600 1910 1698 1941 quam
1721 1899 1809 1931 sicut
1826 1899 1889 1930 ciet
1909 1899 1991 1930 ordo
2009 1909 2200 1941 corporum.

1296 1976 1351 2008 De
1383 1976 1437 2008 his
1472 1982 1505 2008 et
1534 1975 1608 2008 aliis
1639 1977 1838 2018 quibusdam
1865 1976 2124 2008 circumstantiis
2142 1977 2200 2008 ad·

1210 2021 1337 2052 moneri
1356 2019 1508 2052 homines
1531 2029 1674 2051 necesse
1692 2025 1754 2057 est,
1773 2030 1814 2050 110
1833 2019 1918 2051 fides
1936 2020 1969 2050 in
1989 2020 2201 2052 invocatione

1211 2065 1436 2107 extinguatur,
1461 2064 1489 2094 51
1513 2064 1698 2106 cogitemus
1721 2062 1829 2094 Deum
1854 2064 1977 2095 abesse
2000 2073 2021 2094 a
2044 2072 2106 2095 suo
2130 2064 2200 2105 opi-

1211 2107 1305 2147 ficio,
1339 2113 1396 2139 aut
1428 2117 1497 2138 non
1529 2117 1632 2148 posse
1654 2106 1752 2138 aliter
1774 2118 1895 2149 agere,
1933 2117 2031 2148 quam
2051 2113 2089 2138 ut
2112 2107 2201 2139 cient

1212 2161 1338 2183 causae
1362 2151 1550 2189 secundae,
1578 2161 1653 2181 cum
1682 2160 1784 2191 saepe
1810 2150 1876 2181 hoc
1904 2150 2011 2192 ipsum
2034 2156 2199 2191 petamus,

1210 2202 1246 2226 ut
1268 2195 1457 2237 mitigentur
1479 2200 1535 2226 aut
1557 2200 1723 2226 mutentur
1745 2204 1870 2226 causae
1893 2194 2072 2226 secundae.

1299 2271 1411 2308 Quare
1438 2271 1523 2303 11300
1553 2273 1701 2304 membra
1731 2272 1848 2304 ordine
1871 2271 2100 2311 recitabimus,
2133 2272 2198 2313 pri·

1210 2326 1315 2355 mum,
1340 2316 1430 2357 quod
1453 2316 1577 2347 creatio
1608 2315 1652 2347 sit
1676 2326 1849 2347 commune
1873 2326 1957 2357 opus
1986 2315 2113 2348 aeterni
2133 2314 2197 2347 Pa-

1209 2360 1281 2399 tris,
1305 2359 1391 2398 Filii,
1414 2365 1447 2390 et
1469 2359 1612 2401 Spiritus
1637 2359 1754 2391 sancti.

1297 2428 1504 2467 Secundum,
1540 2430 1630 2471 quod
1657 2439 1712 2460 res
1734 2429 1802 2460 sint
1830 2438 1871 2460 ex
1892 2427 1996 2460 nihilo
2031 2428 2195 2460 conditae.

1296 2498 1459 2537 Tertium,
1488 2499 1578 2540 quod
1601 2498 1694 2531 Deus
1718 2497 1836 2530 volens
1861 2504 1893 2530 et
1914 2496 2018 2530 libere
2041 2497 2196 2530 condide-

1209 2542 1251 2574 rit
1267 2542 1424 2574 mundum
1446 2547 1526 2573 tunc
1549 2552 1623 2574 cum
1646 2541 1762 2575 voluit.

1296 2610 1472 2650 Quartum,
1497 2612 1587 2654 quod
1608 2622 1676 2643 non
1695 2611 1892 2644 discesserit
1913 2621 1934 2642 a
1956 2619 2019 2643 suo
2042 2620 2156 2653 opere.
