2383 2990
180 114 244 146 145
889 113 944 145 111.

179 209 316 242 tentiam
340 207 533 240 meminisse
556 217 700 239 necesse
722 210 795 246 est,
818 209 895 251 quia
914 208 970 240 hic
993 213 1044 239 est
1067 216 1169 239 verus

177 262 316 290 nervus,
340 251 396 293 qui
419 250 552 293 politias
577 252 725 282 continet
754 257 786 283 et
812 257 1036 294 coagmentat.
1090 250 1168 281 ldeo

177 296 264 327 enim
297 305 421 337 magna
453 304 532 336 pars
566 294 754 333 hominum,
783 294 815 326 id
844 300 914 333 est,
950 303 1065 325 onmes
1096 294 1169 324 sani

178 340 409 380 obtemperant
432 338 528 369 iustis
551 337 702 379 legibus,
735 344 765 369 et
796 339 1019 369 mediocribus
1049 337 1168 378 guber-

177 382 365 420 natoribus,
388 382 465 423 quia
487 380 674 423 intelli-gunt
698 391 735 412 se
748 380 822 413 Deo
847 381 934 412 hanc
949 380 1169 412 obedientiam

178 426 321 463 debere,
351 431 383 456 et
414 435 454 456 ex
482 424 548 456 hac
572 423 666 456 Pauli
697 434 782 455 voce
806 425 937 455 discunt
961 422 1065 465 pollui
1089 433 1168 454 con-

177 469 350 500 scientiam
373 468 601 506 contumacia,
630 467 695 498 hoc
715 473 783 506 est,
815 467 886 498 fieri
910 474 1054 498 mentem
1079 476 1169 497 ream

175 512 272 550 Deo,
296 512 407 543 excuti
431 522 473 542 ex
495 512 603 553 gratia
626 510 702 549 Dei,
725 512 844 541 mereti
868 511 948 541 iram
968 509 1037 541 Dei
1061 516 1092 540 et
1115 520 1168 540 ae-

177 561 292 587 ternas
322 564 460 595 poenas.
505 554 663 585 Tenenda
695 560 744 584 est
774 554 874 595 igitur
904 553 1019 595 regula
1053 554 1168 584 certis—

177 599 260 630 sima
292 598 412 629 tradita
443 597 508 628 hoc
538 595 615 628 loco
647 607 732 628 voce
762 596 930 638 Apostoli.
988 596 1169 627 Peccatum

177 640 319 673 mortale
343 647 405 679 est,
427 641 460 671 id
484 646 546 678 est,
572 641 662 681 quod
686 647 829 671 meretur
853 641 934 672 iram
958 639 1021 671 Dei
1053 645 1084 670 et
1113 650 1169 670 ae-

177 691 291 716 ternas
316 694 464 724 poenas,
493 683 735 714 contumaciter
757 694 945 726 repugnare
970 684 1063 714 iustis
1087 681 1169 723 legi-

176 729 240 760 bus
264 726 426 769 politicis,
449 732 481 757 et
504 726 728 757 mediocribus
753 728 1047 769 gubernatoribus.
1099 725 1168 758 Sed

178 773 219 803 ‹le
242 771 370 802 iniustis
393 776 513 811 postea
537 769 677 800 dicetur.

275 847 343 878 1111.
389 845 443 877 De
482 847 670 878 reverentia
705 856 872 888 personae
914 847 1036 879 debita.
1093 846 1169 877 Dixi

175 892 315 932 primum
343 891 377 921 in
408 891 495 921 bona
525 890 767 932 gubernatione
791 890 855 922 Dei
885 890 1110 932 praesentiam
1138 896 1169 921 et

175 944 313 966 munera
326 933 545 975 agnoscenda
566 943 653 972 esse,
680 939 712 964 et
727 935 994 965 constituendam
1014 934 1168 964 obedien-

174 978 267 1015 tiam,
292 975 356 1007 hac
380 977 576 1016 constituta,
601 977 629 1007 si
653 987 799 1017 persona
823 979 921 1008 etiam
941 978 1097 1008 divinitus
1111 988 1169 1018 gu-

175 1021 348 1058 bernatur,
370 1019 458 1050 hanc
482 1020 589 1060 ipsam
613 1030 747 1061 quoque
770 1031 931 1058 amemus,
956 1021 1053 1051 nobis
1077 1027 1167 1051 ante-

174 1062 338 1101 feramus,
375 1069 407 1094 et
442 1073 506 1093 nos
547 1063 575 1093 ei
613 1064 830 1094 subiit-ianuis
866 1070 897 1094 et
933 1064 1165 1104 praedicemus

175 1107 262 1138 dona
287 1106 367 1144 Dei,
390 1106 510 1148 quibus
535 1112 651 1137 ornata
675 1113 744 1143 est,
768 1107 853 1137 sicut
878 1114 1080 1138 venerantur
1104 1106 1168 1137 116-

173 1150 217 1180 tei
243 1149 425 1187 Abraham,
451 1159 491 1180 ac
516 1149 681 1190 inquiunt:
702 1150 789 1180 Audi
815 1159 876 1180 nos
900 1149 1056 1187 Domine,
1080 1151 1166 1190 prin-

175 1203 256 1233 ceps
280 1192 345 1223 Dei
376 1202 413 1223 es
438 1193 525 1233 apud
555 1203 631 1223 nos.
676 1192 717 1223 Et
753 1192 870 1224 mulier
895 1192 1064 1224 'l'hecuitis
1091 1193 1168 1223 dicit

174 1237 216 1266 ad
245 1234 376 1266 David:
409 1235 458 1266 Tu
489 1241 598 1266 autem
625 1235 765 1266 Domine
787 1237 831 1266 mi
856 1247 915 1267 rex
945 1238 1079 1277 sapiens
1117 1246 1166 1274 es,

175 1279 260 1309 sicut
284 1278 385 1309 habet
417 1279 612 1319 sapientiam
641 1278 785 1321 angelus
817 1279 892 1310 Dei.
938 1279 1079 1310 Discunt
1111 1290 1167 1310 au-

174 1327 240 1353 tem
263 1321 319 1352 hic
343 1322 386 1363 pii
410 1332 523 1352 veram
548 1323 767 1353 reverentiam
794 1323 825 1353 iu
850 1323 959 1353 animo
991 1324 1086 1353 sitam
1123 1323 1166 1352 di-

174 1375 332 1396 scernere
355 1376 374 1395 a
398 1363 526 1395 fucosis
552 1364 672 1395 otticiis
693 1364 916 1404 adulatorum,
931 1367 1055 1407 gradus
1069 1367 1166 1396 etiam

174 1409 368 1445 observent,
393 1414 430 1439 ut
452 1408 637 1439 tribuamus
662 1408 774 1439 debita
798 1419 946 1442 munera.
971 1420 1037 1440 non
1055 1409 1165 1439 aliena

174 1457 207 1483 et
224 1450 288 1482 Dei
311 1451 458 1492 propria,
481 1451 567 1482 sicut
585 1449 718 1482 Ethnici
741 1462 823 1483 suos
848 1463 946 1494 reges
966 1452 1059 1483 Deos
1084 1463 1165 1483 nun-

174 1500 349 1536 cuparunt,
375 1501 407 1525 et
429 1495 460 1524 in
485 1493 617 1535 templis
642 1505 755 1526 eorum
783 1502 911 1527 statuas
941 1495 1089 1527 horribili
1116 1495 1164 1526 su-

173 1548 250 1569 rore
275 1536 451 1568 coluerunt
475 1544 505 1568 et
531 1538 745 1569 invocarunt:
770 1539 867 1570 Amet
883 1538 976 1570 miles
991 1539 1165 1576 Davidem,

174 1587 206 1612 et
237 1592 317 1612 vera
340 1582 438 1612 animi
462 1582 650 1612 reverentia
674 1580 766 1612 illum
798 1583 862 1613 sibi
892 1582 1072 1621 anteferat,
1104 1583 1164 1613 sed

173 1625 259 1655 sciat
278 1623 443 1655 hominem
470 1634 547 1655 esse
571 1624 645 1656 Deo
669 1626 875 1664 subiectum,
906 1627 1090 1657 ministrum
1119 1626 1164 1656 di-

171 1668 239 1700 111111
263 1668 428 1705 muneris,
452 1674 604 1699 ornatum
629 1678 648 1698 a
672 1667 765 1706 Deo,
791 1669 941 1701 daturum
967 1671 1062 1700 etiam
1087 1680 1164 1710 poe-

171 1722 255 1749 1135,
289 1712 318 1742 si
342 1722 404 1742 suo
428 1721 564 1742 munere
589 1712 764 1750 abutatur,
796 1717 827 1742 et
851 1712 916 1743 hac
940 1712 1164 1744 sollicitudine

172 1754 243 1786 eius
262 1754 485 1785 infirmitatem
510 1753 673 1794 deploret,
696 1766 736 1785 ac
760 1761 861 1796 petat,
884 1763 919 1788 ut
943 1756 1050 1788 aDeo
1074 1756 1164 1787 adiu-

171 1804 280 1829 vetur.
326 1797 379 1828 Ac
402 1803 450 1828 tot
480 1795 625 1829 millibus
650 1808 814 1829 annorum
837 1800 892 1830 xix
918 1811 1003 1831 unus
1029 1805 1060 1830 ct
1081 1799 1166 1831 alter

170 1839 316 1872 fuerunt.
346 1840 486 1871 Davidis
511 1831 648 1879 similes,
673 1848 705 1873 ut
729 1841 878 1880 moises,
903 1841 1049 1874 Samuel.
1081 1842 1164 1874 Cae-

170 1885 232 1915 teri
257 1894 372 1915 omnes
396 1884 492 1915 etiam
515 1884 641 1916 laudati
664 1885 833 1928 principes
857 1893 1017 1927 quantum
1042 1885 1163 1917 habue-

170 1933 246 1959 runt
270 1934 303 1958 et
322 1927 445 1958 habent
468 1927 705 1966 infirmitatum,
730 1929 869 1970 qu'arum
889 1930 1113 1961 consideratio
1132 1930 1164 1960 in

170 1971 269 2002 bonis
293 1971 423 2002 civibus
448 1981 514 2002 11011
538 1972 674 2012 impedit
698 1974 933 2011 reverentiam,
958 1974 1019 2004 sed
1043 1983 1163 2004 accen-

171 2015 217 2046 dit
240 2012 512 2053 sollicitudinem,
547 2021 583 2046 ut
612 2021 707 2056 pater
738 2016 813 2057 pius
845 2022 877 2047 et
900 2027 1016 2047 amans
1042 2015 1164 2047 libero-

171 2067 254 2095 rum,
278 2058 307 2089 si
329 2068 426 2100 quem
453 2058 543 2090 videt
567 2059 600 2089 in
625 2057 694 2090 filio
718 2060 888 2098 morbum,
912 2070 978 2091 non
1003 2060 1078 2090 ideo
1108 2060 1164 2091 mi-

172 2110 236 2131 nus
259 2108 365 2139 amat,
396 2102 456 2132 sed
486 2102 658 2133 miseratio
683 2109 783 2145 auget
811 2102 1096 2141 benevolentiam,
1131 2110 1164 2135 et

173 2144 295 2175 excitat
318 2143 576 2176 sollicitudinem
601 2146 642 2177 de
667 2147 736 2176 eius
760 2145 879 2178 salute.
923 2144 1029 2178 Simul
1054 2153 1163 2178 autem

171 2187 326 2218 admonet
348 2195 476 2229 patrem
499 2189 662 2220 humanae
686 2188 904 2228 infirmitatis,
929 2197 961 2221 et
985 2191 1084 2221 docet
1117 2191 1163 2221 ‹ii-

172 2232 392 2262 scernendam
417 2241 495 2263 esse
517 2232 605 2264 hanc
618 2233 774 2264 miseram
788 2240 820 2264 et
841 2232 992 2275 fragilem
1012 2240 1163 2264 naturam

170 2274 213 2304 ab
237 2280 385 2311 aeterna,
409 2280 441 2305 et
463 2276 641 2315 petendum
665 2286 743 2308 esse
766 2276 924 2308 auxilium
947 2278 989 2308 ab
1015 2283 1163 2315 aeterna,

171 2315 325 2348 videlicet
355 2327 372 2347 a
396 2317 489 2356 Deo,
519 2320 573 2360 qui
605 2319 681 2350 ideo
706 2318 911 2352 voluntatem
941 2331 1035 2352 suam
1065 2321 1162 2352 nobis

169 2359 348 2401 patefecit,
379 2361 456 2402 quia
479 2360 549 2394 vult
570 2363 729 2405 agnosci,
756 2364 924 2404 invocari,
955 2374 1093 2396 servare
1116 2364 1163 2395 in-

170 2410 333 2436 vocantes
357 2409 420 2435 etc.

257 2497 297 2530 V.
344 2498 398 2530 De
429 2499 568 2531 veritate
595 2509 658 2532 seu
691 2501 839 2533 candore
869 2508 902 2533 et
931 2502 1100 2543 aequitate
1128 2502 1161 2532 in

168 2542 356 2574 iudicandis
379 2543 633 2585 magistratuum
644 2545 833 2576 actionibus
846 2544 1007 2588 generale
1029 2545 1162 2576 manda·

169 2590 239 2618 tum
270 2585 418 2618 divinum
440 2592 606 2619 teneatur:
647 2586 725 2619 Non
749 2588 842 2620 dicas
866 2587 991 2621 falsum
1014 2589 1162 2620 testimo-

325 2653 473 2674 ultuma.
488 2654 570 2675 OPER.
585 2655 647 2675 VOL.
664 2656 747 2675 xxlu.

990 111 1266 158 CATEQHESIS
1284 112 1501 146 PUERtLls.

2148 115 2210 146 146

1222 208 1322 239 nium.
1367 208 1447 240 Item
1470 208 1576 241 Levit.
1602 209 1653 241 19.
1688 209 1762 241 Non
1787 210 1834 240 sis
1858 208 2078 241 calumniator
2100 210 2133 241 in
2151 220 2210 251 po-

1222 251 1313 291 pulo.
1359 251 1401 282 Et
1426 251 1585 284 Proverb.
1608 253 1658 284 12.
1692 253 1904 284 Abominatio
1925 263 2040 284 coram
2064 252 2138 284 Deo
2162 252 2210 284 la-

1223 295 1276 325 bia
1301 296 1484 326 mendacia„
1530 296 1603 327 Etsi
1634 303 1745 327 autem
1769 298 1800 328 in
1824 297 2016 327 universum
2039 297 2211 328 mendacia

1223 343 1256 368 et
1280 336 1463 369 calumnias
1478 338 1570 370 Deus
1594 339 1758 381 prohibet,
1783 346 1891 371 tamen
1912 340 1991 381 quia
2011 338 2210 375 calumniae,

1223 381 1344 422 quibus
1358 381 1585 413 deformantur
1597 384 1809 425 magistratus
1824 390 1853 414 et
1863 382 1971 425 lege5‚
1986 384 2092 425 magis
2100 384 2211 415 ornari

1223 422 1333 455 solent
1349 431 1518 464 praetextu
1531 425 1654 467 aliquo,
1679 427 1817 466 prodest
1836 427 1868 457 in
1883 427 2034 457 doctrina
2048 427 2089 457 de
2106 425 2211 457 hono-

1223 477 1259 498 re
1284 467 1396 499 debito
1420 468 1575 508 imperiis,
1600 470 1788 500 nominatim
1809 470 1849 500 de
1873 470 1925 501 his
1946 468 2118 500 calumniis
2142 479 2212 500 mo-

1222 521 1302 542 nere
1326 509 1598 550 adolescentiam,
1622 523 1760 554 eamque
1784 512 1959 555 diligenter
1971 523 2011 544 ac
2025 513 2114 544 serio
2135 512 2211 543 hor-

1222 555 1296 592 tari,
1319 560 1355 585 ut
1379 565 1417 585 se
1439 555 1654 592 assuefaciat,
1678 566 1720 587 ne
1745 556 1822 594 cito,
1846 567 1888 587 ne
1908 554 2125 597 inexploratis
2138 554 2210 587 fon-

1222 598 1312 628 tibus
1347 599 1555 639 negotiortnn
1591 599 1712 630 iudicet
1747 600 1788 630 de
1822 598 1920 630 factis
1945 600 2210 641 magistratuum,

1222 646 1279 671 aut
1303 641 1344 670 de
1368 639 1513 682 legibus.
1560 642 1709 672 Semeias
1734 641 1954 673 calumniatur
1972 642 2147 680 Davidem,
2171 653 2212 673 ac

1223 689 1323 714 vocat
1348 694 1420 714 eum
1445 685 1550 715 x‘irum
1575 686 1791 724 sanguinum,
1826 686 1921 727 quasi
1950 686 2022 726 ipse
2045 696 2107 716 suo
2133 696 2211 717 con-

1223 725 1297 757 silio
1322 738 1460 769 regnum
1485 726 1578 758 Sauli
1603 730 1776 769 eripuerit,
1811 735 1865 759 aut
1890 729 2064 759 insidiatus
2089 729 2132 759 sit
2164 729 2211 760 vi-

1223 776 1278 800 tae
1301 770 1412 800 Saulis
1437 776 1469 800 et
1493 771 1563 801 eius
1586 777 1808 812 posterorum.
1844 771 1937 802 Haec
1961 772 2112 802 convicia
2124 772 2213 813 apud

1222 813 1341 854 impios
1366 824 1441 844 cum
1466 815 1607 855 quadam
1633 816 1744 855 specie
1767 813 1984 856 plausibiliter
2002 816 2211 854 dicebantur,

1193 873 1196 890 ι
1224 867 1298 887 011111
1327 862 1436 887 tamen
1470 858 1579 898 reipsa
1610 857 1789 888 falsissima
1821 865 1945 889 essent.
1991 857 2085 889 Talia
2110 868 2213 899 saepe

1192 891 1377 942 iat-cidunt
1427 901 1523 931 bonis
1563 902 1856 942 gubernatoribus.
1892 902 2025 942 *Saepe
2059 902 2211 932 audimus

1223 942 1378 984 querelas
1404 944 1444 974 de
1468 944 1609 981 iudiciis,
1634 945 1674 975 de
1698 944 1783 981 som,
1809 945 1873 975 imo
1894 945 1977 975 etde
2001 945 2083 985 ipsis
2103 943 2212 976 foren-

1223 987 1316 1017 sibus
1341 985 1483 1027 legibus,
1508 989 1568 1017 etsi
1593 994 1701 1018 autem
1722 989 1752 1018 in
1773 994 1863 1018 tanta
1887 987 2055 1018 hominum
2079 987 2212 1018 infirmi-

1222 1035 1290 1060 tate
1323 1028 1445 1071 aliquid
1470 1032 1590 1061 accidit
1622 1032 1708 1068 11111,
1742 1037 1852 1061 tamen
1877 1031 2053 1062 videndum
2079 1037 2145 1069 est,
2170 1041 2213 1061 ne

1222 1082 1276 1102 res
1308 1073 1414 1103 bonas
1444 1074 1586 1104 iniustus
1616 1075 1808 1105 (lainnemus
1842 1081 1977 1115 propter
2001 1075 2129 1105 abusus
2153 1073 2211 1105 ali-

1222 1126 1320 1157 quos,
1346 1116 1401 1158 qui
1425 1118 1595 1148 accidunt:
1642 1119 1801 1148 Amemus
1830 1119 2004 1148 veritatem
2034 1124 2064 1148 et
2090 1118 2212 1148 cando-

1221 1170 1289 1190 rem
1314 1160 1345 1190 in
1367 1160 1549 1191 iudicandis
1574 1162 1686 1199 rebus,
1712 1172 1774 1191 nec
1798 1160 2211 1202 pronuntiemusinexplo-

1222 1203 1302 1233 ratis
1328 1203 1440 1234 causis
1465 1210 1494 1234 et
1514 1202 1660 1235 fontibus
1686 1205 1905 1246 negotiorum.

1308 1288 1360 1320 VI.
1407 1288 1460 1319 De
1478 1290 1723 1321 condonatione
1746 1290 1929 1332 aliquarum
1950 1289 2211 1321 imbecillitatum

1220 1332 1375 1362 admonet
1400 1342 1463 1362 nos
1488 1332 1673 1374 exemplum
1698 1333 1838 1365 tiliorum
1864 1334 1955 1371 Noe,
1981 1333 2085 1364 Citam
2110 1332 2211 1364 male-

1189 1378 1193 1409 Ι
1220 1375 1350 1411 (licitur,
1375 1376 1463 1416 qnod
1489 1377 1601 1406 irridet
1626 1383 1765 1416 patrem,
1789 1378 1843 1418 qui
1870 1388 1952 1408 casu
1972 1378 2116 1407 nudatus
2139 1377 2209 1408 fue-

1220 1424 1282 1448 rat.
1319 1418 1358 1449 Et
1383 1419 1485 1449 multa
1510 1425 1587 1449 sunt
1609 1427 1788 1460 praecepta
1813 1420 1853 1450 (ie
1877 1420 1941 1451 1136
1966 1421 2099 1458 virtute,
2124 1431 2211 1462 quae

1220 1471 1286 1492 non
1311 1462 1440 1503 quidem
1466 1463 1582 1502 probat
1609 1462 1675 1494 ulla
1697 1464 1791 1501 11113,
1816 1464 1875 1494 scd
1900 1464 2062 1505 quosdam
2087 1465 2211 1495 medio-

1219 1514 1294 1535 cres
1318 1506 1454 1536 morbos
1480 1507 1508 1536 in
1534 1507 1774 1546 superimibus,
1800 1514 1829 1537 et
1846 1508 1875 1537 111
1891 1508 2033 1537 caeteris
2047 1509 2210 1548 quaedam

1189 1524 1193 1581 i
1219 1546 1361 1579 honesta
1386 1550 1482 1579 animi
1503 1550 1730 1580 moderatione
1755 1551 1872 1581 tradat.
1909 1550 2030 1591 Ingens
2055 1551 2139 1581 6111111
2160 1557 2212 1582 est.

1219 1589 1437 1623 humanorum
1462 1593 1643 1623 animorum
1669 1592 1888 1624 nubet-illitas.
1925 1594 1960 1624 Si
1981 1595 2116 1625 maritus
2131 1605 2211 1625 con—

1219 1635 1340 1675 iugem,
1365 1635 1391 1665 si
1417 1641 1510 1676 pater
1534 1634 1669 1673 liberos,
1693 1637 1720 1666 si
1746 1638 1871 1667 anticus
1896 1638 2036 1667 amicum
2056 1648 2133 1668 mox
2153 1638 2210 1668 ab·

1219 1679 1364 1709 iecturus
1393 1685 1501 1713 esset,
1539 1690 1612 1710 cum
1646 1678 1730 1710 16115
1766 1678 1873 1721 aliqua
1911 1680 2052 1711 offensio
2087 1681 2211 1719 incidit,

1219 1728 1376 1762 quantum
1400 1720 1475 1752 mali
1501 1723 1665 1753 accideret
1680 1723 1695 1754 ’ζ
1740 1722 1818 1753 Vult
1845 1724 1942 1765 igitur
1965 1723 2058 1755 Deus
2084 1725 2209 1765 gradus

1220 1766 1336 1802 teneri,
1361 1776 1447 1806 quae
1468 1766 1668 1797 offensiones
1682 1765 1943 1798 dissimulandae
1968 1768 2043 1803 sint,
2069 1774 2100 1798 et
2125 1777 2211 1809 quae

1221 1809 1462 1840 condonandae
1487 1811 1650 1841 communi
1674 1809 1903 1851 tranquillitati
1929 1816 1960 1841 et
1979 1810 2094 1848 saluti,
2125 1821 2211 1852 quae

1189 1820 1192 1897 Ι
1220 1859 1358 1883 econtra
1392 1862 1457 1883 non
1494 1860 1569 1883 sunt
1604 1852 1836 1894 negligendae.
1883 1854 1918 1884 Si
1954 1855 2112 1895 princeps
2143 1865 2210 1885 11011

1189 1902 1193 1960 Ι
1220 1901 1273 1926 est
1296 1902 1468 1937 tyrannus.
1495 1896 1524 1926 id
1550 1902 1612 1934 est,
1638 1898 1664 1927 si
1689 1902 1799 1928 studet
1820 1905 1910 1927 recte
1935 1896 2059 1935 facere,
2084 1903 2116 1928 et
2139 1897 2208 1939 ple-

1188 1963 1192 1974 ,
1219 1948 1358 1979 rumque
1382 1945 1473 1970 recte
1498 1938 1592 1978 facit,
1623 1941 1749 1971 etiamsi
1775 1941 1938 1971 interdum
1959 1951 2072 1971 errore
2097 1940 2208 1983 aliquo

1218 1988 1355 2022 peccat.
1391 1989 1426 2013 ut
1450 1982 1717 2014 hallucinabatur
1740 1983 1867 2022 David,
1899 1995 1972 2015 cum
1998 1984 2098 2015 sibae
2119 1995 2209 2015 men-

1219 2025 1309 2056 tienti
1338 2027 1531 2058 attribueret
1563 2026 1696 2057 Domini
1726 2028 1981 2068 possessiones,
2018 2033 2074 2058 aut
2107 2026 2209 2059 habet

1187 2060 1191 2115 J
1218 2067 1350 2110 aliquos
1375 2068 1467 2101 leves
1491 2071 1638 2108 morbos,
1674 2070 1757 2101 haec
1781 2069 2021 2101 dissimulanda
2041 2077 2072 2101 et,
2097 2072 2208 2113 aequi-

1187 2121 1191 2132 ··
1218 2119 1286 2142 tate
1310 2113 1452 2153 quadam
1473 2112 1661 2144 tolleranda
1685 2120 1772 2144 sunt.
1814 2113 1866 2145 De
1890 2114 1956 2144 1100
1979 2124 2102 2155 genere
2114 2124 2208 2156 prae·

1219 2156 1296 2196 cipit
1320 2156 1453 2194 Petrus,
1477 2157 1646 2198 inquiens:
1694 2157 1837 2188 Obeditc
1861 2157 2025 2196 Dominis,
2063 2168 2128 2188 non
2152 2168 2207 2188 so—

1217 2197 1284 2229 lum
1308 2200 1404 2230 bonis
1428 2206 1460 2230 et
1483 2201 1610 2241 aequis,
1634 2201 1694 2231 sed
1719 2202 1816 2231 etiam
1842 2202 1986 2232 morosis
2012 2207 2044 2232 et
2067 2201 2207 2232 duriori·

1217 2243 1290 2273 bus.
1337 2242 1480 2275 Dixiode
1504 2243 1643 2281 honore,
1680 2244 1735 2286 qui
1760 2245 1955 2275 tribuendus
1980 2250 2032 2275 e4t
2057 2245 2153 2275 bonis
2175 2249 2208 2275 et

1216 2286 1439 2317 mediocribus
1463 2288 1755 2328 gubernatoribus-
1802 2287 1869 2318 Sed
1895 2288 1971 2329 quid
1996 2288 2206 2319 sentiendum

1217 2335 1270 2360 est
1303 2330 1345 2360 de
1369 2330 1543 2372 tyrannis?
1591 2330 1810 2371 Respondeoz
1859 2330 1949 2361 Haec
1974 2332 2035 2362 tria
2059 2331 2205 2362 discerni

1216 2373 1350 2410 debent,
1370 2384 1437 2411 res,
1457 2383 1616 2414 persona,
1641 2380 1673 2405 et
1691 2374 1770 2405 vitia
1793 2384 1813 2404 a
1837 2372 1969 2404 diabolo
1990 2374 2035 2404 rei
2049 2374 2205 2405 admixta.

1215 2415 1284 2447 Res
1309 2422 1361 2447 est
1382 2415 1540 2458 politicus
1564 2418 1659 2455 ordo,
1682 2417 1737 2459 qui
1761 2423 1811 2448 est
1832 2426 1917 2457 opus
1941 2416 2018 2455 Dei,
2042 2423 2078 2448 ut
2101 2427 2205 2458 saepe

1215 2459 1338 2490 dictum
1371 2466 1433 2492 est.
1479 2459 1576 2491 Hunc
1609 2462 1742 2491 amabat
1772 2458 1914 2498 Paulus,
1948 2460 2076 2491 etiamsi
2099 2460 2206 2492 Nero-

1214 2512 1290 2534 nem
1313 2513 1404 2541 vere,
1429 2509 1461 2534 et
1485 2513 1526 2535 ex
1549 2505 1657 2535 animo
1678 2505 1793 2535 oderat
1807 2510 1840 2534 et
1852 2503 2084 2542 execrabatur,
2107 2514 2205 2546 quem

1214 2552 1313 2578 norat
1347 2545 1547 2578 horribiliter
1580 2547 1697 2589 agitari
1732 2557 1751 2578 a
1774 2545 1941 2585 Diabolo,
1975 2546 2205 2578 detestabatur

1215 2590 1315 2621 etiam
1337 2591 1385 2621 rei
1403 2591 1494 2629 vitia,
1517 2591 1551 2622 id
1574 2597 1638 2628 est,
1656 2589 1787 2632 aliquas
1809 2590 1951 2635 iniustas
1972 2588 2079 2633 leges,
2104 2596 2135 2622 et
2159 2591 2205 2622 in-

1967 2651 1999 2674 10
