2383 2990
157 153 221 184 547
793 152 907 184 PlilL.
931 152 1239 185 MEL.SCR1PTA
1261 153 1543 185 DOGMA'HCA.
2114 155 2179 188 548

155 248 298 279 motivae
331 246 491 288 reliquam
521 247 553 278 in
579 247 644 278 1130
668 247 851 289 depravata
877 254 1003 280 natura.
1050 246 1143 279 Haec

155 289 244 322 falsa
279 291 465 332 imaginatio
502 291 541 321 (10
571 297 709 321 externa
743 291 932 321 obedientia
968 291 1143 321 damnatur

156 333 221 365 hoc
245 335 391 365 decreto.
437 333 624 364 Anathema
648 334 709 371 sit,
744 334 799 375 qui
829 334 907 365 dicit
930 334 1054 376 Legem
1077 333 1142 365 Dei

154 376 372 418 impossibilia
384 378 587 417 praecipere,
611 376 737 408 scilicet
769 378 800 408 in
825 383 961 409 externa
987 377 1142 408 obedien-

156 421 211 459 tia,
231 431 291 451 ¹seu
314 421 346 451 in
366 426 505 451 externo
530 427 638 462 gestu.
675 419 861 462 Colligatur
883 431 1025 463 magnus
1049 431 1141 451 acer-

156 474 216 495 vus
241 464 437 504 optimarum
472 464 751 501 admonitionum,
785 474 871 505 quae
895 463 995 495 simul
1018 464 1059 495 de
1083 474 1142 495 no-

155 513 226 538 stra
248 506 436 537 infirmitate
460 505 658 547 loquuntur,
694 513 725 538 et
749 507 863 538 iubent
885 515 1000 548 petere
1023 518 1044 538 a
1065 506 1140 538 Deo

155 549 310 582 auxilium
335 557 365 580 et
390 549 575 582 consilium.
622 550 765 582 Hierem.
795 550 846 581 10.
878 551 957 582 Scio
987 549 1142 588 Domine,

154 604 220 625 non
245 593 451 624 esthominis
476 594 527 624 via
553 594 635 625 eius.
659 593 820 625 Proverb.
836 594 885 625 16.
910 593 977 625 Cor
1000 593 1141 625 hominis

155 637 282 677 cogitat
304 637 402 674 113111,
426 637 485 667 sed
499 635 662 668 Dominus
686 637 859 668 confirmat
882 647 1035 680 gressum
1059 637 1140 667 eius.

153 679 246 711 Talia
270 680 358 711 dicta
381 681 549 711 continent
574 687 603 711 et
634 681 819 712 doctrinam
842 681 1085 718 necessariam,
1109 685 1142 710 et

155 722 366 755 dulcissimas
387 722 650 755 consolationes.
697 723 831 755 Docent
854 723 944 755 aliud
976 733 1052 754 0550
1076 721 1141 753 010·

154 767 306 805 ctionem,
330 772 362 798 et
386 766 475 798 aliud
489 773 654 806 eventum,
677 774 712 798 ut
735 765 825 799 aliud
848 774 900 798 est
924 765 1041 798 electio
1063 764 1140 797 belli
1164 773 1168 810 ι

152 810 185 841 111
210 809 380 851 Pompeio,
403 808 493 841 aliud
517 817 673 848 eventus,
703 821 744 841 ac
766 811 976 842 manifestum
996 815 1063 846 est,
1097 809 1141 839 ad

154 860 307 885 eventum
338 854 460 895 requiri
483 853 603 886 multas
629 864 750 886 causas
778 861 871 885 extra
896 862 969 884 nos.
1015 852 1050 882 ln
1075 850 1140 883 ele-

155 897 265 928 ctione
284 897 381 928 etiam
406 907 508 939 saepe
527 903 579 929 est
602 908 696 929 error
710 896 851 928 consilii.
886 896 1052 927 Interdum
1067 906 1141 926 cum

154 951 221 971 non
234 946 321 971 errat
343 939 529 978 consilium,
552 946 584 972 ut
610 951 675 972 non
690 937 848 971 errabant
858 938 1028 970 Israelitae
1051 949 1142 969 arma

154 984 324 1024 capientes
350 992 466 1015 contra
489 984 672 1021 Beniamin,
696 994 803 1014 tamen
824 993 925 1024 saepe
948 983 1044 1013 iustis
1065 992 1142 1012 con-

153 1026 238 1058 siliis
263 1038 328 1058 non
352 1028 557 1068 respondent
576 1034 715 1058 eventus
740 1032 877 1068 propter
900 1024 982 1057 alias
1008 1034 1142 1063 causas,

153 1078 290 1111 propter
313 1081 395 1112 quas
409 1070 503 1101 Deus
527 1069 611 1101 alios
636 1072 741 1101 exitus
766 1069 889 1107 tribuit,
913 1080 1008 1111 quam
1025 1067 1141 1110 quales

154 1124 222 1145 non
255 1114 374 1145 iniuste
408 1114 596 1145 ratiocinati
616 1124 759 1144 eramus.
805 1113 897 1144 Haec
931 1112 1041 1143 omnia
1071 1110 1140 1142 vult

155 1167 217 1188 nos
242 1156 336 1188 Deus
360 1157 586 1188 considerare.
632 1156 777 1188 Primum
801 1167 843 1187 nc
867 1155 987 1187 fiducia
1011 1161 1143 1186 nostra-

155 1211 227 1232 rum
251 1200 368 1231 virium
392 1201 612 1241 suscipiamus
626 1200 746 1231 iniusta
769 1206 825 1231 aut
848 1210 915 1230 non
939 1199 1143 1236 necessaria,
1168 1224 1170 1241 3

155 1243 285 1275 Deinde
309 1250 343 1274 ut
367 1244 464 1275 etiam
488 1245 519 1275 in
544 1243 655 1275 causis
680 1244 776 1275 iustis
805 1249 837 1274 et
860 1243 1063 1274 necessariis
1087 1251 1142 1282 pe-

154 1292 262 1318 tamus
288 1285 461 1318 consilium
485 1294 517 1318 ct
539 1286 694 1318 auxilium
719 1297 739 1318 a
762 1286 855 1324 Deo,
886 1287 976 1317 iuxta
1005 1286 1142 1316 dictum:
1168 1313 1170 1315 ,

155 1329 360 1361 Commenda
382 1329 457 1362 Deo
481 1331 566 1362 viam
591 1336 697 1368 tuam,
721 1340 819 1372 spera
842 1331 874 1361 in
899 1340 991 1367 eum,
1014 1335 1046 1360 ct
1069 1329 1141 1369 ipse

154 1371 265 1404 faciet.
310 1374 382 1404 Nec
405 1380 583 1415 propterea
607 1375 775 1415 sequitur,
805 1372 932 1405 nullam
962 1382 1040 1403 0550
1065 1382 1142 1403 con-

156 1417 362 1457 tingentiam,
388 1418 496 1448 onmia
521 1417 591 1448 fieri
604 1417 717 1449 Stoica
730 1418 942 1454 necessitate,
967 1415 1142 1447 humanam

154 1459 358 1492 voluntatem
381 1460 507 1492 hahere
531 1470 569 1491 se
592 1466 628 1492 ut
651 1466 820 1498 truncum,
845 1466 896 1491 ut:
922 1470 997 1490 cum
1020 1457 1142 1499 loseph
1156 1458 1170 1477 *¹

1168 1517 1170 1540 ς
1195 1507 1259 1539 tos,
1283 1508 1316 1532 ut
1341 1508 1528 1533 mereantur
1551 1502 1780 1533 remissionem
1803 1509 2037 1543 peccatorum,
2061 1513 2122 1535 seu
2145 1511 2182 1536 ut

154 1502 239 1545 {ugit
261 1502 464 1542 adulterati),
493 1504 619 1545 regitur
643 1504 776 1544 quidem
803 1509 836 1534 et
859 1503 1044 1535 custoditur
1066 1501 1142 1532 luce

137 1556 301 1579 *accensa
324 1547 357 1577 in
381 1547 452 1577 eius
475 1553 585 1578 mente
608 1558 628 1578 a
650 1546 733 1577 Filio
753 1546 829 1584 Dei,
853 1553 884 1577 et
909 1556 968 1576 cor
991 1545 1143 1577 accendi-

157 1596 210 1622 tur
233 1601 252 1621 a
276 1590 399 1630 Spiritu
424 1597 558 1621 sancto:
589 1589 629 1620 Et
658 1596 768 1621 tamen
796 1588 952 1621 voluntas
976 1590 1047 1619 eins
1075 1598 1142 1619 11011
1168 1589 1170 1599 “

155 1640 207 1665 est
230 1633 350 1671 otiosa,
375 1634 524 1674 sequitur
546 1634 730 1665 trahentem
743 1633 900 1674 Spiritum
923 1638 1087 1670 sanctum,
1110 1637 1143 1662 et

155 1676 274 1708 volens
307 1677 387 1708 vitat
416 1675 595 1708 illecebras
630 1684 661 1708 et
690 1677 899 1717 perniciosas
930 1676 1141 1707 occasiones.
1168 1696 1171 1715 ¹,

155 1719 329 1751 israelitae
363 1721 482 1752 iustam
511 1726 543 1751 et
574 1720 800 1752 necessariam
842 1730 977 1751 causam
1019 1718 1170 1749 habent!

157 1762 234 1796 'nelli
260 1768 375 1794 contra
399 1763 590 1794 Beniamin:
614 1763 737 1795 Tamen
761 1769 902 1794 eventus
924 1763 1016 1793 initio
1029 1763 1142 1793 tristes
1168 1764 1170 1771 '

155 1814 245 1839 sunt.
280 1806 358 1838 Ideo
382 1807 457 1838 dicit
483 1805 654 1839 Salomon:
675 1807 740 1838 Cor
759 1805 900 1837 hominis
920 1807 1043 1848 cogitat
1057 1807 1142 1836 viam
1169 1807 1170 1810 ’

156 1860 262 1889 suam,
286 1850 347 1880 sed
358 1849 453 1881 Deus
477 1850 652 1881 confirmat
675 1860 828 1892 gressus,
850 1856 886 1881 ut
905 1849 947 1879 1111
970 1848 1143 1880 israelitae

157 1894 344 1932 vincuntur,
368 1894 445 1935 quia
468 1899 607 1925 eventus
630 1904 697 1925 non
720 1893 850 1925 iux-atur
873 1892 990 1924 aDeo.
1037 1892 1144 1923 losias

157 1938 254 1969 etiam
288 1937 320 1968 in
362 1936 506 1968 consilio
541 1943 648 1976 errat,
689 1935 815 1978 fuitque
849 1942 1020 1978 spectator
1053 1934 1141 1966 illius

157 1990 298 2022 magnae
322 1979 531 2012 calamitatis.
577 1980 733 2011 Ieremias
757 1980 877 2021 inquit:
902 1979 1143 2017 801011001100,

157 2024 233 2065 quia
256 2033 323 2055 non
347 2030 397 2055 est
421 2023 562 2055 hominis
588 2024 639 2055 113
664 2025 746 2061 01115,
770 2024 802 2054 id
826 2029 888 2061 est,
913 2023 1057 2060 vocatio,
1082 2022 1143 2053 sed

160 2067 205 2098 ita
228 2073 279 2098 est
303 2065 418 2103 foelix,
454 2078 528 2099 cum
553 2074 584 2099 et
609 2065 746 2098 consilia
771 2065 931 2098 salutaria
943 2065 1038 2097 Deus
1052 2076 1142 2096 mon-

158 2116 260 2148 strat,
292 2115 325 2141 et
353 2111 489 2150 praebet
512 2112 585 2151 ipse
608 2111 777 2142 secundos
802 2115 959 2146 eventus,
983 2109 1072 2140 iuxta
1096 2109 1142 2139 di-

159 2159 226 2185 cta:
250 2153 320 2184 Nisi
342 2152 508 2186 Dominus
529 2154 720 2185 custodierit
744 2154 924 2191 civitatem,
948 2151 1073 2184 trustra
1096 2153 1142 2183 vi-

159 2196 251 2239 gilat,
275 2197 329 2239 qui
352 2198 495 2228 custodit
520 2208 602 2229 eam.
637 2197 729 2238 Item,
751 2196 916 2228 Dominus
941 2197 996 2228 dat
1013 2196 1143 2236 sapien·

158 2240 237 2272 tiam
260 2241 476 2281 sapientibus.

405 2450 479 2491 DE
510 2449 654 2492 LEGE
686 2449 903 2491 DIVINA.

246 2584 398 2617 Necesse
410 2591 462 2616 est
472 2586 626 2616 usitatam
638 2585 849 2627 partitionem
861 2585 1021 2616 retinere:
1045 2584 1146 2615 Prae-

161 2629 257 2671 cipua
279 2639 358 2669 pars
383 2628 484 2671 Legis
509 2630 696 2660 nominatur
718 2627 869 2668 Mox-alis,
892 2638 978 2670 quae
1002 2634 1055 2659 est
1077 2626 1146 2659 De·

1195 247 1335 290 calogus
1359 254 1450 279 recte
1473 248 1681 287 intellectus,
1714 249 1748 280 id
1772 256 1841 287 est,
1865 248 2080 282 conformitas
2105 261 2179 283 cum

1194 291 1356 333 sapientia
1390 297 1423 322 et
1451 292 1566 323 ordine
1595 293 1627 323 in
1657 298 1766 324 mente
1798 293 1918 324 divina.
1970 293 2065 325 Aliae
2095 294 2178 326 duae

1194 341 1306 375 partes
1330 341 1406 366 sunt
1430 333 1597 375 politicae,
1622 334 1776 367 w‘delicet
1800 335 2038 368 Ceremonialis
2062 344 2094 368 et
2116 338 2178 369 Fo-

1194 378 1303 409 rensis
1328 388 1388 409 seu
1411 377 1585 417 iudicialis,
1611 379 1689 409 utin
1711 377 1829 410 Politia
1852 379 1962 418 Moisi,
1987 387 2099 412 certae
2118 380 2179 412 Ce-

1194 421 1363 452 remoniae
1387 427 1418 452 et
1442 421 1572 463 Leges,
1596 423 1637 453 de
1661 422 1871 453 distinctione
1892 422 2105 462 facultatum,
2138 425 2180 455 de

1195 463 1335 502 delictis,
1359 465 1499 502 iudiciis,
1523 471 1555 497 et
1580 465 1697 506 poenis
1722 475 1900 507 colporum
1929 466 2083 498 divinitus
2113 473 2179 499 tra·

1194 508 1281 539 ditae
1304 514 1391 538 sunt.

1280 593 1438 625 Tenenda
1450 600 1501 625 est
1519 600 1629 625 autem
1641 593 1776 636 regula:
1802 593 1895 626 Sicut
1908 593 2022 637 politia
2046 595 2180 629 Iudaica

1195 635 1303 668 deleta
1327 644 1393 676 est,
1428 637 1470 668 ita
1494 643 1527 668 et
1556 637 1770 669 Ceremonias
1801 645 1833 669 et
1864 638 2032 670 Forenses
2055 639 2180 681 Leges,

1194 690 1280 721 quae
1304 690 1370 710 uon
1394 687 1469 711 sunt
1493 680 1683 719 naturales,
1707 680 1835 712 deletas
1859 691 1955 720 esse,
1977 693 2040 714 nec
2064 682 2180 726 alliga-

1193 730 1259 754 tam
1284 733 1360 754 esse
1383 722 1569 755 Beda-jam
1593 725 1635 755 ad
1659 724 1872 756 Ceremonias
1897 724 2082 764 Leviticas,
2115 737 2181 758 nec

1193 767 1235 797 ad
1275 766 1387 808 Leges
1434 766 1614 806 Forenses,
1660 779 1745 809 quae
1787 778 1853 799 non
1893 775 1970 800 sunt
1999 769 2179 801 naturales.

1193 809 1286 840 Haec
1310 810 1460 841 doctrina
1485 821 1646 852 expresse
1669 812 1789 842 tradita
1815 817 1864 842 est
1894 812 1927 842 in
1951 812 2047 844 Actis
2072 814 2179 854 capite

1196 853 1245 883 15.
1266 859 1298 884 et
1321 853 1353 883 in
1376 852 1528 894 Epistola
1551 855 1593 885 ad
1618 853 1757 886 Galatas
1778 861 1808 886 et
1832 853 1920 886 alibi.

1281 938 1342 970 Hic
1376 946 1486 971 autem
1517 941 1796 972 considerandum
1821 948 1888 978 est,
1925 948 1956 972 et

1986 952 2088 983 quare
2122 941 2181 974 illa

1194 981 1307 1023 politia
1333 984 1511 1014 constituta
1533 985 1604 1021 sit,
1628 991 1659 1015 et

1688 995 1792 1025 quare
1816 984 2031 1016 Ceremoniae
2062 992 2093 1016 et
2118 986 2180 1017 Fo-

1194 1035 1311 1056 renses
1334 1025 1444 1068 Leges
1469 1027 1611 1058 traditae
1642 1028 1718 1058 sint.
1764 1026 1930 1059 Iohannes
1960 1028 2181 1060 eruditissime

1168 1094 1170 1108 :
1195 1068 1370 1100 discernit:
1395 1069 1467 1100 Lex
1491 1080 1551 1110 per
1573 1070 1705 1101 Moisen
1729 1070 1804 1101 data
1827 1077 1890 1109 est,
1914 1072 2021 1113 gratia
2045 1078 2075 1103 et
2095 1073 2180 1103 5011-

1168 1115 1170 1141 ῑ
1194 1118 1246 1142 tas
1270 1122 1331 1153 per
1354 1112 1462 1144 Iesum
1486 1112 1655 1145 Christum
1682 1112 1771 1145 facta
1795 1120 1863 1152 est,
1892 1115 1923 1145 id
1948 1121 2010 1153 est,
2035 1115 2179 1147 Messias

1195 1156 1318 1186 missus
1343 1162 1409 1193 est,
1443 1162 1477 1187 ut
1507 1155 1614 1187 deleto
1645 1163 1786 1198 peccato
1816 1164 1848 1188 et
1871 1156 1979 1189 deleta
2002 1165 2108 1190 morte
2131 1169 2181 1190 re-

1196 1199 1372 1230 stituantur
1394 1200 1427 1230 in
1450 1200 1549 1230 nobis
1572 1207 1707 1231 aeterna
1727 1201 1825 1238 bona,
1849 1201 1972 1232 iustitia
1995 1207 2027 1232 et
2040 1202 2107 1233 vita
2127 1212 2181 1233 ae-

1196 1247 1300 1280 terna,
1331 1243 1417 1274 sicut
1442 1249 1472 1274 et
1494 1242 1618 1274 Daniel
1642 1244 1759 1285 inquit:
1790 1244 1971 1276 Peccatum
1995 1246 2183 1286 expiabitur

1196 1292 1226 1316 et
1253 1284 1428 1324 delebitur,
1453 1293 1485 1317 et
1508 1287 1693 1318 adducetur
1716 1294 1851 1318 aeterna
1874 1288 2006 1319 iustitia.

1283 1370 1423 1403 Constat
1457 1378 1568 1403 autem
1592 1372 1807 1404 Ceremonias
1841 1379 1872 1404 et
1900 1374 1983 1404 ritus
2014 1373 2180 1406 Forenses

1196 1424 1261 1445 non
1286 1425 1362 1446 esse
1385 1426 1440 1446 res
1465 1423 1635 1454 aeternas.
1660 1415 1736 1447 ideo
1760 1415 1948 1447 firmissime
1971 1418 2183 1449 statuendum

1196 1464 1258 1496 est,
1278 1457 1494 1490 Ceremonias
1519 1464 1549 1490 et
1575 1460 1657 1490 ritus
1670 1458 1838 1496 Forenses
1862 1470 1929 1490 non
1954 1470 2030 1491 0550
2053 1460 2182 1492 institu-

1195 1551 1309 1575 essent
1341 1545 1481 1583 iustitia,
1517 1556 1582 1587 qua
1623 1545 1775 1576 homines
1810 1556 1923 1577 coram
1957 1545 2030 1578 Deo
2068 1553 2183 1578 essent

1196 1588 1284 1626 iusti,
1308 1599 1367 1619 seu
1391 1596 1423 1619 ut
1450 1595 1564 1619 essent
1588 1587 1669 1620 illud
1691 1590 1824 1627 bonum,
1848 1594 1986 1630 propter
1998 1591 2180 1631 quodven-

1195 1638 1290 1662 turus
1316 1637 1384 1662 erat
1408 1631 1563 1663 Messias.
1611 1632 1724 1667 Quare
1755 1638 1788 1662 et
1815 1633 1849 1663 in
1873 1631 2025 1672 Epistola
2052 1633 2094 1664 ad
2118 1633 2182 1665 He-

1196 1675 1317 1705 braeos
1343 1675 1478 1706 dicitur:
1509 1675 1718 1716 Impossibile
1741 1673 1799 1706 suit
1824 1676 1988 1717 sanguine
2011 1681 2182 1709 taurorum

1196 1716 1298 1748 deleri
1321 1727 1471 1759 peccata.

1283 1804 1369 1839 Quid
1391 1805 1492 1847 igitur
1514 1804 1647 1837 suerunt
1671 1803 1888 1836 Cercmoniae
1911 1812 1943 1836 et
1963 1806 2044 1837 ritus
2058 1805 2180 1838 Foren-

1196 1847 1274 1879 scs?
1330 1847 1542 1889 Respondeo.
1598 1849 1746 1880 Fuerunt
1780 1847 1868 1880 illius
1901 1847 2035 1890 politiae
2075 1847 2182 1882 forma

1197 1902 1254 1922 seu
1279 1890 1457 1923 vinculum.
1503 1891 1618 1923 Voluit
1643 1892 1727 1923 enim
1750 1891 1845 1923 Deus
1875 1890 2037 1934 singulari
2057 1893 2182 1926 benefi-

1198 1936 1249 1966 cio
1274 1941 1398 1966 certam
1422 1934 1569 1976 politiam
1594 1936 1813 1974 constituere,
1843 1941 1874 1966 et
1896 1946 1914 1966 a
1935 1936 2078 1967 caeteris
2103 1946 2181 1978 gen-

1197 1979 1284 2010 tibus
1301 1970 1480 2018 separare,
1515 1985 1549 2009 ut
1573 1986 1701 2011 certum
1725 1985 1831 2017 esset,
1862 1989 1902 2009 ex
1926 1989 1991 2020 qua
2021 1986 2121 2020 geute
2148 1986 2181 2011 ct

1197 2022 1311 2063 stirpe,
1336 2021 1367 2052 in
1393 2032 1457 2063 quo
1481 2020 1557 2052 loco
1580 2028 1691 2053 terrae
1714 2020 1816 2052 vellet
1840 2022 1932 2052 nasci
1958 2020 2126 2060 Christus,
2149 2029 2182 2054 et

1196 2066 1252 2097 ubi
1275 2065 1459 2096 audiendus
1483 2071 1588 2103 esset,
1607 2065 1662 2095 ubi
1686 2065 1874 2096 testimonia
1898 2065 1938 2096 de
1960 2064 2036 2106 ipso
2055 2065 2181 2097 exhibi-

1197 2116 1290 2140 turus
1309 2115 1411 2147 esset,
1443 2108 1498 2139 ubi
1529 2108 1670 2139 subinde
1704 2108 1902 2149 repetiturus
1938 2115 1969 2139 et
1999 2107 2181 2141 illustratu-

1196 2161 1253 2182 rus
1283 2158 1375 2183 esset
1404 2152 1676 2193 promissionem,
1704 2158 1735 2182 et
1761 2152 1947 2183 testimonia
1971 2158 2182 2192 ostensurus,

1196 2202 1230 2226 ut
1272 2196 1414 2227 sciretur
1457 2195 1712 2235 promissionem
1749 2205 1826 2226 vere
1861 2195 2013 2226 traditam
2048 2205 2127 2227 esse
2160 2206 2180 2227 a

1194 2238 1280 2270 Dec.

1284 2324 1451 2356 praedixit
1485 2325 1582 2356 etiam
1612 2324 1759 2356 exhibito
1793 2323 1940 2362 Messia,
1974 2331 2005 2356 ct
2035 2326 2180 2356 ostensis

1197 2369 1395 2400 testimoniis
1418 2367 1676 2400 resuscitatione
1699 2374 1903 2399 mortuorum
1933 2373 1965 2398 et
1988 2366 2061 2399 aliis
2085 2368 2181 2400 mira—

1198 2410 1293 2452 culis,
1317 2411 1416 2442 finem
1435 2410 1508 2442 sore
1531 2409 1665 2452 politiae
1688 2410 1879 2449 Mosaicae,
1904 2417 1934 2441 et
1957 2409 2118 2449 futurum,
2146 2417 2182 2443 ut

1197 2454 1415 2497 Evangelium
1439 2455 1524 2485 inter
1543 2460 1662 2497 gentes
1686 2461 1919 2496 spargeretur,
1951 2460 1982 2485 et
2005 2452 2180 2496 colligere-

1198 2504 1250 2529 tur
1273 2505 1411 2530 aeterna
1433 2497 1588 2529 Ecclesia
1612 2509 1653 2529 ex
1675 2497 1806 2529 ludaeis
1830 2504 1861 2528 et
1886 2498 2048 2540 gentibus
2089 2497 2181 2529 Haec

1197 2542 1276 2572 ideo.
1296 2541 1466 2583 praedicta
1489 2547 1578 2580 sunt,
1601 2547 1637 2573 ut
1649 2542 1802 2580 sciretur,
1826 2541 2079 2582 promissionem
2091 2539 2179 2572 Mes-

1198 2585 1269 2616 siae
1292 2583 1540 2627 intelligendam
1565 2595 1643 2616 esse
1672 2584 1714 2617 de
1735 2585 1881 2616 aeternis
1911 2584 2026 2621 bonis,
2050 2588 2081 2614 et
2113 2594 2180 2615 non

1198 2634 1324 2660 tantum
1353 2629 1395 2659 de
1429 2626 1484 2660 illa
1518 2626 1650 2669 politia,
1684 2635 1715 2660 et
1746 2637 1846 2660 veros
1872 2626 1980 2659 cultus
2004 2626 2066 2657 Dei
2101 2637 2180 2659 esse
