2383 2990
204 132 265 163 ⁴257

204 227 404 269 agnitionem
423 225 495 258 Filii
515 232 655 258 vocatos
680 236 768 265 esse,
794 232 826 257 et
848 226 1009 265 adiuvari,
1030 237 1104 258 eum
1128 226 1194 259 fide

204 271 362 313 erigimur
385 277 416 302 et
438 271 643 302 invocamus.

291 357 384 388 Haec
418 357 459 388 de
500 357 599 398 signo
634 361 742 387 sumto
779 356 820 387 ab
855 356 1070 387 inchoatione
1105 357 1193 388 dicta

204 401 279 431 sint.
326 400 450 431 Postea
482 400 589 431 Adam
620 406 651 430 et
672 398 803 430 finalem
828 410 966 430 causam
989 400 1190 438 intuebatur,

204 454 263 475 cur
293 444 463 474 conditum
495 448 586 474 esset
615 453 723 485 genus
760 442 958 481 humanum,
993 454 1053 474 eur
1082 443 1200 485 imago‘

202 486 265 518 Dei
290 487 388 518 insita
411 486 546 524 homini,
571 497 629 517 cur
653 485 742 517 facta
766 492 858 517 esset
880 485 1121 525 reconciliatio,
1146 487 1192 518 vi-

203 529 323 561 delicet
346 536 380 561 ut
406 529 563 561 Ecclesia
593 529 669 561 Deo
700 529 890 571 colligatur,
914 531 1122 562 celebratura
1145 531 1192 572 ip-

203 583 275 605 sum
298 575 331 604 in
351 580 487 605 aeterna
501 574 753 611 consuetudine,
778 580 810 604 81
828 572 963 612 18811118,
988 580 1020 605 81
1044 575 1095 605 8111
1119 574 1191 615 ipse

202 627 296 648 suam
320 615 446 655 lucem,
476 618 671 658 sapientiam
695 623 727 649 et
750 618 907 649 iustitiam
937 618 969 648 in
993 623 1062 648 tota
1085 624 1192 648 aeter-

201 661 305 692 nitate
329 661 557 693 communicet.

288 746 382 778 Haec
407 758 481 779 cum
504 748 547 778 sit
569 746 725 779 voluntas
744 746 821 786 Dei,
846 752 937 778 certe
960 757 1093 788 semper
1116 757 1194 778 eoe-

204 796 270 822 tum
295 790 439 832 aliquem
469 792 635 829 servabit,
668 791 723 832 qui
753 791 795 821 sit
824 802 904 832 pars
923 789 1012 822 illius
1037 796 1193 821 aeternae

201 832 396 874 Ecclesiae,
428 845 470 866 ne
501 840 570 866 tota
598 845 712 866 massa
743 835 878 877 generis
900 833 1032 866 humani
1057 834 1193 865 damna-

203 884 236 909 ta
258 879 312 909 sit.

288 964 362 997 Hoc
385 963 457 996 vult
484 963 628 1002 Paulus,
659 975 732 996 cum
757 964 875 1006 inquit,
906 970 941 995 ut
969 963 1081 1005 aliqua
1112 963 1193 995 {iant

201 1007 275 1040 Deo
301 1015 407 1051 grata,
438 1009 533 1050 quasi
568 1009 667 1046 dicat,
703 1008 785 1039 Cum
822 1009 852 1038 in
888 1018 1012 1049 genere
1046 1007 1192 1038 humano

202 1062 318 1084 01111185
348 1051 395 1083 1111
424 1052 583 1093 quisunt
614 1058 706 1083 extra
730 1049 931 1089 Ecclesiam,
968 1050 1090 1082 faciam
1115 1050 1190 1081 Deo

201 1095 349 1137 ingrata,
380 1095 529 1135 excerpit
553 1101 661 1126 tamen
684 1094 779 1126 Deus
808 1093 951 1136 aliquam
974 1100 1119 1136 partem,
1144 1095 1192 1125 vi-

203 1138 323 1170 delicet
353 1149 433 1169 vera
463 1137 638 1170 Ecclesiae
667 1139 825 1169 membra.
878 1138 970 1169 llaec
998 1148 1076 1169 vere
1105 1136 1192 1168 cele-

201 1183 299 1214 brant
323 1182 441 1219 Deum,
467 1183 659 1213 custodiunt
683 1182 866 1213 doctrinam
885 1181 1074 1224 Evangelii,
1098 1182 1191 1213 invo-

202 1232 278 1257 cant
313 1236 387 1257 eum
423 1226 507 1263 tide,
541 1231 644 1268 agunt.
675 1227 819 1267 gratiaS,
849 1226 1008 1257 obediunt
1032 1225 1077 1260 81,
1103 1231 1134 1257 81
1158 1226 1190 1256 111

200 1276 272 1301 tota
294 1270 493 1301 aeternitate
517 1279 591 1300 eum
616 1267 843 1300 celebrabunt.

288 1356 380 1388 Haec
412 1362 464 1387 est
491 1356 543 1387 vis
574 1357 751 1387 verborum
776 1354 888 1394 Pauli,
915 1367 990 1387 011111
1015 1356 1091 1387 (11011
1116 1355 1192 1396 ὑπὲρ

201 1402 251 1439 τῆς
276 1400 432 1439 εὐδοκίας,
462 1399 670 1439 significatur
702 1410 805 1430 causa
830 1398 956 1438 11118115,
986 1410 1054 1430 11011
1078 1405 1113 1430 111
1136 1398 1192 1430 alii

200 1449 419 1518 {enarr-arunt,
455 1441 625 1481 efficiens,
660 1443 692 1474 id
727 1449 796 1481 est,
830 1442 927 1479 iacit,
971 1443 1048 1484 quia
1087 1443 1117 1474 ei
1147 1443 1191 1474 ita

214 1489 291 1519 ibet.

288 1573 339 1605 Ex
370 1573 434 1605 bac
470 1573 698 1610 enarratione,
728 1582 825 1614 quam
850 1573 1019 1610 recensui,
1047 1582 1114 1603 non
1139 1582 1191 1603 58-

202 1619 312 1660 quitur
336 1616 541 1648 voluntatem
566 1617 707 1647 otiosam
731 1626 818 1653 esse,
831 1616 890 1646 sed
916 1616 1102 1647 consolatio
1126 1621 1191 1646 tra-

202 1662 270 1692 dita
304 1667 375 1699 est,
411 1671 496 1702 quae
530 1659 681 1691 adfirmat
716 1670 778 1690 nos
812 1660 960 1691 adiuvari
996 1670 1014 1690 a
1052 1658 1123 1690 Deo
1158 1660 1192 1690 in

201 1705 364 1747 principio
389 1704 633 1741 conversionis,
658 1709 693 1734 et.
714 1704 872 1744 deinceps
901 1704 931 1734 in
957 1703 1113 1734 omnibus
1136 1713 1191 1733 118-

203 1749 301 1790 gotiis
326 1754 358 1779 01
381 1746 539 1790 periculis
563 1747 761 1785 vocationis,
786 1745 1010 1778 confessionis
1035 1752 1067 1777 et
1089 1746 1192 1777 totius

201 1793 428 1829 obedientiae,
453 1792 539 1822 sieut
569 1789 646 1821 alibi
670 1791 764 1821 dicit:
798 1790 861 1826 Qui
887 1797 998 1822 manet
1016 1791 1050 1821 in
1073 1800 1137 1829 1118,
1161 1796 1193 1821 81

204 1846 267 1878 ego
291 1836 323 1867 in
350 1846 403 1873 80,
422 1833 567 1866 fructum
592 1835 764 1876 copiosum
788 1833 884 1866 seret.

436 2020 501 2060 De
534 2020 643 2060 dicto
675 2019 954 2060 Ecclesiastici.

291 2137 449 2169 Tenenda.
476 2145 528 2169 est
559 2145 591 2170 et
620 2137 759 2180 simplex
790 2138 958 2169 enarratio
982 2138 1077 2176 dicti,
1102 2139 1191 2179 quod

203 2192 246 2214 ex
273 2181 516 2214 Ecclesiastico
548 2183 675 2213 citatur.
733 2182 828 2214 Deus
864 2181 997 2224 reliquit
1025 2181 1193 2213 hominem

204 2226 237 2257 in
260 2237 360 2257 manu
383 2224 514 2257 consilii
538 2227 598 2257 sui.

291 2312 385 2344 Haec
414 2313 581 2344 sententia
610 2312 638 2343 si
662 2313 735 2343 sine
759 2313 987 2344 moderatione
1011 2311 1122 2354 aliqua
1147 2313 1193 2343 in-

204 2354 384 2398 telligatur,
408 2356 623 2398 praeeonium
652 2362 704 2388 est
726 2355 892 2387 libertatis
915 2356 1014 2388 valde
1037 2354 1192 2397 amplum.

204 2399 355 2432 Necesse
384 2407 436 2432 est
469 2407 579 2431 autem
610 2399 706 2431 fateri
738 2411 826 2431 nunc
852 2401 884 2431 in
914 2399 978 2431 hae
1008 2399 1194 2431 infirmitate

205 2448 345 2474 naturae
368 2455 490 2486 magna
513 2443 920 2485 libertatisimpedimenta
945 2454 1034 2482 esse,
1053 2454 1194 2485 quorum

206 2486 343 2527 primum
367 2494 415 2517 est
441 2488 514 2528 ipsa
536 2489 696 2528 pravitas,
721 2498 806 2529 quae
830 2488 1004 2518 nobiscum
1033 2488 1193 2525 nascitur,

208 2540 293 2571 quae
317 2536 368 2561 est
392 2533 498 2572 caligo
523 2532 565 2562 de
591 2530 683 2569 Deo,
708 2533 850 2573 gignens
875 2532 1098 2563 dubitationes
1122 2529 1194 2572 plu-

206 2573 330 2611 rimas,
365 2580 398 2604 et
432 2575 613 2615 impediens
638 2574 735 2606 fidem
760 2581 793 2606 et
815 2575 981 2613 timorem,
1018 2585 1059 2606 88
1092 2575 1194 2606 mani·

207 2614 330 2648 festum
359 2623 411 2649 est
446 2619 549 2650 corda
578 2617 676 2659 plena
704 2629 782 2650 esse
806 2619 936 2651 vitiosis
965 2619 1126 2657 motibus,
1161 2623 1195 2650 et

831 130 943 163 l'HlL.
968 130 1071 162 MEL.
1098 130 1286 164 SCRIPTA
1309 131 1590 165 DOGMATICA.

2172 134 2236 167 288

1246 237 1313 259 non
1343 237 1445 269 posse
1472 237 1597 268 pravas
1625 225 1857 258 inclinationes
1894 227 2082 270 expellere,
2111 234 2142 261 et
2172 229 2236 262 sibi

1246 281 1379 302 sumere
1402 271 1574 302 ardentem
1593 269 1804 302 dilectionem
1827 270 1899 305 Dei.

1333 356 1524 388 Secundum
1548 357 1815 398 impedimentum
1839 362 1890 389 est
1901 357 2076 394 Diabohm,
2101 360 2155 401 qui
2179 371 2235 391 va-

1245 401 1303 431 riis
1326 401 1434 432 modis
1459 401 1660 432 occat-iones
1685 400 1781 434 offert
1804 401 2010 440 hominibus,
2046 408 2079 433 81
2100 402 2235 444 impellit

1246 454 1324 482 eos,
1352 450 1388 475 ut
1412 445 1641 486 obtemperent
1660 443 1755 475 malis
1780 441 2032 486 cupiditatibus,
2055 451 2091 476 ut
2113 446 2145 477 in
2171 446 2234 478 Ca-

1245 488 1289 526 in,
1315 486 1407 526 Saul,
1432 487 1511 518 luda
1534 493 1691 530 apparet,
1723 488 1799 529 quia
1823 499 1897 519 cum
1921 489 1996 520 odio
2015 488 2085 522 Dei
2108 490 2236 528 ardeat,

1245 529 1316 562 vult
1340 542 1359 562 a
1384 530 1532 574 plurimis
1566 542 1639 563 cum
1669 530 1868 562 contumelia
1892 531 2010 570 adfici,
2034 539 2066 563 81
2090 531 2235 564 (1818818-

1245 580 1298 605 tur
1329 575 1556 606 destructione
1591 585 1728 615 operum
1756 574 1821 605 Dei
1851 575 1884 606 in
1921 586 2044 617 genere
2077 576 2234 608 humano.

1244 617 1297 648 De
1320 617 1386 648 1100
1409 617 1577 650 horrendo
1610 619 1686 649 odio
1712 624 1745 649 et
1768 617 1882 649 surore
1905 619 1938 649 in
1962 617 2109 650 Diabolo
2134 629 2236 661 saepe

1246 661 1459 702 cogitandum
1484 667 1547 700 est,
1571 669 1603 693 et
1632 662 1865 693 ardentissima
1888 663 2101 694 invocatione
2123 669 2235 705 peten-

1246 705 1340 742 dum,
1370 711 1405 736 ut
1435 703 1521 735 filius
1554 705 1617 736 Dei
1648 704 1735 737 hunc
1767 712 1833 736 tam
1862 715 1998 737 saevum
2028 705 2161 737 hostem
2182 717 2235 737 re-

1245 749 1380 789 primat,
1410 748 1502 779 cuius
1532 748 1671 779 insidias
1701 759 1822 780 cavere
1853 748 1928 780 sola
1956 749 2124 781 hominum
2163 748 2234 781 dili-

1246 792 1358 833 gentia
1381 792 1453 822 sine
1476 791 1601 823 auxilio
1625 791 1689 824 Dei
1713 798 1803 824 certe
1826 803 1892 824 non
1916 798 2039 834 potest.

1334 878 1532 909 Invocamus
1571 886 1685 910 autem
1720 885 1751 910 te
1786 878 1846 910 Fili
1880 878 1945 910 Dei
1980 879 2055 911 18511
2090 879 2233 918 Christe,

1246 922 1300 963 qui
1324 922 1523 962 apparuisti,
1557 928 1593 953 ut
1618 923 1772 954 destruas
1798 933 1899 964 opera
1923 922 2074 961 Diaboli,
2100 929 2132 954 et
2159 933 2235 954 con·

1247 964 1360 996 8111885
1386 971 1484 1007 caput
1504 966 1690 1006 serpentis,
1721 976 1761 996 ac
1786 976 1937 1003 01811105,
1961 973 1994 998 111
2015 973 2048 998 111
2072 966 2234 1008 reprimas

1245 1019 1285 1039 ae
1315 1007 1464 1050 depellas
1500 1007 1715 1049 blasphemos
1744 1015 1777 1040 et
1806 1009 2059 1041 crudelissimos
2084 1011 2234 1050 spiritus,

1245 1052 1400 1083 ardentes
1424 1051 1715 1084 vehementissimo
1741 1053 1816 1084 odio
1840 1052 1916 1091 Dei,
1940 1059 1971 1085 et
1994 1054 2118 1095 ingenti
2141 1053 2236 1084 rabie

1245 1101 1442 1136 grassantes
1466 1096 1499 1126 in
1524 1094 1632 1137 'genus
1655 1096 1851 1135 humanum,
1881 1104 1914 1129 et
1943 1108 2062 1128 serves·
2085 1096 2235 1128 infirmas

1247 1138 1417 1170 Ecclesias
1459 1145 1492 1169 et
1532 1137 1673 1170 familias
1713 1146 1867 1178 nostras,
1915 1147 2077 1172 sonantes
2117 1150 2236 1171 vocem

1244 1181 1420 1225 Evangelii
1449 1182 1514 1219 tui,
1545 1188 1577 1213 et
1607 1183 1650 1214 ad
1679 1188 1712 1213 te
1745 1182 1995 1225 confugientes,
2026 1194 2047 1215 a
2068 1190 2103 1216 te
2122 1182 2234 1215 defen-

1245 1226 1385 1264 sionem,
1408 1224 1565 1258 auxilium
1591 1231 1621 1257 et
1646 1225 1787 1257 salutem
1807 1234 1971 1267 petentes,

1331 1312 1476 1343 Tertium
1506 1313 1775 1354 impedimentum
1804 1319 1872 1351 est,
1901 1314 1933 1344 in
1957 1312 2021 1344 hac
2044 1314 2132 1344 vitae
2155 1324 2234 1345 con-

1244 1354 1394 1394 fusione,
1425 1355 1531 1387 moles
1555 1357 1627 1397 ipsa
1652 1357 1861 1398 negotiorum
1886 1363 1920 1388 et
1943 1355 2178 1398 periculorum.
2202 1357 2234 1388 111

1245 1401 1366 1442 quibus
1402 1400 1547 1441 quotidie
1581 1398 1682 1430 multa
1718 1400 1899 1440 improvisa
1933 1406 1965 1430 et
1992 1399 2235 1432 inextricabilia

1245 1449 1380 1485 praeter
1404 1443 1591 1483 opinionem
1615 1442 1804 1474 hominibus
1829 1442 2030 1480 offeruntur,
2060 1449 2096 1474 ut
2123 1442 2237 1474 David.

1245 1497 1313 1523 non
1352 1486 1514 1527 praevidit
1553 1487 1747 1517 seditionem
1781 1485 1856 1524 filii,
1899 1492 1932 1517 et
1971 1485 2075 1528 vulgo
2106 1487 2240 1524 dicitur,

1244 1530 1365 1561 Nescis
1397 1530 1475 1571 quid
1507 1540 1630 1571 vesper
1661 1540 1758 1561 serus
1789 1530 1900 1561 vehat.
1959 1529 2039 1561 Item
2067 1528 2100 1560 τό
2128 1531 2236 1570 μέλλον

1245 1572 1292 1604 ἀεὶ
1315 1572 1427 1614 τυφλόν
1450 1573 1543 1614 ἕρπει.

1332 1659 1415 1691 Cum
1438 1660 1538 1701 igitur
1561 1669 1649 1690 nunc
1679 1659 1711 1690 in
1734 1658 1798 1691 hac
1823 1659 2060 1701 depravatione
2083 1665 2235 1698 naturae,

1244 1701 1460 1745 langues-‘icta
1502 1704 1543 1734 sit
1585 1702 1742 1740 libertas,
1787 1713 1843 1734 res
1884 1704 1957 1744 11158
1998 1703 2144 1733 ostendit
2184 1714 2235 1734 re-

1245 1747 1449 1778 strictionem
1484 1745 1628 1788 aliquam
1664 1747 1849 1778 addendam
1884 1756 1961 1777 esse
1997 1747 2085 1778 dicto
2116 1745 2235 1778 Eccle-

1245 1791 1382 1822 siastici.

1332 1876 1535 1918 Respondeo
1566 1877 1682 1919 igitur:
1718 1876 1844 1908 Verum
1875 1883 1928 1908 est
1960 1877 2050 1908 initio
2081 1875 2234 1908 volunta-

1245 1928 1310 1952 tem
1334 1928 1411 1952 ante
1439 1920 1568 1962 lapsum
1592 1921 1770 1961 primorum
1801 1926 1973 1960 parentum
1998 1918 2104 1951 fuisse
2127 1920 2236 1961 magis

1245 1964 1399 2002 liberam,
1427 1970 1458 1995 et
1488 1963 1543 1995 illa
1575 1963 1746 1995 excellens
1775 1962 1912 1994 libertas
1940 1963 2061 1994 donum
2092 1969 2125 1994 et
2150 1973 2234 2004 opus

1246 2008 1326 2046 Dei,
1351 2014 1383 2038 et
1406 2018 1484 2048 pars
1508 2007 1659 2049 imaginis
1684 2007 1747 2037 Dei
1770 2005 1841 2043 fuit,
1871 2007 2031 2038 attributa
2054 2006 2178 2038 homini
2201 2007 2234 2037 in

1247 2052 1447 2089 conditione,
1472 2057 1507 2082 ut
1529 2061 1631 2092 supra
1656 2050 1776 2081 (lictum
1800 2055 1861 2081 est.

1334 2138 1457 2170 Postea
1485 2147 1584 2174 vero,
1615 2138 1676 2168 etsi
1705 2135 1920 2179 langucsacta
1949 2145 1999 2167 est
2023 2135 2177 2175 libertas,
2200 2141 2237 2168 ut

1246 2193 1349 2224 supra
1390 2180 1577 2219 declaravi,
1622 2186 1731 2211 tamen
1773 2179 1884 2222 aliqua
1926 2179 2063 2212 libertas
2105 2179 2236 2222 reliqua

1246 2227 1383 2263 mansit,
1420 2231 1451 2256 et
1475 2225 1509 2255 fit
1532 2223 1686 2256 voluntas
1711 2225 1818 2266 inagis·
1849 2223 1971 2263 libera,
2001 2234 2076 2255 cum
2104 2224 2236 2255 iuvatur

1245 2280 1265 2301 a
1288 2270 1408 2310 Spiritu
1431 2274 1561 2299 sancto.

1333 2356 1548 2397 Nequaquam
1579 2354 1665 2385 enim
1692 2355 1738 2385 ita
1766 2353 2004 2396 intelligendus
2028 2360 2079 2385 est
2104 2353 2234 2392 Sirach,

1246 2406 1281 2431 ut
1312 2400 1516 2431 existimetur
1546 2397 1725 2429 excludere
1755 2398 1912 2439 Spiritum
1946 2404 2109 2429 sanctum.
2155 2397 2234 2428 Ideo

1247 2444 1374 2475 erudite
1397 2442 1501 2484 inquit
1524 2442 1734 2484 Augustinus
1758 2442 1800 2473 de
1823 2441 1889 2473 1100
1915 2442 2020 2472 dicto:
2056 2440 2236 2482 Proposuit

1247 2488 1304 2519 tibi
1328 2497 1446 2529 aquam
1471 2492 1504 2517 et
1527 2486 1655 2528 ignem,
1685 2485 1727 2517 ad
1751 2491 1860 2517 utrum
1884 2484 1980 2516 voles
2004 2485 2146 2516 extende
2168 2495 2236 2515 ma·

1246 2542 1343 2567 num,
1372 2529 1525 2561 Extende
1553 2528 1683 2561 scilicet
1717 2529 1851 2560 iuvante
1882 2528 2006 2570 Spiritu
2036 2533 2173 2566 sancto,
2204 2532 2236 2558 et

1248 2573 1345 2605 simul
1380 2574 1581 2605 extendente
1616 2580 1705 2604 tuam
1738 2583 1880 2603 manum.
1939 2572 2013 2603 Non
2049 2572 2134 2602 enim
2165 2571 2236 2613 agit

1247 2618 1388 2660 Spiritus
1407 2622 1558 2655 sanctus,
1580 2622 1616 2648 ut
1641 2617 1674 2647 in
1697 2621 1819 2655 statua,
1832 2616 1894 2647 sed
1915 2620 2117 2648 concurrunt
2140 2623 2235 2646 mens
