2383 2990
204 120 264 127 „ou-⁴

202 128 266 150 θυι)

203 213 377 246 referenda
408 221 458 246 est
492 217 533 247 ad
559 216 624 247 1106
648 217 787 248 dictum:
823 217 954 249 Bonum
979 218 1068 257 mihi,
1102 221 1189 261 quod

201 258 380 290 humiliasti
403 270 465 297 me,
491 266 525 291 ut
550 260 713 291 discerem
736 260 986 293 iustificationes
1010 268 1095 294 tuas,

512 407 866 451 DECALOGUS.

287 509 357 540 Lex
380 508 520 540 Moralis
544 508 693 550 postulat
718 510 985 542 conformitatem
1008 512 1039 543 in
1054 512 1186 544 homine

200 565 273 585 cum
298 553 384 591 Deo,
411 559 443 584 et.
467 564 541 584 cum
566 554 629 584 sint
655 554 739 584 duae
757 553 901 585 tabulae.
959 554 1056 586 Prior
1079 555 1185 597 loqui-

199 603 252 628 tur
275 597 316 627 de
339 607 419 627 vera
442 597 622 638 agnitione,
647 607 711 638 qua
735 595 829 627 Dens
850 600 1044 639 agnoscitur
1070 598 1185 631 lucens

197 641 270 681 ipse
289 641 320 671 in
346 641 454 677 nobis,
479 650 508 670 61
533 650 610 670 sese
635 640 731 670 nobis
757 642 1018 680 communicans,
1054 649 1083 673 et
1120 654 1185 684 qua

198 695 260 714 nos⁴
297 683 442 714 vicissim
473 682 638 724 diligimus
664 693 748 720 eum,
774 690 805 714 et
830 683 991 716 laetamur
1015 686 1044 716 in
1070 696 1129 724 co,
1154 692 1185 717 et

199 726 358 758 ellit-imur
382 737 481 757 unum
505 737 579 757 cum
604 737 655 758 60.
701 726 794 757 Talis
819 728 879 758 erit
904 728 935 758 in
961 729 1067 759 beatis
1093 730 1184 770 agni-

197 772 255 808 tio,
280 769 413 801 dilectio
438 776 469 800 et
493 769 617 800 laetitia
630 770 851 811 acquiescens
866 772 895 801 in
921 771 1006 809 Deo,
1030 778 1061 802 et
1086 781 1185 803 econ-

197 821 249 844 tra
271 814 303 843 in
329 813 434 854 impiis
460 814 491 843 in
516 812 580 844 hac
604 814 683 851 vita,
709 820 740 843 et
764 822 840 854 post
863 813 949 845 hanc
974 815 1072 845 vitani
1091 825 1184 846 mens

198 863 247 887 est
270 857 385 898 ignara
406 856 481 894 Dei,
506 856 576 887 sine
600 855 675 887 luce
699 856 773 894 Dei,
805 856 904 898 plena
935 858 1184 896 dubitationum,

198 901 274 936 cdii,
299 908 329 930 et
354 898 503 931 fremitus
527 900 692 931 adversus
715 899 841 938 Deum,
866 907 900 931 ut
924 901 954 930 in
981 900 1061 932 Saul
1086 907 1118 932 et
1142 902 1184 932 si-

197 939 339 974 milibus.

283 1013 438 1044 Secunda
472 1011 584 1043 tabula
619 1013 765 1042 ostendit
808 1011 1072 1044 conformitatem
1109 1024 1183 1045 cum

195 1055 282 1093 Deo,
306 1055 415 1097 qualis
440 1057 471 1086 in
497 1066 535 1086 eo
561 1061 613 1086 est
626 1065 704 1096 erga
720 1055 883 1093 homines,
906 1057 991 1088 sicut
1015 1057 1046 1087 in
1071 1063 1182 1088 mente

195 1100 305 1130 divina
330 1105 381 1129 est
405 1098 489 1129 haec
513 1099 675 1139 sapientia
699 1104 729 1129 et
755 1100 885 1129 bonitas
909 1110 991 1141 erga
1005 1099 1182 1138 hominem,

195 1150 230 1174 ut
263 1142 363 1173 homo
399 1148 631 1180 conservetur,
666 1152 733 1173 non
764 1143 952 1180 occidatur,
987 1144 1029 1173 sit
1053 1150 1180 1181 castus,

194 1192 263 1216 tota
293 1194 411 1216 natura
446 1186 632 1216 abhorrens
657 1197 677 1216 a
701 1184 899 1217 confusione
923 1185 1104 1225 libidinum,
1139 1187 1181 1217 sit

194 1239 309 1266 verax,
332 1236 365 1259 et
385 1228 513 1260 fruatur
536 1239 597 1260 suo
623 1230 842 1260 conveniente
867 1230 991 1261 ordine.
1039 1230 1087 1260 lta
1109 1229 1179 1261 Lex

193 1273 351 1310 ostendit,
370 1271 478 1313 qualis
503 1282 579 1303 esse
605 1271 820 1303 conformitas
844 1283 918 1303 cum
932 1272 1006 1304 Deo
1031 1274 1180 1311 deberet,

192 1326 260 1347 non
295 1320 421 1346 tantum
456 1316 488 1346 in
523 1316 669 1346 externis
694 1316 864 1357 operibus,
894 1317 955 1347 sed
979 1317 1123 1359 integra,
1148 1317 1179 1347 in

192 1359 345 1390 omnibus
371 1359 520 1400 partibus
544 1358 693 1390 hominis.
762 1358 934 1390 Observes
957 1360 1056 1401 igitur
1080 1370 1180 1391 voca-

190 1401 303 1433 bulum
328 1401 589 1440 conformitatis,
624 1408 656 1433 et
691 1413 765 1433 cum
789 1403 830 1433 de
853 1402 944 1445 Lege
970 1404 1099 1445 cogitas
1124 1414 1180 1445 ge-

189 1456 284 1477 mens
310 1444 497 1486 deplorato,
522 1456 587 1476 non
611 1456 689 1476 esse
713 1445 799 1477 hanc
824 1447 988 1488 integram
1002 1445 1178 1478 conformi-

189 1495 290 1520 tatem
313 1490 345 1519 in
370 1488 433 1526 hac
458 1490 638 1530 depravata
662 1495 790 1520 namra.
861 1489 1023 1521 Usitatum
1054 1496 1107 1521 est
1131 1491 1180 1521 sic

189 1533 383 1563 discernere
417 1533 555 1573 primam
590 1538 622 1563 et
656 1533 837 1563 secundam
871 1532 1030 1564 tabulam.
1093 1533 1179 1564 PRI-

188 1575 256 1607 MA
279 1574 425 1617 loquitur
449 1576 490 1606 de
513 1577 684 1616 operibus,
710 1586 795 1616 quae
809 1575 882 1607 Deo
906 1577 1093 1608 immediate
1116 1578 1177 1608 tri-

188 1620 344 1650 buuntur.
392 1618 605 1650 SECUNDA
626 1620 667 1650 de
687 1619 858 1659 operibus,
882 1630 968 1661 quae
991 1621 1178 1651 immediate

187 1663 376 1694 hominibus
409 1663 612 1693 tribuuntur:
654 1662 723 1693 Sed
755 1662 837 1693 fiunt
861 1661 970 1694 cultus
995 1663 1070 1701 Dei,
1100 1664 1177 1705 quia

186 1712 323 1747 propter
347 1716 420 1737 eum
444 1705 535 1737 fiunt.
603 1705 694 1737 Haec
718 1707 852 1747 phrasis
876 1707 1017 1745 usitata,
1045 1706 1177 1739 facilius

187 1748 380 1791 intelligitur
399 1750 430 1780 in
445 1749 635 1788 0616611651,
658 1760 756 1791 quam
780 1750 808 1780 si
829 1750 869 1781 de
891 1751 1019 1792 integra
1044 1749 1177 1782 confor-

186 1794 298 1824 mitate
339 1793 516 1831 diceretur,
551 1793 591 1823 de
626 1803 692 1834 qua
716 1798 825 1824 tamen
858 1794 1005 1836 cogitent
1027 1793 1087 1832 illi,
1122 1794 1176 1836 qui

186 1843 425 1877 processerunt
447 1837 480 1867 in
509 1837 682 1867 discendo.

273 1914 452 1945 Sciendum
477 1921 529 1944 est
553 1920 681 1952 autem,
717 1925 791 1945 cum
814 1913 868 1945 1116
898 1916 1078 1946 recitantur
1103 1916 1175 1946 bre-

185 1958 238 1988 via
262 1958 367 1988 dicta:
390 1957 463 1988 Non
489 1958 639 1995 occidaS,
663 1957 738 1988 Non
758 1958 1003 1996 moechaberis,
1027 1969 1174 2000 compre-

184 2001 283 2033 hendi
307 2002 551 2039 enarrationes,
575 2011 660 2042 quae
682 1999 760 2031 alibi
784 2002 929 2042 scriptae
953 2008 1030 2032 sunt
1055 2002 1088 2032 in
1111 2002 1173 2033 Le-

185 2054 227 2085 ge
250 2043 325 2081 Dei,
349 2051 384 2075 ut
408 2045 448 2075 de
471 2045 646 2085 puniendis
671 2043 859 2083 homicidis,
883 2046 923 2076 de
946 2045 1084 2077 incestis
1109 2052 1171 2076 etc.

184 2087 277 2119 Haec
312 2088 420 2118 omnia
450 2088 579 2119 etiamsi
615 2088 768 2120 dicuntur
803 2087 976 2127 Forensia,
1001 2095 1111 2120 tamen
1136 2100 1172 2121 re

183 2131 257 2171 ipsa
281 2136 358 2161 sunt
382 2129 534 2162 Moralia.

270 2217 445 2248 Addantur
468 2223 500 2248 et
524 2218 753 2248 enarrationes
766 2217 882 2249 Matth.
896 2218 928 2249 5.
952 2228 1037 2260 quae
1061 2225 1170 2249 osten-

183 2261 263 2292 dunt
286 2261 318 2291 in
342 2259 496 2292 Ecclesia
518 2260 644 2302 Legem
667 2260 828 2292 Moralem
853 2260 990 2304 intelligi
1015 2268 1170 2303 oportere

183 2305 225 2335 de
248 2304 379 2346 integra
403 2303 634 2335 conformitate
660 2315 733 2336 cum
753 2304 840 2342 Deo,
876 2316 943 2336 11011
978 2311 1103 2336 tantum
1129 2306 1170 2337 de

183 2348 328 2379 externis
352 2348 521 2388 operibus.
566 2347 741 2379 Postremo
766 2349 985 2380 consideratis
1005 2348 1057 2379 his
1077 2358 1169 2380 enar-

182 2391 380 2429 rationibus,
416 2391 574 2429 sciamuS,
610 2401 695 2432 quae
729 2402 833 2433 opera
866 2392 933 2423 sint
963 2391 1073 2424 cultus
1094 2391 1168 2423 Dei.

182 2433 224 2464 Et
258 2434 324 2465 sint
358 2434 389 2464 in
425 2440 609 2476 conspectu
639 2433 791 2476 regulae:
816 2434 955 2467 Frustra
979 2434 1093 2467 colunt
1117 2446 1169 2466 me

182 2477 344 2508 mandatis
367 2477 548 2516 hominum,
572 2477 613 2508 Et
637 2479 725 2518 apud
749 2477 975 2510 Ezechielem:
1004 2478 1040 2509 ln
1074 2489 1167 2519 prae-

183 2520 289 2561 ceptis
313 2521 394 2551 meis
419 2520 596 2552 ambulate.

267 2605 310 2637 Et
342 2605 440 2638 valde
478 2608 614 2650 dignum
652 2613 704 2639 est
745 2608 1013 2640 consideratione
1043 2609 1166 2640 dictum

838 121 953 153 PHIL.
975 122 1080 156 MEL.
1103 121 1292 156 SCRIPTA
1310 122 1590 158 DQGMATICA.

1195 2133 1200 2187 1

2169 125 2234 158 556

1244 220 1386 260 Christi,
1420 221 1539 253 Matth,
1564 222 1616 253 22.
1637 223 1692 254 ubi
1714 224 1835 265 inquit:
1870 223 2062 259 Mandatum
2086 229 2127 259 de
2151 228 2231 262 dile-

1243 266 1353 296 ctione
1378 266 1517 306 proximi
1542 275 1619 297 esse
1642 266 1748 298 simile
1766 268 1884 309 primo.
1938 269 2031 301 Haec
2054 271 2231 305 similitudo

1243 314 1294 339 651.
1318 307 1543 350 obligationis,
1567 310 1644 350 quia
1666 316 1807 353 utraque
1828 312 2015 344 obedientia
2039 321 2090 345 est
2115 325 2232 347 neces·

1242 352 1341 383 saria.
1388 352 1449 383 Est
1473 358 1505 383 et
1528 351 1786 385 conformitatis:
1811 354 1904 387 Sicut
1923 355 2016 388 Deus
2037 360 2229 391 necessario

1241 401 1293 425 est
1316 406 1437 433 verax,
1462 401 1494 426 et
1518 395 1587 427 vult
1611 406 1648 428 se
1670 404 1760 429 recte
1789 399 1942 439 agnosci,
1965 401 2015 431 sic
2039 407 2091 432 est
2114 412 2231 434 neces*

1240 439 1330 469 sario
1350 444 1477 477 castus,
1501 446 1533 470 et
1557 450 1622 471 non
1648 439 1717 472 vult
1741 440 1956 473 confusiones
1979 442 2161 476 libidinum.
2184 445 2230 478 Ut

1239 481 1342 523 igitur
1378 483 1421 513 sit
1451 481 1666 514 conformitas
1687 494 1760 515 cum
1783 483 1870 524 Deo,
1901 484 1936 517 fit
1959 486 2138 519 similitudo
2161 499 2229 521 non

1239 524 1347 556 solum
1371 526 1401 556 in
1422 527 1526 567 primo
1551 534 1744 568 praecepto,
1767 529 1827 559 sed
1851 529 1949 560 etiam
1971 530 2005 560 in
2028 529 2114 562 aliis.
2137 531 2230 564 Haec

1239 569 1356 599 eruditi
1377 570 1430 610 pic
1454 571 1654 611 expendant.

1326 654 1374 686 Sit
1411 656 1510 697 igitur
1547 656 1693 687 definitio
1719 656 1828 689 cultus
1857 657 1921 689 Dei
1945 657 2038 691 haec.
2108 660 2228 693 Cultus

1237 697 1301 728 Dei
1325 704 1374 729 est
1400 708 1484 739 opus
1499 700 1690 731 mandatum
1714 711 1733 731 a
1752 700 1837 739 Deo,
1860 699 1986 733 factum
2010 704 2044 734 in
2060 704 2228 745 agnitione

1239 747 1269 771 et
1296 740 1417 772 fiducia
1440 741 1511 772 Filii
1535 741 1609 781 Dei,
1635 743 1773 775 relatum
1799 746 1841 775 ad
1868 744 1959 776 1111116
1986 745 2083 777 finem
2108 747 2228 788 princi-

1238 783 1374 825 paliter,
1398 790 1441 816 'ut
1467 785 1539 816 Deo
1564 793 1754 826 praestetur
1776 788 1962 820 obedientia
1986 795 2019 820 et
2037 789 2158 829 honos,
2191 791 2227 823 id

1239 834 1303 865 est,
1326 828 1529 867 testificatio,
1566 830 1653 870 quod
1689 836 1873 862 statuamus
1898 831 1986 863 hunc
2009 832 2119 865 solum
2142 845 2224 866 vere

1239 869 1347 902 Deum
1384 882 1481 910 esse,
1515 883 1613 914 quem
1637 874 1686 904 sic
1712 873 1870 913 colimus,
1905 881 1937 906 et
1961 877 2052 917 quod
2075 877 2125 908 sic
2148 876 2226 909 velit

1239 912 1317 952 coli,
1341 920 1375 945 ut
1395 916 1530 946 castitas
1556 915 1677 957 loseph
1701 917 1812 949 tribuit
1828 919 1988 950 honorem
2002 919 2089 958 Deo,
2113 921 2146 951 id
2163 926 2225 959 est,

1239 958 1391 996 ostendit,
1427 960 1516 1000 quod
1551 964 1674 990 statuat
1709 959 1797 993 hunc
1832 960 1941 993 solum
1971 973 2086 994 verum
2116 962 2224 995 Deum

1237 1011 1325 1039 esse,
1360 1012 1456 1043 quem
1481 1003 1530 1034 sic
1555 1002 1646 1040 colit,
1681 1009 1712 1034 et
1735 1005 1825 1045 quod
1850 1005 1899 1035 516
1923 1004 2003 1036 velit
2028 1004 2102 1038 coli.
2170 1006 2223 1039 De

1236 1044 1288 1075 his
1313 1043 1457 1076 cultibus
1481 1045 1627 1088 loquitur
1650 1046 1785 1078 Petrus:
1817 1047 1941 1079 Offerte
1965 1049 2094 1081 hostias
2128 1050 2223 1092 spiri·

1236 1087 1344 1119 tuales
1364 1087 1537 1130 placentes
1561 1088 1636 1120 Deo
1660 1096 1797 1132 propter
1820 1089 1947 1123 Filium.

1463 1252 1525 1284 DE
1550 1253 1688 1284 PRtMo
1713 1253 1992 1287 PRAECEPTO.

1322 1346 1465 1379 Primum
1505 1356 1719 1390 praeceptum
1761 1350 1850 1380 initio
1885 1349 2031 1392 loquitur
2065 1351 2106 1383 de
2140 1362 2222 1383 vera

1233 1391 1403 1432 agnitione
1436 1390 1512 1430 Dei,
1547 1402 1645 1434 quam
1680 1390 1792 1424 lucere
1826 1393 1858 1424 in
1888 1395 1986 1425 nobis
2009 1395 2041 1425 in
2065 1394 2130 1426 hac
2153 1395 2221 1426 vita

1232 1440 1364 1474 oportet
1400 1434 1463 1465 fide
1498 1445 1641 1466 accensa
1676 1445 1737 1477 per
1770 1437 1919 1476 verbum,
1955 1448 2020 1479 quo
2056 1448 2094 1469 se
2117 1448 2221 1471 verus

1232 1477 1326 1509 Deus
1356 1476 1521 1519 patefecit.
1590 1478 1676 1514 Quia
1710 1480 1796 1510 enim
1821 1490 1923 1511 verax
1947 1487 2011 1519 est,
2047 1480 2118 1512 vult
2139 1491 2220 1513 vere

1233 1522 1383 1563 agnosci,
1418 1532 1484 1552 non
1517 1521 1585 1553 vult.
1618 1521 1759 1553 ludibria
1786 1523 1975 1563 opinionum
2001 1524 2042 1555 de
2065 1534 2103 1556 se
2126 1524 2220 1567 fingi,

1232 1566 1315 1596 sicut
1340 1566 1428 1606 impii
1463 1564 1613 1596 homines
1638 1564 1787 1597 horribili
1821 1565 1935 1598 furore
1970 1577 2102 1610 semper
2131 1566 2220 1600 fece-

1231 1615 1319 1647 runt,
1342 1608 1468 1640 faciunt
1492 1615 1523 1639 et
1546 1605 1680 1640 facient.

1317 1694 1449 1726 Deinde
1482 1696 1641 1736 praecipit
1681 1696 1722 1727 de
1754 1696 1878 1727 unitate
1902 1707 1977 1728 cum
2006 1695 2100 1736 Deo,
2133 1697 2219 1733 Quia

1231 1740 1317 1771 enim
1341 1739 1415 1770 ideo
1440 1740 1594 1770 conditus
1619 1745 1669 1770 est
1694 1738 1806 1777 homo,
1829 1745 1864 1770 ut
1888 1740 1931 1771 sit
1953 1740 2130 1772 adiunctus
2142 1740 2217 1773 Deo

1230 1789 1388 1825 tanquam
1424 1784 1534 1824 capiti,
1569 1788 1601 1814 et
1636 1793 1712 1814 sese
1748 1782 1843 1814 Deus
1874 1784 1906 1814 in
1929 1789 1997 1815 tota
2020 1785 2217 1816 aeternitate

1228 1826 1352 1857 homini
1376 1827 1606 1864 communicet,
1631 1836 1697 1857 non
1722 1827 1943 1858 communicat
1967 1837 2006 1858 se
2023 1826 2151 1859 avulsis
2174 1828 2216 1859 ab

1229 1871 1315 1911 ipso,
1339 1869 1526 1902 furentibus
1551 1870 1628 1900 odio
1652 1871 1755 1911 ipsius
1779 1876 1811 1901 et
1833 1870 1978 1902 iustitiae
2001 1871 2118 1912 ipsius.
2201 1868 2206 1871 ”

1315 1957 1521 1989 Consideres
1558 1964 1668 1988 autem
1704 1956 1758 1987 hic
1782 1966 1946 1997 expresse
1981 1958 2111 1997 positas
2136 1967 2214 1989 esse

1227 1998 1447 2032 affirmativas
1473 2006 1504 2031 et
1528 2001 1703 2042 negativas
1723 2000 1917 2037 sententias,
1953 1999 2098 2031 Primum
2122 2001 2214 2042 poni-

1226 2050 1279 2075 tur
1301 2043 1516 2075 affirmativa:
1540 2043 1612 2084 Ego
1637 2054 1709 2074 sum
1733 2042 1896 2074 Dominus
1921 2042 2015 2075 Deus
2039 2050 2135 2082 tuus,
2160 2045 2213 2086 qui

1226 2088 1323 2119 eduxi
1348 2093 1380 2118 te
1404 2087 1443 2118 de
1468 2092 1557 2118 terra
1580 2086 1738 2128 Aegypti.
1784 2086 1857 2118 Hoc
1877 2096 1962 2127 opus
1984 2097 2044 2118 seu
2068 2088 2215 2119 testimo-

1225 2132 1314 2162 nium
1339 2132 1379 2162 de
1403 2129 1477 2161 Deo
1502 2135 1638 2171 propter
1662 2130 1840 2161 discrimen
1864 2130 2010 2161 additum
2034 2136 2102 2170 est,
2137 2130 2214 2172 quia

1225 2175 1467 2206 discernendus
1491 2180 1541 2204 651
1566 2183 1665 2204 verus
1677 2172 1772 2204 Deus
1791 2180 1822 2204 et
1846 2172 2034 2215 patefactus
2052 2184 2115 2205 suo
2139 2183 2212 2206 ver-

1225 2219 1267 2248 bo
1292 2219 1323 2248 in
1348 2217 1499 2248 Ecclesia
1525 2218 1566 2247 ab
1580 2217 1732 2248 omnibus
1753 2217 1990 2247 commenticiis
2011 2217 2210 2249 numinibus.

1225 2261 1349 2292 Omnes
1374 2260 1504 2292 Ethnici
1528 2259 1672 2291 fatentur
1696 2258 1819 2301 aliquid
1844 2270 1921 2291 esse
1944 2259 2073 2298 Deum,
2107 2267 2138 2292 et
2163 2261 2210 2291 in-

1223 2310 1356 2336 tuentur
1381 2315 1483 2345 opus,
1518 2302 1672 2335 videlicet
1696 2303 1808 2334 mundi
1832 2303 2014 2344 opificium,
2050 2304 2139 2346 quod
2159 2311 2209 2335 est

1223 2348 1445 2379 testimonium
1481 2348 1521 2378 (16
1546 2345 1637 2384 Deo,
1673 2347 1733 2377 sed
1757 2352 1866 2377 tamen
1890 2357 1956 2378 11011
1979 2347 2062 2378 satis
2087 2353 2137 2378 est
2160 2348 2209 2379 sic

1222 2401 1410 2433 agnoscere
1434 2390 1555 2429 Deum,
1578 2390 1655 2431 quia
1679 2390 1762 2420 haec
1784 2390 1900 2421 notitia
1924 2391 2098 2428 excutitur,
2133 2401 2208 2422 cum

1221 2435 1371 2466 videmus
1405 2435 1512 2465 iustos
1547 2431 1652 2475 affligi
1686 2439 1718 2464 et
1746 2431 1853 2464 malos
1877 2433 2008 2472 florere,
2031 2441 2062 2465 et
2086 2444 2207 2476 magno

1219 2479 1340 2520 impetu
1366 2478 1589 2510 dubitationes
1612 2477 1752 2514 irruunt,
1775 2487 1817 2509 an
1831 2478 1925 2510 Deus
1949 2488 2012 2510 nos
2038 2482 2140 2517 curet,
2164 2487 2206 2508 an

1220 2522 1385 2560 exaudiat,
1410 2532 1451 2552 an
1477 2522 1526 2553 sic
1550 2519 1630 2551 velit
1654 2519 1729 2559 coli,
1753 2527 1785 2553 et
1808 2522 1975 2564 quomodo
1999 2520 2078 2553 velit
2102 2520 2177 2552 coli.

1307 2607 1417 2639 Edidit
1451 2608 1550 2650 igitur
1583 2607 1678 2640 Deus
1701 2614 1733 2640 et
1757 2610 1895 2640 verbum
1920 2614 1951 2640 et
1970 2607 2035 2643 alia
2059 2608 2206 2642 testimo-
