2383 2990
15 432 31 503 ff—v-
15 335 21 410 ,ψ-ᾼ
14 297 17 306 -

186 157 252 193 533
826 157 868 190 V.
893 156 1165 189 EXPLICATIO
1197 156 1398 189 SYMBOLI
1421 156 1584 189 NICENI.
2023 162 2027 164 ’
2165 159 2230 193 534

183 259 359 298 peccatum
393 265 460 287 non
491 259 544 286 est
576 263 632 285 res
662 253 798 285 condita
821 252 946 292 aDeo,
981 253 1042 284 sed
1076 252 1176 284 horno

184 310 247 331 sua
280 298 434 330 libertate
468 308 506 329 se
529 297 652 329 avertit
675 308 695 329 a
718 297 806 335 Deo,
842 303 874 328 et
908 296 1058 328 excussit
1087 296 1176 327 dona

183 342 266 381 Dei,
301 347 333 373 et
366 340 456 373 illam
491 352 587 372 suam
622 341 885 373 destructionem
915 340 1114 383 propagavit
1143 340 1176 370 in

183 386 422 427 posteritatem.
459 383 562 416 Zach.
586 384 607 416 8
652 384 778 416 Malum
801 395 844 415 ne
867 384 1021 426 cogitetis
1046 383 1077 414 in
1102 392 1175 414 cor·

184 430 281 461 dibus
316 429 450 467 vestris,
483 434 516 460 et
545 429 763 460 iuramentum
787 428 928 459 mendax
951 437 994 458 ne
1018 425 1177 468 diligatis,
1201 431 1205 623 ι

184 473 302 505 Omnia
327 473 413 504 enim
437 472 521 504 haee
538 478 626 510 sunt,
652 482 738 514 quae
761 471 828 509 odi,
853 471 932 502 dicit
955 470 1132 502 Dominus-

273 559 332 590 His
367 559 554 601 perspicuis
594 558 793 590 testimoniis
835 557 956 589 divinis
992 556 1176 588 confirmati

183 609 356 635 teneamus
381 602 469 634 hanc
493 600 642 645 regulam
667 602 845 641 immotam,
876 601 984 632 Deum
1009 611 1076 631 non
1100 610 1178 632 esse

183 657 321 678 causam
346 647 490 688 peccati,
509 657 572 677 nec
595 648 681 677 vene
704 652 890 686 peccatum,
920 655 983 675 nec
1005 642 1178 685 impellere

182 689 389 722 voluntatem
419 691 461 721 ad
485 689 709 731 peccandum,
744 698 806 719 nec
839 689 1029 729 approbare
1058 697 1177 728 pecca-

183 739 264 772 tum,
298 734 358 764 sed
383 743 461 764 vere
486 739 518 764 et
542 731 747 764 horribiliter
776 732 877 762 irasci
901 738 1055 773 peccato,
1091 732 1178 762 sicut

183 778 264 808 iram
285 787 378 808 suani
405 777 571 818 expressit
594 776 626 807 in
653 777 756 807 verbo
786 785 861 814 suf),
896 781 928 806 et
962 774 1110 806 ostendit
1144 775 1176 805 in

183 821 329 852 assiduis
353 822 472 862 poenis
508 826 541 851 et
575 818 832 857 calamitatibus,
868 825 900 850 et
933 824 1039 849 morte
1074 818 1178 849 homi-

182 875 273 896 num.
319 864 371 896 Ac
396 863 655 895 illustrissimum
686 869 738 894 cst
773 863 842 894 irae
867 861 929 893 Dei
954 861 1178 893 testimonium

181 908 348 939 adversus
383 914 569 948 peccatum,
599 907 688 949 quod
720 917 786 938 non
816 912 867 937 est
896 905 987 937 facta
1009 906 1177 944 remissio,

182 952 246 983 nisi
282 951 382 982 Pater
421 950 615 992 placaretur
650 950 839 982 obedientia
875 948 957 981 Filii.
1015 949 1091 980 Non
1126 956 1178 980 est

182 995 283 1037 igitur
312 993 406 1025 Deus
441 1005 542 1026 causa
577 994 720 1036 peccati,
756 1004 819 1025 nec
850 999 1023 1035 peccatum
1048 999 1099 1024 est
1123 1002 1178 1024 res

183 1039 318 1069 condita
341 1044 399 1070 aut
429 1039 599 1076 ordinata,
636 1038 697 1069 sed
721 1044 774 1069 est
798 1037 968 1069 horribilis
994 1037 1177 1068 destructio

182 1082 293 1124 open's
319 1088 351 1113 et
375 1082 500 1113 ordinis
523 1082 635 1113 divini.

270 1168 355 1200 Sunt
378 1174 487 1200 autem
512 1179 618 1200 causa
640 1168 782 1210 peccati,
810 1167 966 1199 voluntas
990 1165 1177 1198 DtABoLl

182 1218 215 1244 et
239 1211 397 1244 voluntas
423 1211 619 1250 titmttNts,
654 1222 741 1254 quae
775 1218 971 1243 averterunt
1004 1221 1043 1242 se
1074 1209 1178 1242 libere

183 1262 216 1288 et
240 1266 301 1287 sua
327 1267 355 1297 s}
371 1263 449 1287 onte
471 1267 490 1287 a
514 1255 602 1293 Deo,
626 1266 689 1286 nec
712 1254 847 1287 volente
861 1255 947 1293 Deo,
971 1265 1033 1286 nec
1057 1265 1178 1296 appro-

182 1300 283 1331 bante
307 1298 396 1331 illam
419 1300 643 1337 aversionem,
668 1305 700 1330 et
717 1298 898 1330 haeserunt
917 1305 1010 1330 extra
1028 1299 1176 1329 ordinem

182 1343 215 1375 in
239 1343 381 1375 obiectis
407 1349 524 1377 contra
548 1344 737 1374 mandatum
751 1342 826 1380 Dei,
852 1350 886 1373 ut
906 1342 998 1373 Evae
1020 1341 1177 1373 voluntas

181 1392 338 1418 avertens
363 1397 401 1417 se
425 1397 444 1417 a
468 1387 572 1418 verbo
586 1385 650 1417 Dei
674 1384 783 1417 haesit
806 1386 838 1417 in
860 1384 997 1417 Diaboli
1020 1386 1122 1424 dicto,
1145 1392 1178 1418 et

180 1430 214 1461 in
231 1435 374 1462 externo
398 1431 529 1462 obiecto
554 1430 652 1471 pomi.

271 1515 416 1548 Prodest
439 1517 536 1548 etiam
561 1516 617 1548 hic
641 1515 819 1555 declarari,
855 1516 931 1559 quid
967 1517 1101 1559 proprie
1134 1516 1177 1547 sit

181 1567 372 1602 peccatum,
414 1566 449 1591 ut
473 1561 707 1591 discernantur
729 1571 784 1591 res
809 1561 964 1592 conditae
988 1571 1007 1591 a
1032 1559 1119 1599 Deo,
1145 1565 1178 1591 et

182 1610 372 1646 peccatum,
407 1605 497 1646 quod
529 1610 579 1635 est
611 1605 824 1636 conturbatio
848 1615 909 1635 seu
939 1604 1094 1635 confusio
1125 1614 1178 1634 or-

181 1647 269 1679 dinis
292 1648 402 1679 divini.
450 1647 528 1680 ldeo
552 1655 725 1689 peccatum
749 1655 841 1679 recte
872 1648 990 1679 dicitur
1025 1645 1176 1679 defectus

182 1701 243 1722 seu
277 1692 442 1732 privatio,
483 1692 570 1723 sicut
605 1690 769 1724 {ohannes
814 1691 944 1723 definit:
991 1690 1008 1730 η’
1044 1690 1176 1733 ἁμαρτία

180 1736 261 1766 ἐστὶν
283 1733 405 1774 ἀνομία.

268 1820 330 1852 ΒΕ
355 1820 586 1852 ORlGlNALl
610 1819 720 1852 facilis
744 1826 794 1852 est
816 1820 1010 1860 declaratio,
1033 1821 1065 1852 id
1089 1822 1176 1853 enim
1200 1823 1202 1862 J

182 1870 235 1897 est
257 1866 289 1896 in
315 1872 424 1896 mente
447 1866 618 1903 tenebrae,
654 1864 811 1896 videlicet
846 1875 911 1896 non
945 1864 1070 1896 habere
1106 1864 1204 1896 illu-0

180 1915 282 1939 sti-em
307 1909 454 1940 notitiam
480 1917 510 1939 et
537 1908 663 1940 firmam
688 1909 920 1939 assensionem
935 1909 977 1940 de
997 1909 1176 1950 providen-

181 1952 238 1991 tia,
276 1953 588 1984 comminationibus
612 1959 644 1983 et
669 1953 945 1993 promissionibus
978 1953 1109 1991 divinis,
1144 1959 1177 1984 et

180 1996 212 2027 in
236 1994 408 2027 voluntate
428 2003 478 2027 est
503 1997 636 2027 aversio
660 2007 679 2027 a
704 1995 798 2034 Deo,
828 1997 858 2027 id
883 2002 945 2033 est,
981 1996 1053 2027 sine
1078 2002 1177 2035 metu,
1203 2034 1204 2038 Ἰ

181 2039 316 2077 fiducia,
351 2038 531 2071 dilectione
554 2039 618 2071 Dei
642 2050 731 2077 esse,
766 2046 797 2070 et
822 2042 852 2071 in
878 2040 980 2071 corde
1004 2041 1077 2070 sine
1100 2042 1177 2072 obe·
1202 2044 1205 2050 '

183 2083 305 2114 dientia
330 2093 418 2116 esse.
444 2094 530 2125 qnae
555 2084 762 2125 congruebat
779 2083 859 2125 Legi
884 2091 1033 2121 naturae,
1058 2084 1088 2114 id
1114 2090 1177 2122 est,

181 2126 263 2168 Legi
289 2126 351 2158 Dei
375 2127 405 2157 in
430 2135 542 2158 mente
566 2126 699 2165 lucenti,
726 2128 790 2158 sed
812 2128 907 2169 vagis
932 2134 963 2158 et
987 2128 1175 2159 errantibus

181 2170 454 2202 inclinationibus
478 2169 558 2202 ferri
582 2176 676 2202 extra
700 2171 849 2202 ordinem
875 2177 992 2203 contra
1014 2170 1131 2202 Deum.

269 2257 363 2288 Haec
397 2256 484 2289 mala
519 2267 597 2289 esse
632 2256 783 2289 desectus
814 2269 881 2289 non
906 2259 1087 2289 obscurum
1112 2264 1174 2296 est,

181 2311 266 2343 qnos
297 2301 391 2333 Deus
427 2312 535 2343 neque
571 2302 716 2333 condidit
753 2312 862 2344 neque
897 2301 978 2339 vult,
1014 2302 1088 2332 Non
1125 2308 1176 2333 est

183 2345 285 2386 igitur
322 2355 428 2376 causa
461 2346 603 2386 peccati.
661 2345 741 2376 Erat
782 2352 892 2377 autem
927 2345 989 2376 hos
1022 2344 1175 2377 defectus

180 2399 256 2419 mox
280 2395 440 2419 secutura
464 2390 573 2419 subita
597 2398 687 2419 mors
712 2389 813 2419 totins
836 2395 974 2420 naturae
999 2388 1174 2420 humanae.

182 2432 245 2463 Sed
269 2431 365 2463 Deus
400 2432 562 2463 immensa
598 2433 744 2464 bonitate
779 2440 915 2474 propter
940 2431 1055 2463 Filium
1081 2438 1175 2464 natu-

181 2486 251 2506 ram
287 2481 318 2506 et
353 2477 626 2517 propagationem
662 2482 791 2511 servat,
832 2478 891 2507 sed
927 2484 1040 2507 servat
1076 2475 1174 2507 talem

181 2529 343 2557 massam,
367 2517 476 2560 qualis
501 2530 589 2550 nunc
613 2526 676 2558 est,
701 2525 735 2550 nt
759 2522 786 2551 si
810 2519 904 2551 faber
928 2519 1083 2562 poculum
1109 2531 1174 2551 non

182 2572 222 2594 ex
247 2573 340 2601 auro,
376 2562 435 2593 sed
471 2574 512 2594 ex
537 2562 671 2604 plumbo
696 2561 836 2595 faceret.
883 2565 935 2595 Ac
959 2565 1021 2605 ipsi
1047 2564 1175 2595 destru-

183 2606 284 2638 ctioni
308 2617 386 2637 vere
411 2612 442 2638 et
474 2605 678 2638 horribili.er
701 2607 868 2647 irascitur,
904 2608 992 2650 quod
1019 2607 1174 2645 ostendit,

181 2650 258 2692 quia
280 2648 376 2682 aliter
400 2650 528 2692 placari
552 2661 618 2682 non
642 2650 748 2682 voluit
770 2652 834 2684 nisi
857 2662 916 2693 per
938 2650 1069 2683 Filium.
1103 2651 1174 2683 Nec

1232 252 1398 295 fingantur
1420 252 1454 284 in
1473 251 1548 284 Deo
1574 254 1857 287 contradictoriae
1880 251 2082 286 voluntates.
2119 254 2171 286 Ae
2196 256 2228 287 in

1229 297 1424 328 narratione
1458 297 1499 328 de
1533 297 1650 329 saucio
1686 298 1814 330 viatore
1839 297 1922 330 Luc.
1951 297 2000 328 10.
2025 298 2172 339 pingitur
2196 304 2227 330 et

1230 340 1368 371 morbus
1403 345 1434 371 et
1467 350 1580 372 causa.
1628 340 1802 383 Expresso
1837 342 1922 373 enim
1957 341 2038 372 dicit
2062 341 2228 373 Dominus

1231 393 1250 414 a
1274 382 1481 422 latronibus,
1514 384 1548 415 id
1571 391 1640 423 est,
1675 396 1696 416 a
1720 384 1873 417 Diabolis
1897 383 2078 426 spoliatum
2101 391 2134 416 et
2158 384 2229 417 vnl-

1231 432 1382 458 neratum
1406 436 1484 458 esse
1508 428 1679 459 viatorem.
1736 429 1856 460 Amisit
1882 429 1969 460 enirn
1993 427 2094 460 homo
2117 427 2228 461 lucem

1232 476 1265 501 et
1299 470 1504 502 rectudinem
1541 470 1722 502 voluntatis
1763 479 1795 503 et
1832 473 1945 504 cordis
1985 479 2228 514 congruentem

1232 524 1307 545 cum
1333 513 1443 555 Lege,
1477 524 1563 556 quae
1591 516 1623 546 in
1647 522 1757 546 mente
1779 514 1924 548 lucebat.
1971 515 2091 547 Amisit
2115 521 2149 547 et
2172 527 2228 547 ac-

1232 557 1466 598 ceptationem,
1498 568 1562 600 qua
1596 557 1671 589 Deo
1706 558 1872 600 placebat.
1919 558 1954 589 ln
1978 559 2098 591 horum
2122 560 2228 590 bono-

1232 611 1303 631 rum
1327 601 1509 633 amissione
1533 600 1623 632 sacta
1647 608 1725 633 sunt
1749 600 1888 634 vulnera
1911 603 1942 633 in
1973 609 2111 640 natura,
2142 613 2229 634 mor-

1232 642 1355 683 talitas,
1381 651 1414 676 et
1439 643 1645 676 calamitates
1665 644 1843 677 horribiles
1867 647 1900 677 in
1925 652 1996 677 toto
2021 655 2146 688 genere
2167 645 2227 677 hu-

1232 697 1343 725 mano,
1377 688 1483 719 morbi
1518 695 1550 719 et
1586 698 1700 726 neces,
1736 695 1768 720 et
1800 690 1832 720 in
1857 697 1967 721 mente
1991 690 2229 727 dubitationes,

1232 731 1265 762 in
1290 730 1463 762 voluntate
1494 739 1526 763 et
1550 733 1653 763 corde
1680 738 1831 763 errantes
1857 739 1966 764 motus
1991 739 2023 764 et
2047 732 2228 764 laceratio-

1233 784 1294 805 nesv
1318 775 1349 805 in
1374 773 1547 808 doloribus
1564 775 1758 814 inferorum,
1782 776 1870 808 sicut
1888 777 1921 807 in
1935 777 2070 808 Ieremia
2090 777 2228 808 dicitur:

1235 818 1432 850 Perversum
1457 826 1507 850 est
1530 830 1590 851 eor
1613 819 1755 850 hominis
1778 826 1812 851 et
1835 830 2083 857 aerumnosum,
2108 820 2141 851 id
2165 826 2228 858 est,

1232 872 1389 893 aversum
1413 872 1431 892 a
1455 861 1542 894 Deo.
1586 862 1627 894 Et
1650 864 1682 894 in
1707 862 1764 894 illa
1789 864 1967 894 aversione
1991 862 2126 905 plenum
2149 863 2228 894 hor-

1232 904 1375 937 ribilium
1410 904 1585 945 dolorum,
1626 917 1729 939 ruens
1764 907 1797 938 in
1831 914 1971 939 mortem
2005 914 2037 939 et
2072 913 2228 939 aeternas

1232 959 1371 990 poenaS.

1318 1034 1411 1067 Talia
1436 1036 1525 1068 dicta
1549 1035 1751 1078 Prophetica
1771 1035 2074 1069 commonefaciant
2099 1047 2162 1068 nos
2187 1037 2229 1068 dc

1231 1079 1457 1121 magnitudine
1481 1081 1612 1122 peccati
1649 1086 1680 1111 et
1717 1091 1899 1121 poenarum
1934 1081 1966 1112 in
2002 1081 2113 1119 nobis,
2150 1086 2186 1113 ut
2210 1091 2228 1112 e

1232 1125 1369 1164 regione
1404 1130 1436 1155 et
1473 1123 1634 1156 beneficia
1658 1122 1728 1155 Filii
1754 1124 1818 1156 Dei
1852 1135 2079 1167 agnoscamus
2110 1130 2142 1155 et
2172 1134 2230 1165 pe-

1234 1173 1354 1198 tamus.
1402 1166 1442 1198 Et
1466 1165 1564 1199 simul
1589 1168 1670 1198 iram
1694 1167 1757 1198 Dei
1782 1174 1814 1199 et
1845 1169 2106 1209 magnitudinem
2132 1168 2230 1199 mise·

1231 1211 1396 1241 ricordiae
1409 1211 1605 1253 cogitemus,
1629 1217 1660 1242 et
1682 1211 1872 1243 firmissime
1891 1218 2094 1250 statuamuS,
2119 1210 2230 1242 Deum

1231 1264 1294 1285 nec
1314 1265 1451 1286 causam
1475 1265 1552 1286 esse
1576 1256 1719 1296 peccati,
1749 1265 1812 1286 nec
1836 1254 1940 1293 velle,
1970 1266 2033 1287 nec
2057 1255 2230 1293 adiuvare,

1232 1308 1294 1329 nee
1325 1299 1514 1339 approbare
1549 1305 1734 1340 peccatum.
1782 1299 1866 1330 Nam
1901 1298 1957 1330 illa
1991 1297 2078 1330 falsa
2113 1299 2230 1342 imagi·

1233 1341 1335 1378 natio,
1371 1352 1457 1384 quae
1485 1341 1578 1384 tingit
1603 1342 1710 1373 Deum
1736 1341 1822 1374 velle
1845 1349 2033 1384 peccatum,
2070 1348 2231 1374 extenuat

1231 1386 1326 1423 iram,
1351 1392 1383 1416 et
1408 1384 1582 1417 confirmat
1600 1396 1737 1417 coccam
1755 1387 1982 1424 securitatem,
2006 1397 2106 1428 quam
2119 1396 2230 1417 emen-

1231 1428 1303 1459 dari
1335 1439 1475 1461 necesse
1505 1435 1568 1468 est,
1603 1430 1691 1460 sicut
1715 1429 1850 1461 dicitur:
1887 1429 1949 1461 Ubi
1974 1428 2135 1461 habitabit
2159 1428 2230 1461 Do-

1231 1473 1339 1503 minus
1374 1473 1407 1504 in
1442 1472 1568 1514 Spiritu
1602 1473 1749 1506 contrito
1789 1480 1823 1505 et
1857 1479 2018 1505 tremente
2053 1483 2231 1505 sermones

1231 1525 1326 1547 meos
1352 1522 1418 1547 etc.

1319 1602 1415 1639 Quod
1440 1609 1550 1634 autem
1575 1608 1608 1634 et
1631 1604 1663 1635 in
1688 1602 1888 1635 ACTUALI
1918 1608 2063 1645 peccato
2095 1604 2138 1635 sit
2161 1604 2228 1645 pri-

1231 1647 1331 1684 vatio,
1357 1646 1388 1678 id
1413 1645 1551 1689 intelligi
1577 1653 1704 1688 potest,
1735 1648 1764 1678 si
1789 1658 1854 1679 non
1875 1653 2004 1679 tantum
2029 1648 2228 1679 consideres

1230 1696 1405 1721 externum
1428 1697 1565 1728 motum,
1588 1691 1649 1722 sed
1670 1697 1811 1722 mentem
1835 1698 1868 1722 et
1892 1690 2116 1729 voluntatem,
2142 1701 2230 1733 quae

1229 1734 1364 1775 proprie
1387 1740 1437 1764 est
1462 1735 1649 1766 subiectum
1673 1736 1816 1776 peccati,
1841 1742 1873 1767 ut
1899 1736 1932 1766 in
1946 1734 2041 1773 Cain,
2066 1736 2098 1766 in
2119 1741 2229 1767 mente

1231 1784 1281 1808 est
1307 1777 1469 1809 dubitatio
1490 1779 1530 1809 de
1553 1778 1783 1820 providentia,
1819 1785 1850 1810 et
1874 1779 1915 1810 de
1938 1789 2065 1820 poena,
2102 1785 2134 1810 et
2169 1789 2228 1810 vo-

1231 1819 1342 1852 luntas
1378 1828 1430 1852 est
1466 1822 1539 1853 sine
1574 1828 1706 1853 rectore
1742 1821 1827 1854 Deo.
1887 1822 2088 1863 Quanquam
2126 1822 2229 1864 igitur

1230 1872 1340 1896 motus
1376 1863 1556 1896 voluntatis
1591 1872 1623 1897 et
1658 1867 1883 1898 membrorum
1907 1872 1960 1897 est
1984 1876 2039 1896 res
2065 1867 2227 1908 positiva:

1230 1915 1341 1940 tamen
1376 1909 1407 1939 in
1429 1919 1468 1940 eo
1493 1916 1584 1940 motu
1609 1915 1659 1940 est
1683 1911 1817 1941 mersio
1841 1920 1860 1941 a
1892 1909 1979 1948 Deo,
2016 1916 2051 1941 ut
2077 1911 2106 1941 si
2131 1910 2227 1942 navis

1230 1953 1302 1984 sine
1326 1951 1412 1983 velis
1433 1959 1466 1984 et
1489 1953 1588 1984 remis
1608 1954 1750 1985 iactetur
1773 1959 1868 1985 extra
1891 1954 1989 1985 viam.

1317 2039 1423 2071 Recte
1447 2041 1547 2081 igitur
1575 2041 1707 2071 dicitur.-
1744 2040 1923 2072 Peccatum
1958 2050 2035 2073 esse
2070 2041 2228 2082 privatio-

1230 2094 1305 2115 nem
1329 2094 1388 2115 sen
1410 2084 1685 2121 destructionem,
1710 2091 1741 2115 et
1766 2085 1797 2115 id
1822 2083 1943 2115 malum
1968 2094 2035 2115 non
2060 2090 2111 2116 est
2135 2095 2228 2116 crea-

1230 2134 1298 2159 tum
1330 2138 1348 2158 a
1373 2127 1458 2165 Deo,
1493 2128 1554 2158 sed
1588 2129 1680 2159 initio
1704 2128 1799 2159 Deus
1829 2128 1975 2158 condidit
2008 2127 2160 2170 Angelos
2195 2134 2230 2160 et

1233 2171 1385 2202 homines
1410 2177 1548 2202 ornatos
1572 2170 1637 2202 hoc
1664 2173 1765 2209 bono,
1796 2170 1924 2203 scilicet
1947 2170 2124 2209 libertate,
2150 2182 2228 2214 qua,

1229 2215 1257 2245 si
1283 2214 1482 2252 voluissent,
1507 2221 1661 2256 poterant
1697 2216 1834 2246 obedire
1859 2215 1944 2254 Deo,
1981 2222 2011 2246 et
2049 2227 2123 2247 cum
2161 2226 2228 2247 non

1229 2257 1354 2290 vellent
1379 2259 1528 2296 obedire,
1554 2260 1664 2290 aversi
1689 2266 1778 2298 sunt,
1802 2270 1869 2290 non
1894 2258 2040 2297 volente,
2074 2270 2141 2291 non
2171 2269 2228 2290 co·

1229 2310 1342 2345 gente,
1368 2313 1432 2333 non
1458 2303 1637 2333 adiuvante
1657 2302 1742 2341 Deo,
1766 2304 1826 2333 sed
1852 2302 1956 2334 libera
1981 2302 2152 2335 voluntate
2176 2303 2227 2335 sic

1229 2354 1356 2385 ruente,
1380 2346 1459 2377 Erat
1484 2348 1569 2377 enim
1588 2348 1721 2378 condita
1741 2346 1896 2378 voluntas
1917 2357 1991 2378 cum
2015 2345 2181 2378 libertate.

1315 2432 1394 2464 ldeo
1431 2433 1566 2464 dicitur:
1610 2433 1675 2464 Per
1708 2444 1810 2465 unum
1841 2432 2005 2464 hominem
2051 2439 2226 2474 peccatum

1228 2478 1361 2508 intravit
1397 2478 1428 2508 in
1464 2477 1631 2508 mtmdum.
1688 2476 1730 2507 Et
1770 2477 1796 2508 1.
1855 2476 1968 2508 lohan.
2003 2477 2035 2507 ⁶2.
2093 2476 2226 2509 Concu-

1228 2521 1392 2562 piscentia
1428 2521 1539 2553 carnis
1574 2531 1642 2552 non
1666 2527 1718 2552 est
1753 2531 1794 2552 ex
1818 2520 1935 2560 Patre,
1971 2521 2032 2552 sed
2057 2531 2100 2553 ex
2133 2532 2226 2553 mun-

1229 2566 1272 2596 do
1297 2571 1359 2596 est.

1316 2651 1446 2683 Deinde
1469 2658 1547 2694 post
1581 2649 1712 2694 lapsum
1747 2650 1842 2683 fateri
1876 2662 2020 2684 necesse
2055 2657 2116 2687 est,
2148 2661 2226 2684 esse

2011 2712 2066 2737 34·
