2383 2990
178 130 239 162 127

175 224 380 256 conscientia
402 231 592 264 agnoscens
615 226 757 261 peccata
779 229 852 258 sua,
877 230 945 251 non
967 220 1068 251 audet
1084 230 1159 261 spe-

173 276 248 298 rare
273 273 303 297 et
327 272 440 306 petere
464 266 551 295 bona
573 274 593 294 a
616 263 701 294 Deo.
747 263 825 294 ldeo
855 273 998 294 necesse
1021 269 1073 294 est
1095 263 1159 294 sci-
1182 267 1183 272 ¹

172 320 228 347 re,
264 310 352 350 quod
387 315 522 349 propter
546 305 716 338 Christum
738 306 840 337 Pater
873 307 916 337 sit
939 307 1102 348 propitius
1125 312 1159 337 et

173 353 327 393 ignoscat
350 351 458 388 nobis,
483 350 573 391 quod
595 355 732 390 propter
756 349 863 390 ipsum
888 356 978 380 certo
1003 350 1157 380 exaudia-
1182 346 1184 379 ἓ

172 405 256 432 111111,
280 400 311 424 81
335 394 423 435 quod
446 394 518 434 ipse
542 393 583 423 sit
606 391 773 433 pontifex,
808 393 863 433 qui
886 391 1075 433 interpellat
1096 402 1158 434 pro
1184 402 1185 405 ¹

171 438 287 474 nobis,
323 443 356 467 et
390 442 523 467 nostras
547 440 668 476 preces
692 435 787 466 offert
810 436 913 466 Patri.
958 435 1051 466 Haec
1074 435 1158 467 fides
1183 443 1185 467 ἱ

171 480 204 510 111
229 479 396 511 Christum
415 480 447 510 in
471 480 622 509 oratione
645 479 797 509 addenda
822 484 888 516 est,
912 479 956 509 ita
979 485 1012 510 et
1034 479 1088 509 hic
1112 479 1158 510 vi·
1183 499 1185 518 4

172 523 298 560 demus,
317 521 426 564 legem
448 532 514 553 non
539 521 609 553 fieri
634 522 707 552 sine
730 520 876 553 Christo.

259 617 449 648 Gratiarum
483 617 570 647 actio
605 622 656 647 est
690 621 828 647 externa
850 614 1037 656 professio,
1073 626 1158 656 quae
1184 610 1185 629 ³

172 661 269 692 etiam
294 661 399 691 oritur
422 670 463 690 ex
486 661 592 701 primo
616 665 807 700 praecepto.
837 659 922 689 Nam
946 669 1046 699 supra
1064 668 1159 699 prae·
1184 661 1185 692 ἶ

173 704 308 744 cipitur,
343 709 379 734 ut
412 713 506 734 mens
530 708 694 745 agnoscat
716 702 826 733 Deum
850 712 928 733 esse
952 701 1156 739 Creatorem,
1183 705 1186 739 ξ

173 745 395 784 Salvatorem,
430 752 461 777 et
485 752 635 777 autorem
655 746 797 776 onmium
814 745 988 782 bonorum,
1011 743 1063 775 Ac
1082 755 1158 785 pro-

171 796 285 830 pterea
316 789 430 820 deberi
455 790 485 820 ei
508 789 740 831 gratitudinem
764 794 796 819 et
819 788 1050 818 obedientiam.
1097 786 1158 826 Hic
1184 813 1185 819 ,

170 833 273 874 igittu·
306 834 507 874 praecipitur
536 838 671 863 externa
694 831 897 872 praedicatio
922 830 1158 861 beneficiorun.
1184 851 1185 858 1

171 875 252 912 Dei,
287 883 323 907 ut
346 875 432 907 alios
455 876 652 913 inx-itemuS,
685 880 721 905 ut
744 881 775 905 et
798 874 861 914 ipsi
884 874 1027 904 sentiant
1050 872 1157 904 Deum

172 929 248 949 esse
263 919 471 957 Creatorem,
495 917 716 955 Salvatorem,
740 923 889 948 autorem
908 916 1157 955 beneficiorum,

173 968 204 993 et
228 963 384 1003 incipiant
407 973 480 993 eum
503 963 630 998 timere,
655 968 686 992 et
709 959 754 992 illi
780 960 927 990 credere.

259 1055 466 1087 Glorificatio
490 1062 552 1092 est,
575 1056 680 1086 vitare
704 1054 929 1096 blasphemias
942 1062 972 1086 et
987 1053 1159 1092 scandala,

173 1106 205 1131 et
217 1098 343 1130 referre
367 1108 482 1129 omnes
495 1098 645 1129 actiones
659 1108 710 1135 eo,
724 1103 760 1129 ut
773 1097 923 1139 exempla
934 1104 1050 1129 nostra
1063 1108 1158 1138 prae·
1184 1091 1186 1107 '¹

172 1141 303 1174 luceant
328 1141 414 1179 aliis,
438 1142 575 1172 invitent
595 1151 653 1171 805
678 1141 719 1171 ad
743 1142 914 1181 pietatem,
945 1148 1062 1172 ornent
1087 1139 1158 1182 glo-

172 1186 253 1217 riam
277 1185 359 1222 Dei,
395 1186 534 1215 reddant
566 1185 746 1225 gratiorem
781 1192 812 1215 et
846 1184 1159 1215 commendatiorem

172 1229 366 1265 doctrinam.
392 1228 476 1259 sicut
500 1227 661 1268 praecipit
676 1226 848 1259 Christus:
872 1227 1000 1258 Luceat
1021 1226 1078 1258 lux
1102 1236 1158 1257 ve—

172 1278 243 1302 stra
266 1282 377 1302 coram
401 1271 600 1302 hominibus.

217 1467 424 1500 PECCATA
449 1467 633 1500 CONTRA.
655 1466 901 1500 SECUNDUM
925 1466 1115 1498 PRAECE-

599 1528 654 1559 PT
659 1527 734 1559 UM.

260 1684 283 1715 1.
319 1684 479 1715 Omittere
513 1683 758 1714 invocationem
793 1682 874 1722 Dei,
914 1689 943 1713 et
980 1682 1160 1724 gratiarum

173 1728 347 1758 actionem.

261 1813 299 1844 11.
347 1813 508 1844 invocare
531 1811 621 1844 idola
645 1818 676 1843 et
700 1817 847 1843 sanctos.

260 1899 313 1930 111.
359 1898 495 1930 Falsam
519 1898 703 1929 doctrinam
726 1906 887 1939 spargere
899 1903 955 1927 aut
969 1895 1158 1934 defendere,
1185 1906 1188 1949 1

175 1949 207 1975 et
230 1953 342 1974 veram
361 1943 555 1984 depravare,
579 1940 786 1979 calumniari,
810 1941 1003 1972 obscurare.

262 2027 329 2059 1111.

375 2027 497 2070 impios
522 2026 631 2060 cultus
655 2028 828 2060 instituere
852 2033 907 2059 aut
931 2026 1082 2058 retinere.

263 2115 303 2145 V.
349 2115 423 2146 Non
448 2114 597 2146 confiteri
622 2125 736 2146 veram
757 2110 952 2151 doctrinam,
976 2122 1051 2144 811111
1063 2112 1162 2156 inter—
1185 2101 1191 2160 ξ

177 2168 342 2200 rogamur.

263 2243 319 2274 VI.
365 2243 439 2275 Non
463 2244 584 2275 docere
606 2242 835 2285 Evangelium,
860 2243 915 2275 ubi
936 2240 1083 2284 postulat
1105 2252 1162 2272 vo-

177 2287 274 2319 catio.

263 2371 333 2404 Vll.
379 2372 455 2404 Non
485 2370 663 2404 consulere
686 2372 864 2414 ambigenti
885 2370 1078 2408 Ecclesiae,
1101 2380 1164 2401 1188

180 2415 360 2447 diiudicare
382 2416 558 2457 ambiguas
582 2416 853 2453 controversias,
887 2416 916 2446 si
938 2412 1084 2456 postulet
1106 2424 1164 2444 vo-

181 2458 278 2490 catio.
322 2458 408 2489 Nam
430 2457 496 2489 hoc
519 2464 570 2490 est
591 2459 808 2500 praecipuum
825 2457 1069 2499 Episcoporum
1092 2455 1165 2487 offi-

181 2501 284 2538 cium,
306 2511 442 2539 curare,
474 2507 511 2533 ut
533 2502 752 2533 diiudicentur
774 2502 948 2543 ambiguae
973 2506 1166 2532 controver-

180 2543 259 2576 siae.
304 2543 388 2575 Nam
413 2545 578 2576 dubitatio
602 2552 654 2576 est
676 2543 846 2576 horribilis
871 2543 1065 2577 carnificina
1088 2553 1165 2574 8011-

181 2587 411 2625 scientiarum,
445 2593 478 2618 et
499 2588 586 2629 parit
610 2588 878 2630 desperationem
901 2593 933 2619 81
955 2587 1164 2629 impietatem.

1187 2567 1191 2602 Ι

811 125 925 157 PHIL.
949 124 1053 156 MEL.
1072 124 1262 158 SCRIPTA
1279 126 1562 158 DOGMATICA.

1185 1959 1188 1977 -’
1213 1958 1382 1998 praecepit
1418 1968 1438 1988 a
1470 1957 1568 1988 nobis
1603 1955 1716 1986 amari.

2136 129 2199 162 128

1296 220 1382 251 Vlll.
1418 220 1573 262 Pugnant
1596 231 1671 252 811111
1693 221 1760 251 1108
1783 229 1962 262 praecepto
1986 227 2019 253 et
2042 221 2197 263 blasphe-

1210 264 1308 301 miae,
1333 262 1507 294 maledicta
1530 264 1693 294 adversus
1718 263 1845 302 Deum,
1881 275 1965 305 quae
1989 271 2065 295 sunt
2090 266 2193 304 varia,

1182 311 1184 339 ἶ
1209 313 1246 337 ut
1269 316 1442 338 sermones
1465 306 1632 347 Epicurei,
1667 307 1786 347 quibus
1820 308 1909 347 impii
1943 313 1975 338 et
2008 309 2119 339 securi
2143 318 2197 339 su·

1210 351 1313 390 perbe
1336 350 1486 380 derident
1509 349 1629 387 Deum,
1654 356 1687 380 et
1709 350 1856 381 iudicant
1878 349 2097 392 Evangelium
2120 361 2199 383 esse

1209 391 1409 424 fabulosum.
1453 392 1533 423 Item
1558 391 1733 423 maledicta
1757 392 2012 434 Hypocritarum
2035 394 2198 425 adversus

1210 446 1325 468 verum
1348 436 1467 473 Deum,
1492 441 1522 466 et
1547 445 1647 466 veros
1672 434 1781 467 cultus
1795 435 1871 474 Dei,
1895 442 1928 466 ut
1952 437 2071 477 impiae
2094 446 2197 468 voces

1212 478 1396 510 Pharaonis
1421 485 1451 509 et
1477 478 1661 516 Rabsacis,
1696 486 1729 509 et
1751 478 2011 511 Pharisaeorum
2033 480 2198 511 adversus

1211 521 1380 552 Christum
1415 527 1449 552 et
1471 520 1665 561 Apostolos.
1712 521 1792 552 118111
1815 521 1992 553 maledicta
2018 523 2198 563 desperan-

1183 579 1185 603 i
1211 565 1302 595 tium.
1333 564 1487 605 Denique
1511 575 1627 595 01111185
1652 575 1838 603 sermones,
1864 566 1983 607 quibus
2009 566 2198 598 concutitur

1211 608 1295 638 tides
1325 608 1356 638 in
1385 608 1542 645 infirmis,
1579 613 1610 638 et
1634 606 1838 638 deformatur
1863 607 1971 650 gloria
1993 607 2074 646 Dei,
2109 609 2199 640 sicut

1210 650 1276 680 hoc
1311 656 1461 691 tempore
1496 650 1646 681 homines
1683 649 1795 682 callidi
1830 662 1931 692 saepe
1960 650 2107 682 alienant
2129 651 2198 682 ani-

1184 701 1185 704 ’
1210 703 1283 724 11105
1317 693 1484 724 11011111111111
1515 695 1557 724 ab
1586 692 1771 735 Evangelio
1808 693 1980 725 calumniis
2015 693 2196 726 artificiose

1210 737 1418 779 excogitatis.

1299 838 1356 869 IX.
1387 838 1521 869 Violant
1546 840 1727 870 secundum
1751 845 1964 879 praeceptum
1988 845 2019 870 et
2042 840 2198 880 periuria,

1184 883 1349 923 ¹primum
1385 883 1461 923 quia
1494 888 1630 912 utuntur
1664 882 1796 912 nomine
1817 881 1899 920 Dei,
1935 891 2010 913 eum
2044 887 2197 923 peccent,

1210 931 1382 966 praetextu
1416 925 1559 956 nominis
1595 925 1695 956 divini
1720 931 1884 956 conantur
1907 931 2023 966 tegere
2046 932 2198 966 peccata.

1211 969 1388 1006 Secundo,
1424 979 1499 999 cum
1522 968 1615 999 Dens
1645 969 1689 998 ibi
1713 975 1868 1009 tanquam
1892 969 1989 998 testis
2012 969 2198 1006 invocetur,

1184 1025 1186 1029 ’
1210 1012 1362 1052 periurus
1385 1010 1486 1042 laedit
1510 1010 1648 1052 gloriam
1673 1011 1753 1048 Dei,
1789 1012 1862 1052 quia
1888 1017 2047 1051 quantum
2070 1011 2200 1052 inssipso

1211 1060 1274 1091 est,
1307 1053 1416 1085 Deum
1449 1053 1527 1085 facit
1561 1053 1683 1085 falsum
1717 1059 1846 1084 testem.
1898 1053 2010 1085 Tertio
2045 1054 2200 1095 periurus

1212 1096 1301 1128 clare
1333 1097 1505 1137 profitetur
1529 1107 1567 1128 58
1592 1103 1805 1128 contemnere
1828 1097 1983 1128 indicium
2007 1096 2089 1135 Dei,
2123 1097 2202 1138 quia

1210 1141 1323 1171 iurans
1358 1141 1560 1180 imprecatur
1593 1140 1657 1170 sibi
1692 1141 1774 1170 iram
1796 1139 1878 1177 Dei,
1914 1141 1943 1170 si
1966 1138 2068 1171 fallat.
2117 1139 2201 1171 Cum

1211 1184 1310 1226 igitur
1342 1182 1460 1214 fefellit
1496 1183 1606 1213 sciens
1632 1193 1671 1214 ac
1695 1182 1835 1219 volens,
1869 1181 1979 1223 palam
2003 1183 2202 1224 contempsit

1210 1227 1365 1257 iudicium
1399 1225 1474 1256 Dei.
1533 1225 1629 1256 Hunc
1664 1224 1875 1256 manifestum
1910 1231 2134 1266 contemptum
2168 1231 2201 1257 et

1210 1268 1305 1300 Deus
1329 1270 1437 1309 punit,
1475 1275 1507 1299 et
1539 1269 1659 1299 debent
1678 1267 1773 1310 leges
1797 1268 2048 1309 magistratuum
2071 1268 2200 1309 punire.

1211 1311 1295 1343 Cum
1317 1312 1418 1354 igitur
1440 1318 1506 1342 tam
1530 1310 1632 1343 multa
1656 1319 1792 1352 peccata
1817 1312 1883 1341 sint
1899 1312 1931 1342 in
1943 1312 2100 1352 periurio,
2123 1321 2202 1342 con-

1211 1355 1352 1386 suetudo
1388 1365 1489 1394 saepe
1524 1354 1653 1385 iurandi
1683 1356 1756 1385 sine
1778 1364 1901 1395 magna
1925 1364 2028 1385 causa
2051 1360 2084 1385 et
2106 1353 2202 1396 gravi

1211 1396 1450 1429 deliberatione
1474 1395 1571 1429 valde
1594 1396 1787 1438 periculosa
1809 1402 1868 1427 est.

1297 1483 1338 1514 X.
1384 1481 1521 1514 Violant
1554 1482 1620 1514 hoc
1652 1488 1866 1523 praeceptum
1901 1487 1933 1512 et
1957 1482 2201 1520 execrationes,

1211 1527 1287 1568 quia
1310 1526 1343 1556 in
1366 1525 1418 1556 his
1441 1527 1617 1556 invocatur
1630 1525 1723 1556 Deus
1745 1531 1862 1556 contra
1885 1534 1983 1556 suum
2000 1525 2202 1563 mandatum,

1211 1576 1245 1600 nt
1280 1575 1403 1600 noceat
1436 1567 1519 1600 aliis.
1578 1568 1640 1599 Hic
1663 1569 1790 1599 abusus
1815 1578 1913 1609 quam
1937 1568 1980 1598 sit
2001 1567 2201 1610 flagitiosus,

1213 1611 1335 1643 clarius
1359 1612 1506 1653 perspici
1528 1618 1651 1652 potest,
1675 1612 1703 1642 si
1730 1611 1962 1642 consideretur
1975 1621 2074 1652 quam
2096 1609 2202 1642 multa

1184 1670 1187 1693 3
1212 1662 1352 1696 peccata
1376 1657 1441 1686 sint
1463 1656 1495 1685 in
1520 1655 1743 1685 execratione.
1778 1655 1923 1685 Primum
1946 1660 1997 1684 est
2019 1655 2203 1685 irreveren-

1214 1700 1266 1730 tia.
1313 1699 1397 1729 Nam
1431 1708 1626 1739 nuncupare
1649 1697 1776 1735 Deum,
1813 1704 1864 1728 est
1899 1698 2058 1728 invocare
2081 1696 2202 1728 Deum.

1213 1741 1274 1772 Est
1308 1748 1419 1772 autem
1441 1740 1538 1772 Deus
1574 1741 1663 1772 serio
1699 1747 1730 1771 et
1753 1750 1872 1781 magna
1898 1740 2088 1771 reverentia
2110 1741 2202 1771 invo-

1185 1815 1187 1818 .
1215 1785 1353 1816 candus.
1384 1784 1431 1816 Ita
1456 1791 1488 1815 et
1512 1794 1632 1815 nomen
1655 1782 1890 1824 appellandum
1915 1790 1965 1814 est
1991 1783 2136 1814 5811081
2152 1793 2204 1814 re-

1214 1835 1375 1859 verenter.
1424 1826 1622 1869 Plerumque
1658 1827 1793 1858 effundit
1813 1827 2043 1858 execrationes
2072 1827 2203 1857 vanitas

1214 1871 1377 1912 quaedam
1407 1877 1463 1902 aut
1492 1871 1664 1902 iracundia
1694 1872 1766 1900 sine
1789 1870 1986 1900 reverentia.
2033 1868 2204 1907 Secundo,

1214 1914 1309 1945 Deus
1343 1924 1412 1945 non
1446 1920 1496 1945 est
1531 1913 1757 1950 invocandus,
1793 1919 1828 1943 ut
1851 1918 1971 1943 noceat
1995 1910 2081 1950 illis,
2117 1921 2204 1953 quos

1762 1955 1828 1986 13111
1862 1956 1896 1986 111
1919 1953 1984 1986 11115
2008 1954 2204 1997 vulgaribus

1214 2001 1482 2032 execrationibus
1523 2000 1699 2030 invocatur
1731 1998 1827 2029 Deus
1863 2005 1980 2029 contra
2013 1999 2204 2029 mandatum

1214 2054 1328 2082 suum,
1362 2049 1398 2074 ut
1431 2049 1551 2074 noceat.
1573 2041 1652 2079 11115,
1687 2042 1808 2083 quibus
1832 2042 1994 2073 debemus
2019 2041 2107 2072 bona
2129 2050 2203 2082 pre-

1215 2087 1294 2118 cari.
1349 2085 1540 2127 Prophetae
1563 2085 1727 2116 interdum
1759 2090 1961 2116 execrantur
1994 2094 2036 2115 ac
2069 2083 2204 2116 maledi-

1216 2136 1306 2168 cunt,
1330 2130 1392 2161 sed
1414 2135 1542 2160 tantum
1566 2126 1771 2169 blasphemis
1797 2134 1829 2159 et
1843 2128 2034 2166 obstinatis,
2058 2128 2113 2169 qui
2135 2137 2203 2158 non

1215 2173 1367 2204 desinunt
1391 2172 1547 2213 persequi
1570 2182 1684 2203 veram
1709 2171 1893 2202 doctrinam
1917 2177 1949 2202 et
1968 2169 2202 2202 νει-0581111115.

1216 2216 1250 2247 In
1275 2227 1311 2247 re
1334 2221 1425 2247 tanta
1448 2214 1485 2246 fit
1507 2215 1596 2246 serio
1619 2215 1813 2256 imprecatio
1845 2224 1907 2245 seu
1935 2214 2116 2245 execratio.
2160 2213 2203 2244 Et

1215 2259 1407 2301 magnitudo
1429 2257 1528 2289 huius
1551 2257 1693 2299 exempli
1718 2258 1896 2289 admoneat
1917 2267 2000 2296 nos,
2029 2267 2073 2288 ne
2095 2263 2202 2288 trans·

1216 2300 1362 2334 seramus
1386 2301 1615 2333 execrationes
1640 2301 1682 2332 ad
1706 2300 1859 2343 vulgaria
1883 2301 2034 2342 negotia,
2069 2300 2147 2342 quia
2169 2300 2202 2331 in

1215 2356 1280 2377 usu
1313 2345 1490 2376 temerario
1513 2344 1666 2376 recidunt
1688 2345 1720 2375 in
1745 2346 1843 2386 caput
1866 2343 1956 2382 eius,
1979 2344 2034 2386 qui
2058 2343 2202 2374 abutitur

1216 2389 1348 2420 nomine
1366 2387 1440 2420 Dei.

1302 2500 1359 2532 XI.
1404 2498 1542 2532 Violant
1576 2499 1761 2531 secundum
1792 2504 2009 2540 praeceptum
2037 2505 2070 2530 et
2090 2507 2201 2530 mores

1216 2543 1295 2575 mali
1318 2543 1480 2580 omnium,
1511 2552 1651 2585 quorum
1673 2540 1824 2583 exempla
1845 2546 1968 2573 nocent
1989 2540 2073 2574 aliis.
2121 2541 2202 2573 Item

1217 2585 1402 2618 deformant
1424 2584 1653 2628 Evangelium.
