2383 2990
165 131 232 164 649

900 104 904 106 ἡ
934 126 1006 159 vn.
1040 126 1103 158 DE
1126 124 1440 158 POENITEN'HA.

2138 125 2206 156 650

165 227 282 263 tentia,
305 235 404 268 quam
428 225 461 256 in
474 223 631 256 Ecclesia
655 234 788 265 semper
812 229 927 255 extare
948 223 1160 264 perspicuam
1184 224 1187 268 ζ
1211 228 1274 260 tes,
1292 232 1359 253 non
1384 221 1638 253 considerantes
1673 221 1755 251 iram
1779 219 1862 258 Dei,
1897 226 1953 251 aut
1976 220 2073 251 etiam
2097 218 2207 252 elatae

166 279 309 301 necesse
344 275 412 307 est,
443 275 474 299 et
499 278 599 310 quam
629 267 752 310 singuli
782 267 934 299 homines
959 267 1106 308 quotidie
1128 266 1160 297 in
1185 284 1188 302 1
1211 266 1300 296 inani
1336 264 1458 296 fiducia
1493 275 1575 295 suae
1610 264 1811 305 sapientiae,
1846 273 1928 294 suae
1959 264 2120 302 iustitiae,
2151 269 2208 295 aut

166 313 379 345 invocatione
412 318 513 343 totam
546 312 697 353 cogitare
732 312 864 342 debent.
912 309 1023 341 Credo
1050 315 1161 341 autem

165 363 271 394 recte,
295 363 328 387 et
350 357 530 397 perspicue
554 354 754 395 explicatam
779 364 857 385 6556
886 354 920 385 111
949 353 1074 384 nostris
1098 351 1161 383 Ec·
1186 375 1188 384 .

166 399 294 439 6165115,
329 406 361 431 et
385 400 427 431 de
451 410 491 430 ea
513 400 698 437 sententia,
721 409 820 440 quaxn
844 398 877 429 in
906 396 992 428 locis
1017 395 1162 438 comple-

166 454 231 476 xus
255 454 342 482 sum,
365 442 447 474 nihil
467 449 566 474 muto.

257 546 339 579 Cum
353 554 463 578 autem
477 546 636 588 Synodus
649 545 875 576 Bononiensis
889 544 1005 575 ordine
1024 543 1065 574 de
1088 553 1163 584 par-

168 593 267 623 tibus
293 589 410 622 fecerit
446 591 599 628 decreta,
633 599 772 631 quorum
803 587 869 619 alia
893 588 1051 629 ambigna
1074 593 1163 624 sunt,

168 634 234 667 alia
249 642 365 676 aperte
379 633 481 665 {alsat
507 634 614 664 dicam
628 633 773 664 breviter
787 632 828 663 de
843 630 985 672 singulis
999 630 1164 672 partibus,

169 689 236 710 non
260 684 295 709 ut
318 676 393 720 plus
417 678 459 708 sit
482 677 708 708 intricatarum
729 675 999 716 disputationum,
1022 673 1082 705 5611
1106 685 1165 716 po-

169 722 235 754 tius
259 728 294 754 ut
313 719 446 753 evoluta
470 720 623 753 doctrina
645 718 778 762 planius
801 716 1015 760 intelligatur.

469 927 532 959 DE
556 924 867 958 CONTRITIONE.

259 1067 383 1099 Omitto
418 1067 510 1098 rixas
547 1066 589 1097 (16
620 1065 732 1096 causis
768 1064 990 1096 contritionis.
1036 1063 1068 1095 Si
1103 1065 1168 1096 sint

171 1113 262 1151 veri,
286 1118 317 1142 et
341 1121 407 1142 non
432 1109 577 1141 sinmlati
602 1119 747 1150 pavores
776 1115 806 1139 et
843 1106 979 1139 dolores
1003 1109 1169 1140 intuentes

171 1157 255 1188 iram
277 1154 343 1187 Dei
367 1155 532 1185 adversus
557 1158 708 1194 peccata,
733 1159 763 1183 et
789 1152 930 1184 accedat
954 1152 1049 1190 tides,
1083 1163 1170 1194 <luae

172 1198 253 1231 facit
288 1209 329 1229 ex
364 1198 484 1229 timore
520 1195 810 1233 561111111111116111,
846 1196 921 1226 dico
953 1206 1031 1226 6556
1054 1207 1168 1227 veram

173 1243 427 1280 contritionem,
463 1247 494 1272 et
519 1240 687 1272 assentior
710 1239 773 1271 has
805 1249 927 1270 causas
953 1250 1169 1278 concurrere,

171 1285 388 1318 verbm-nDei
413 1295 559 1327 arguens
583 1290 770 1325 peccatum,
797 1291 827 1314 et
843 1282 951 1314 Deum
974 1282 1041 1313 hoc
1064 1284 1168 1314 verbo

171 1330 387 1361 incutientem
410 1335 583 1366 terrorem,
608 1334 640 1358 et
663 1334 806 1358 mentem
830 1327 1033 1369 cogitantem
1059 1327 1100 1357 de
1120 1327 1168 1358 ira

171 1373 256 1411 Dei,
279 1379 311 1404 et
335 1371 560 1409 voluntatem,
585 1378 613 1402 et
648 1381 707 1401 cor
730 1372 820 1402 serio
851 1381 1101 1412 expavescenS,
1138 1377 1169 1402 et

172 1415 291 1449 dolens
316 1416 405 1458 quod
431 1415 605 1446 offenderit
629 1413 750 1445 Deum.
786 1412 900 1445 Talem
926 1412 1070 1456 aliquam
1091 1424 1170 1445 con-

171 1461 340 1492 tritionem
376 1460 453 1491 dico
489 1458 718 1489 necessariam
754 1467 850 1495 esse,
896 1464 931 1489 ut
971 1458 1170 1498 saepissime

171 1504 332 1545 seriptum
369 1508 431 1543 est,
461 1503 492 1533 ΞΣ.
529 1500 679 1533 Corinth.
715 1501 743 1533 7.
780 1500 976 1532 contristati
1012 1503 1092 1532 65115
1127 1502 1169 1532 ad

170 1547 421 1590 poenitentiam.
479 1546 602 1576 Esaiae
636 1544 690 1576 66.
747 1545 801 1575 Ad
836 1556 933 1588 quem
969 1546 1170 1586 respiciam?

171 1591 234 1622 nisi
259 1591 301 1621 ad
326 1587 553 1627 humiliatum,
588 1594 621 1619 et
656 1589 833 1619 contritum
858 1589 1025 1630 spiritum.
1049 1596 1078 1620 et
1106 1595 1169 1619 tre-

170 1640 315 1665 mentem
347 1643 522 1664 sermones
546 1641 653 1663 111605.
700 1631 741 1662 Et
765 1631 890 1664 Ezech-
913 1633 966 1664 20.
1003 1631 1169 1674 Displice-

170 1678 249 1710 bitis
273 1677 371 1709 vobis
395 1677 428 1707 in
453 1681 640 1717 conspectu
663 1679 789 1706 vestra.

260 1762 313 1794 Ac
342 1763 457 1795 variae
481 1767 626 1804 possunt
654 1771 732 1792 esse
764 1761 961 1792 occasiones
989 1761 1168 1793 inchoandi

174 1804 338 1844 dolorem,
364 1812 397 1838 ut
421 1805 519 1837 aliter
541 1811 686 1836 vocatur
699 1804 887 1842 Zachaeus,
911 1803 1007 1836 aliter
1031 1805 1168 1845 Paulus,

173 1849 271 1882 aliter
294 1850 496 1887 hlanasses,
531 1848 628 1880 aliter
659 1847 778 1880 111111161·
806 1849 988 1890 peccatrix.
1035 1849 1102 1880 Sed
1138 1851 1168 1881 111

174 1894 328 1924 omnibus
352 1903 495 1925 11866556
520 1899 569 1923 651
600 1892 745 1923 existere
764 1902 927 1933 favores,
964 1900 995 1923 et
1020 1893 1169 1932 (1010165,

173 1943 206 1969 et
240 1938 322 1968 varii
350 1936 486 1968 dolores
510 1937 711 1973 miscentur,
746 1946 832 1978 quos
857 1934 1022 1967 subtiliter
1046 1938 1169 1968 (115661-

173 1991 253 2012 nere
288 1991 356 2012 non
393 1987 444 2011 est
474 1991 579 2022 opus,
610 1986 644 2010 ut
674 1978 728 2011 alii
753 1981 965 2021 disputarunt
990 1981 1031 2011 de
1054 1992 1170 2012 amore

172 2025 331 2062 iustitiae,
355 2031 386 2056 et
412 2025 529 2055 timore
554 2034 694 2064 poenae.
741 2023 808 2055 lino
834 2021 901 2054 vult
921 2022 1016 2055 Deus
1040 2034 1168 2065 poenas

173 2068 288 2105 metui,
312 2074 345 2099 ct
369 2078 446 2098 esse
470 2078 528 2098 eas
553 2065 646 2098 velut
670 2077 787 2098 vocem
813 2067 956 2098 divinam
981 2078 1170 2099 commone-

173 2108 353 2142 facientem
379 2117 483 2142 totum
509 2121 616 2152 genus
641 2111 822 2142 humanum
858 2111 900 2141 de
930 2112 978 2141 ira
1003 2112 1170 2143 adversus

172 2160 361 2195 peccatum,
387 2160 419 2185 ut
444 2160 610 2185 testantur
633 2153 887 2186 maledictiones
916 2156 946 2185 in
972 2153 1058 2197 lege,
1083 2166 1170 2197 quae

172 2204 310 2240 propter
334 2198 396 2229 has
421 2198 504 2228 duas
530 2207 652 2229 causas
675 2198 808 2229 additae
832 2204 909 2230 sunt
934 2197 1011 2240 legi.

260 2300 407 2333 Primum
440 2307 476 2332 ut
506 2301 653 2332 sciamus
689 2311 773 2342 opus
805 2312 882 2334 esse
917 2303 1061 2334 institiae
1091 2302 1168 2336 Dei.

173 2345 262 2387 quod
283 2353 424 2386 peccata
437 2346 619 2386 prniuntur
630 2346 732 2385 tantis
747 2344 1002 2378 calamitatibus.
1038 2345 1169 2379 Deinde

171 2395 208 2420 ut
231 2389 379 2420 sciamus
399 2389 462 2420 has
487 2389 580 2429 ipsas
607 2387 826 2427 calamitates,
851 2400 929 2421 esse
944 2401 1060 2422 vocem
1084 2389 1169 2434 legis

173 2432 529 2465 commonefacitmtem
554 2442 617 2464 nos
640 2433 682 2464 de
704 2434 918 2474 poenitentia.

261 2526 319 2559 Sic
340 2529 469 2569 passim
493 2527 684 2568 Prophetae
703 2526 884 2570 loquuntur
908 2529 949 2560 de
973 2528 1169 2562 calamitati-

171 2571 249 2610 buS,
272 2578 308 2602 ut.
330 2572 362 2603 in
377 2570 527 2602 Psalmo:
553 2571 695 2612 Propter
717 2572 905 2614 iniquitates
923 2573 1063 2615 corripis
1082 2573 1169 2606 filios

173 2613 354 2647 hominum.
391 2613 580 2657 Displicent
592 2614 669 2647 Deo
692 2615 896 2649 horribiliter
919 2627 1062 2650 securae
1080 2629 1170 2650 nten-

1186 313 1187 321 1

1186 349 1188 362 t

1212 309 1394 350 potentiae,
1429 309 1515 339 sicut
1551 306 1676 338 Paulus
1711 308 1754 338 ad
1789 307 1914 348 Ephes.
1949 307 2054 348 inquit
2087 308 2208 349 impios

1214 363 1290 383 6558
1314 351 1531 391 ἀπηλγηκόῖας,
1568 351 1601 382 id
1624 356 1686 390 651,
1711 351 1783 382 sine
1808 349 1926 382 dolore
1956 351 2082 389 vivere,
2105 357 2138 381 ct
2160 350 2208 381 Ie-

1213 396 1351 426 remias:
1376 395 1588 426 Erubescere
1611 395 1812 426 nescierunt.

1303 481 1415 516 Quare
1450 481 1598 512 sciamus
1633 480 1847 512 temulentam
1881 480 1983 511 vitam
2011 480 2042 511 in
2075 480 2142 512 otio
2177 485 2211 512 et

1188 543 1190 552 ›
1214 523 1444 566 voluptatibus
1468 523 1566 555 valde
1590 523 1812 565 periculosam
1836 534 1927 561 esse,
1953 532 1981 555 61
1997 523 2092 555 Deus
2116 534 2210 564 prae-

1193 2177 1200 2285 t

1216 569 1312 609 cipue
1337 579 1433 598 snam
1459 566 1645 599 Ecclesiam
1674 568 1816 599 subiecit
1840 567 1950 605 cruci,
1980 568 2058 609 quia
2082 567 2211 609 praeci-

1215 622 1281 654 pue
1305 612 1337 642 in
1355 610 1511 642 Ecclesia
1531 610 1599 641 vult·
1624 612 1774 651 conspici
1799 611 1880 642 iram
1904 611 1964 642 adi
1974 621 2071 642 ersus
2092 621 2211 653 pecca-

1217 663 1298 694 tum,
1322 666 1396 686 cum
1420 665 1493 686 eam
1517 654 1659 686 mundus
1684 654 1844 697 negligat.

1305 740 1400 773 Haec
1436 741 1602 772 sententia
1638 741 1679 771 de
1714 741 1925 778 contritione,
1962 739 2042 772 niltil
2077 741 2213 773 obscuri

1220 786 1378 816 continet.
1426 784 1563 826 Loquor
1588 785 1672 815 enim
1698 784 1739 815 de
1765 786 1851 815 16115
1873 783 2045 816 doloribus
2070 785 2125 826 qui
2138 795 2213 816 5611-

1219 830 1356 866 tiuntur,
1382 835 1528 869 suntque
1553 828 1584 858 111
1609 827 1683 858 aliis
1708 828 1827 866 minus,
1851 829 1881 858 in
1901 827 2092 870 aliismagis
2105 838 2214 867 aeres,

1219 879 1253 904 ut
1278 871 1443 903 Ezechias
1468 873 1588 913 iuquit:
1613 872 1700 902 Sicut
1729 871 1797 902 Leo
1822 872 1974 903 contrivit
2000 872 2109 902 onmia
2133 882 2214 903 ossa

1221 927 1294 947 mea
1325 922 1390 947 etc.
1437 915 1529 946 Haec
1560 922 1685 946 tantum
1717 916 1897 946 11111110111.10
1930 915 2146 957 adiungatur,
2179 921 2216 946 ut

1220 961 1294 990 51116
1314 959 1521 990 obscuritate
1547 959 1781 990 discernantur
1805 960 1902 990 timor
1921 958 2065 997 servilis,
2090 957 2215 990 6111113-

1221 1002 1275 1041 lis,
1299 1013 1359 1034 seu
1380 1001 1477 1033 dolor
1502 1002 1614 1040 tudae,
1639 1009 1669 1033 et
1690 1001 1787 1033 dolor
1808 1003 1906 1034 l'etri.
1953 1002 2065 1033 Timor
2083 1001 2216 1034 servilis

1223 1053 1275 1078 est
1307 1057 1408 1077 verus
1444 1056 1551 1088 pavor
1587 1047 1659 1077 51116
1695 1046 1770 1077 tide.
1818 1046 1886 1078 Sed
1911 1047 2007 1077 timor
2031 1044 2141 1077 filialis
2167 1046 2215 1084 fit,

1223 1101 1298 1122 cum
1323 1090 1363 1121 ad
1389 1101 1548 1131 patorem
1573 1091 1701 1121 accedit
1727 1090 1821 1128 fides,
1846 1101 1910 1132 qua
1935 1100 2008 1121 cum
2029 1090 2140 1130 incipit
2156 1100 2215 1121 cor

1223 1135 1387 1165 accedere
1411 1134 1451 1163 ad
1476 1132 1603 1171 Deum,
1628 1140 1660 1164 et
1685 1135 1916 1165 accenduntur
1938 1134 2028 1164 initia
2052 1134 2147 1171 fidei,
2183 1138 2216 1165 et

1224 1178 1311 1218 spei:
1343 1177 1472 1208 5111111611
1499 1187 1537 1208 se
1562 1177 1655 1215 Deo,
1693 1184 1724 1208 et
1748 1179 1920 1219 prae-licat
1948 1178 2019 1208 eius
2047 1177 2215 1217 tus-titiam,

1224 1221 1313 1251 1111111
1335 1219 1431 1252 1111111;
1455 1220 1526 1251 Tibi
1551 1220 1695 1253 Domine
1719 1221 1860 1260 iustitia,
1884 1222 1982 1253 nobis
2005 1228 2115 1252 autem
2140 1231 2218 1252 con-

1224 1263 1313 1296 fusio
1337 1272 1402 1296 etc.

1313 1351 1491 1383 Caeterum
1522 1351 1607 1383 haec
1637 1352 1702 1382 duo
1725 1352 1920 1383 necessario
1944 1350 2219 1392 reprehendenda

1224 1402 1302 1426 sunt
1326 1396 1358 1426 in
1383 1395 1534 1426 doctrina
1560 1395 1803 1426 Monachus-unt
1829 1396 1869 1426 de
1894 1396 2104 1434 contritione,
2129 1395 2219 1436 quod

1225 1447 1387 1481 quaerunt
1409 1440 1630 1470 sustu-iontem
1658 1441 1901 1477 contritionem,
1927 1445 1957 1470 et
1983 1440 2101 1469 111-111116
2125 1438 2219 1470 aflin-

1225 1490 1302 1525 gunt
1332 1482 1490 1514 horribile
1514 1484 1737 1521 mendacium,
1775 1483 1862 1515 hanc
1892 1482 2114 1514 sufficientem
2140 1493 2220 1513 con-

1224 1528 1390 1558 tritionem
1416 1528 1534 1557 mereri
1560 1528 1790 1557 remissionem
1816 1533 2050 1568 peccatorum,
2085 1537 2148 1557 1166
2172 1527 2219 1557 di-

1224 1578 1301 1602 cunt
1329 1572 1369 1601 116
1396 1570 1461 1601 title
1486 1571 1591 1613 gratis
1616 1571 1802 1612 accipiente
1827 1571 2057 1602 remissionem
2083 1576 2220 1611 propter

1224 1615 1451 1645 mediatorem.
1500 1614 1538 1645 lli
1564 1625 1698 1645 61111165
1724 1620 1798 1645 511111
1825 1616 1934 1655 magni
1960 1620 1991 1645 et
2015 1615 2103 1645 tetri.
2131 1613 2219 1649 Quid

1224 1665 1273 1688 est
1300 1660 1385 1689 enim
1411 1669 1573 1699 ‹piat-rere
1597 1657 1820 1689 sufficientem
1857 1659 2104 1689 contritionem
2138 1655 2220 1688 nulli

1223 1700 1358 1732 dolores
1383 1700 1483 1732 ullius
1509 1709 1683 1732 creaturae
1708 1702 1918 1743 quantumvis
1953 1702 2084 1744 magni,
2117 1711 2218 1742 pares

1223 1752 1299 1776 511111
1325 1746 1394 1776 irae
1418 1744 1501 1782 Dei,
1533 1752 1566 1777 ut
1603 1746 1738 1777 dicitur:
1774 1745 1868 1776 Deus
1898 1746 1984 1787 ignis
2016 1755 2218 1776 consumens

1223 1796 1287 1827 651,
1312 1800 1374 1820 nec
1394 1795 1533 1830 possunt
1558 1800 1778 1830 cunipensare
1803 1796 1990 1830 peccatum,
2016 1795 2218 1830 6111001110-

1223 1833 1277 1874 gis
1304 1832 1548 1863 (·1·651·1111υ1111·
1577 1834 1650 1863 51116
1687 1833 1767 1871 title,
1805 1844 1844 1864 60
1882 1833 1987 1874 tnagis
2024 1839 2219 1874 merguntur

1223 1877 1320 1907 animi
1347 1878 1377 1907 in
1403 1884 1542 1908 mortem
1567 1883 1598 1908 et
1623 1877 1768 1908 exitium.
1811 1876 1889 1908 ldeo
1914 1887 2054 1908 11666556
2079 1883 2132 1908 est
2154 1875 2218 1908 hos

1223 1930 1357 1952 errores
1377 1921 1495 1951 taxari.

1311 2007 1345 2038 111
1361 2006 1468 2038 altero
1483 2018 1608 2045 errore,
1634 2008 1731 2038 ctiam
1755 2006 1960 2048 deploranda
1975 2013 2007 2038 61
2021 2006 2218 2039 detestanda

1223 2057 1275 2082 est
1313 2052 1471 2089 caecitas,
1509 2062 1581 2082 cuni
1615 2052 1728 2082 dit-unt
1766 2052 1998 2082 contritionem
2024 2051 2218 2082 1116161116-

1224 2095 1415 2125 missionem
1443 2102 1676 2136 pet-catorum,
1702 2095 1755 2126 uhi
1781 2094 1983 2125 tram-serunt
2010 2096 2041 2126 in
2067 2101 2218 2126 nostrum

1224 2149 1309 2180 opus
1334 2138 1495 2169 honorem
1522 2139 1665 2169 «1611111111
1700 2138 1768 2169 tilio
1792 2137 1874 2177 Dei,
1911 2146 1941 2169 et
1968 2137 2092 2170 l’aulus
2116 2139 2217 2169 toties

1224 2180 1366 2213 inculcat
1392 2181 1588 2223 partit-ulam
1613 2183 1734 2224 gratis,
1769 2193 1833 2224 qua
1858 2182 2022 2221 ext-ludit,
2058 2188 2091 2213 ut
2116 2191 2219 2223 saepe

1223 2226 1346 2256 dictum
1371 2232 1438 2259 est,
1470 2236 1536 2257 non
1568 2227 1801 2257 contritionem
1833 2232 1863 2257 et
1889 2234 2042 2258 caeteras
2066 2226 2219 2265 virtutes,

1222 2280 1288 2299 non
1314 2269 1549 2310 cogitationem
1583 2271 1624 2301 de
1648 2270 1694 2300 ira
1720 2268 1783 2300 Dei
1814 2276 1845 2301 et
1870 2270 1911 2301 de
1935 2270 2219 2311 promissionibus

1222 2319 1287 2343 etc.
1312 2314 1371 2343 sed
1397 2312 1544 2344 excludit
1569 2314 1774 2355 dignitatem,
1800 2324 1861 2344 seu
1886 2315 2075 2355 opinionem
2100 2313 2218 2345 meriti·

1222 2356 1352 2387 Deinde
1378 2364 1522 2397 (plantae
1547 2359 1706 2388 tenebrae
1730 2363 1819 2395 sunt,
1845 2358 1934 2399 quod
1959 2369 2025 2389 non
2045 2356 2153 2389 solum
2172 2358 2219 2389 ni-

1223 2399 1267 2432 hil
1304 2400 1345 2430 de
1380 2400 1445 2431 fide
1480 2401 1512 2431 in
1548 2402 1699 2432 doctrina
1735 2401 1958 2442 poenitentiae
1993 2402 2123 2432 dicunt:
2156 2402 2218 2433 sed

1222 2444 1320 2475 etiam
1344 2444 1560 2485 pertinaciter
1584 2451 1707 2486 negant
1731 2455 1815 2486 opus
1846 2455 1924 2476 esse
1948 2445 2012 2476 hac
2037 2444 2111 2482 fide,
2147 2455 2218 2477 cre-

1223 2488 1284 2519 das
1310 2488 1366 2518 tihi
1392 2488 1454 2529 ipsi
1485 2489 1603 2519 remitti
1635 2496 1773 2530 propter
1797 2489 2032 2528 mediatorem,
2063 2495 2128 2521 etc.
2152 2499 2219 2530 qua

1222 2531 1479 2573 promissionem
1505 2533 1561 2563 tibi
1581 2531 1819 2574 ipsiapplices,
1843 2533 1895 2564 Ac
1914 2532 2103 2575 relinquunt
2127 2543 2218 2564 men-

1223 2581 1275 2606 tes
1299 2575 1331 2606 in
1355 2582 1516 2617 perpetua
1542 2577 1758 2614 dubitatione,
1782 2577 1858 2618 quia
1889 2577 2055 2619 inquiunt:
2083 2577 2217 2616 Nescis,

1221 2629 1266 2650 an
1293 2620 1454 2651 contritio
1478 2618 1580 2651 fuerit.
1602 2619 1792 2660 sufficiens,
1827 2621 1903 2652 ideo
1927 2631 2062 2663 semper
2085 2621 2216 2653 dubites
