2383 2990
199 150 263 181 559

196 245 335 286 gratiae,
357 245 448 276 iuxta
473 245 606 276 dictum:
636 244 741 275 Nemo
773 245 861 276 venit
890 246 933 277 ad
958 245 1091 277 Patrem
1118 246 1180 277 nisi

195 299 258 329 per
271 286 399 326 Filium,
424 288 508 323 Quia
528 288 597 319 Lex
620 286 768 329 loquitur
792 288 831 318 de
843 287 930 327 Deo,
955 289 1042 320 sicut
1065 299 1102 320 se
1125 300 1182 330 ps-

196 330 316 362 tefecit.
352 332 408 363 Sic
432 340 541 362 autem
565 342 602 361 se
626 329 793 372 patefecit,
815 333 904 372 quod
927 330 1007 363 velit
1032 333 1182 374 agnosci,

195 385 232 406 se
263 385 338 405 6556
361 382 486 416 patrem
499 374 632 405 Domini
656 375 761 405 nostri
785 374 859 406 Iesu
882 374 1016 413 Christi,
1042 382 1072 406 et
1092 376 1182 418 quod

193 424 328 458 propter
365 417 480 449 filium
527 419 669 448 remittat
702 424 843 458 peccata
878 419 1109 456 credentibus,
1149 425 1181 449 ct

193 461 378 492 sanctificet
402 472 462 492 eos
487 460 609 502 Spiritu
633 471 693 491 suo
714 467 842 499 sancto,
867 468 899 492 et
923 468 1051 504 reputet
1074 463 1180 493 iustos

192 510 328 546 propter
348 503 475 542 Filium,
500 514 687 545 quanquam
707 514 774 535 non
793 504 955 536 habentes
981 506 1012 536 in
1026 505 1090 537 hac
1114 506 1181 536 vita

192 546 374 589 perfectam
399 548 629 579 obedientiam.

279 591 354 622 Non
384 601 576 632 agnoscens
599 589 716 621 Filium
745 601 810 621 11011
835 592 925 623 novit
950 592 1093 623 Patrem.
1138 591 1180 623 Et

195 634 224 664 l.
248 633 361 664 Iollan.
382 635 413 664 2,
461 634 523 669 Qui
549 640 648 675 negat
673 632 802 671 Filium,
827 645 890 665 nec
914 634 1044 666 Patrem
1068 635 1179 673 habet,

192 687 254 708 nec
277 683 387 719 potest
413 688 490 708 esse
514 676 647 708 dilectio
673 677 736 708 Dei
760 678 790 708 in
816 678 934 716 corde,
955 679 1097 709 nondum
1122 678 1179 709 lia-

192 721 290 751 1161116
321 722 550 752 remissionem
580 727 814 761 peccatorum:
844 720 925 762 fugit
958 722 1042 752 enim
1071 721 1178 752 Deum

191 765 274 794 tristi
299 765 503 795 ‹lubitatione
528 771 557 794 et
582 764 728 802 fremitu,
752 764 812 794 sed
832 765 945 805 agnito
972 764 1107 795 Christo
1133 765 1178 795 di-

190 808 307 848 rigitur
330 818 423 838 mens
436 809 476 838 ad
497 818 608 838 verum
623 806 742 845 Deum,
766 814 798 838 et
820 813 960 849 accepta
982 808 1178 838 remissione

190 856 403 892 peccatorum
437 851 559 881 fiducia
590 850 804 888 mediatoris,
834 861 892 881 cor
921 851 1122 892 acquiescit,
1146 858 1178 881 et

190 895 382 925 accenditur
401 893 537 931 laetitia,
562 904 619 934 per
633 894 789 935 Spiritum
803 899 965 931 sanctuni,
990 904 1054 935 qua
1079 894 1177 925 1101110

189 938 300 978 inprit
326 948 364 968 se
389 938 461 968 Deo
487 938 651 968 subiicere
686 943 717 967 et
748 947 822 967 eum
852 935 1000 977 diligere.
1046 937 1102 968 Sic
1131 937 1177 968 in-

190 981 331 1012 choatur
354 982 552 1018 obedientia,
578 986 609 1011 et
628 990 816 1022 quanquam
841 979 939 1011 valde
964 979 1121 1021 languida
1145 987 1178 1012 et

189 1023 381 1066 imperfecta
407 1031 473 1063 est,
498 1023 609 1064 placet
633 1029 738 1054 tamen
764 1023 836 1054 Deo
861 1030 997 1064 propter
1015 1023 1176 1055 Mediato-

188 1079 273 1106 rem,
297 1074 433 1109 propter
456 1077 552 1108 quem
575 1076 720 1108 persona
745 1072 916 1107 reputatur
939 1067 1034 1098 iusta.

275 1162 469 1203 Quanquam
499 1162 598 1203 igitur
633 1160 760 1202 puerile
792 1168 844 1192 est
868 1172 1043 1193 numerare
1074 1172 1175 1203 opera

188 1206 286 1237 huius
310 1206 495 1246 praecepti,
520 1216 593 1236 cum
617 1215 712 1236 mens
736 1209 768 1235 et
791 1215 849 1236 cor
872 1205 1032 1236 deberent
1056 1206 1174 1237 ardere

187 1249 376 1280 firmissima
410 1249 578 1290 agnitione
613 1254 645 1278 et
679 1258 792 1279 amore
816 1248 896 1286 Dei,
930 1254 1039 1280 tamen
1074 1255 1109 1280 ut
1143 1250 1176 1279 in

188 1292 365 1324 Catechesi
390 1291 507 1333 puerili
522 1302 736 1323 recensemus
754 1292 932 1333 praecipua
952 1302 1065 1333 opera,
1090 1303 1175 1334 quae

187 1335 272 1368 haec
295 1341 383 1367 sunt.

275 1387 436 1425 Primum,
471 1386 561 1417 Vera
584 1387 709 1428 agnitio
733 1385 814 1424 Dei,
843 1386 928 1417 sicut.
958 1396 995 1417 se
1018 1386 1177 1428 patefecit

186 1431 290 1463 misso
315 1429 416 1461 Filio:
441 1431 528 1461 sicut
551 1430 736 1461 ostenditur
759 1430 792 1460 in
812 1430 945 1471 scriptis
966 1430 1176 1472 Propheticis

187 1481 220 1506 et
254 1472 479 1515 ApostoliciS,
514 1474 546 1504 in
579 1473 671 1514 Lege
705 1472 825 1504 Morali
859 1479 891 1504 et
924 1472 1109 1515 Evangelio
1144 1480 1175 1505 et

187 1516 366 1560 Symbolis.
390 1516 432 1547 Et
455 1516 541 1547 hanc
565 1517 766 1558 agnitionem
778 1514 934 1557 amplecti
957 1527 1037 1548 vera
1059 1527 1175 1548 assen-

187 1562 295 1599 sione,
320 1571 404 1602 quae
428 1560 613 1591 nominatur
635 1559 745 1590 Fides.
786 1559 876 1597 ltem,
901 1559 976 1590 Non
999 1558 1174 1602 indulgere

187 1604 466 1641 dubitationibus,
496 1603 555 1634 sed
580 1613 784 1644 repugnare,
809 1608 840 1633 et
863 1602 1048 1635 abhorrere
1071 1615 1090 1635 a
1114 1602 1173 1634 fal-

186 1649 233 1679 sis
258 1648 469 1689 opinionibus
494 1647 535 1677 de
558 1646 644 1684 Deo,
669 1657 688 1677 a
708 1647 963 1687 quibuscunque
987 1648 1173 1685 traduntur,

186 1692 259 1724 sive
282 1701 301 1722 a
325 1689 559 1731 PhilosophiS,
593 1690 666 1721 sive
690 1690 732 1720 ab
757 1690 861 1730 impiis
885 1689 1035 1728 ludaeis,
1058 1690 1130 1722 sive
1153 1701 1173 1721 a

185 1734 418 1766 Mahometicis
442 1739 504 1764 etc.
529 1738 562 1764 et
585 1733 742 1764 damnare
766 1733 875 1764 onmia
898 1732 1001 1764 Idola.
1048 1733 1172 1765 Horum

187 1789 323 1819 operum
349 1788 475 1808 summa
499 1776 741 1817 comprehensa
764 1782 815 1807 est
838 1777 870 1807 in
894 1776 945 1807 his
970 1777 1079 1808 dictis:
1103 1776 1172 1808 Do-

185 1823 308 1853 minum
318 1821 427 1852 Deum
445 1826 537 1851 tuum
560 1820 717 1851 adorabis
742 1825 774 1851 et
797 1820 826 1851 ei
840 1819 901 1851 soli
916 1821 1056 1858 servies,
1080 1820 1172 1857 Item,

185 1865 304 1907 Fugite
334 1862 437 1895 ldola.
490 1863 585 1901 Item,
619 1863 694 1893 Non
728 1862 870 1894 habebis
905 1862 997 1894 Deos
1031 1862 1171 1895 alienos.

185 1908 278 1946 Item,
301 1907 365 1944 Qui
388 1917 455 1938 non
478 1906 621 1937 honorat
632 1905 761 1944 Filium,
785 1917 852 1938 non
875 1906 1018 1939 honorat
1030 1906 1171 1938 Patrem.

275 2003 357 2035 Post
375 2002 576 2044 agnitionem
588 2007 773 2043 sequuntur
785 2007 852 2032 tres
864 2001 1001 2032 affectus
1015 2002 1047 2032 111
1060 2003 1172 2039 corde,

188 2048 244 2089 qui
268 2047 372 2088 magis
396 2046 510 2076 sentiri
534 2051 688 2086 possunt,
709 2055 806 2086 quam
830 2042 883 2075 alii
902 2043 1042 2076 affectus
1067 2055 1172 2076 remo-

187 2091 290 2121 tiores
315 2099 461 2127 asensu,
483 2088 594 2119 Timor
610 2088 687 2125 Dei,
710 2088 820 2125 Fides,
844 2088 876 2120 id
901 2094 963 2126 est,
987 2088 1118 2128 fiducia,
1142 2095 1174 2120 et

186 2132 303 2165 laetati
326 2134 359 2164 in
377 2132 462 2164 Deo.

275 2227 387 2259 Timor
406 2232 458 2258 est
482 2236 709 2268 expavescere
737 2225 906 2269 agnitione
935 2227 1005 2258 irae
1023 2225 1087 2257 Dei
1117 2227 1174 2258 ad-

188 2281 308 2304 versus
331 2276 486 2312 peccata,
511 2271 572 2301 sed
596 2281 669 2301 cum
694 2270 760 2301 tide
783 2269 966 2301 accedente
987 2270 1029 2300 ad
1053 2269 1172 2308 Deum,

188 2322 225 2347 ut
247 2315 290 2346 sit
312 2315 409 2345 timor
432 2312 551 2345 filialis.
597 2313 690 2345 Haec
720 2319 771 2345 est
802 2313 887 2343 enim
911 2313 1078 2344 distinctio
1102 2323 1175 2354 per-

189 2359 305 2401 spicua
328 2359 414 2389 inter
437 2357 586 2388 timorem
610 2356 767 2388 servilem
791 2362 823 2387 et
848 2354 991 2388 filialem.

276 2409 388 2440 Timor
411 2409 483 2440 sine
496 2408 573 2447 fide,
597 2409 652 2450 qui
665 2414 717 2440 est
737 2407 833 2439 dolor
845 2409 917 2439 sine
930 2407 1173 2446 consolatione,

189 2454 377 2484 nominatur
389 2450 531 2492 servilis,
551 2458 587 2484 ut
610 2453 643 2483 in
667 2451 782 2483 Saule.
818 2451 879 2482 Hic
902 2452 998 2483 timor
1022 2456 1072 2483 est
1095 2450 1176 2493 fuga

189 2502 221 2528 et
250 2494 398 2527 fremitus
431 2496 594 2527 adversus
623 2495 749 2533 Deum,
784 2501 815 2526 et
846 2501 972 2536 pugnat
1007 2506 1081 2527 cum
1110 2495 1175 2526 hoc

187 2545 381 2581 praecepto,
404 2539 494 2580 quod
507 2539 666 2580 praecipit
689 2538 786 2570 fidem
805 2545 837 2569 et.
857 2538 1083 2570 dilectionem:
1107 2538 1175 2569 Sed

188 2583 286 2614 timor
309 2581 447 2614 Servilis
470 2581 602 2624 fugiens
623 2581 743 2620 Deum,
766 2587 867 2624 negat
889 2583 960 2614 eius
982 2582 1175 2623 promissio-

189 2635 264 2658 nem
288 2635 365 2658 esse
393 2636 523 2657 veram:
557 2631 658 2668 negat
686 2625 792 2667 ipsum
816 2635 892 2657 esse
915 2625 1173 2657 misericordem.

823 150 934 182 PHIL.
958 149 1062 181 MEL.
1089 149 1276 182 SCRIPTA
1299 149 1581 182 DOGMATICA.

1198 2371 1205 2650 „

2160 151 2225 184 560

1324 246 1388 277 Sed
1411 245 1508 276 timor
1528 244 1651 276 Filialis
1676 251 1727 276 est
1750 245 1937 277 reverentia
1948 251 2006 278 aut
2029 245 2125 278 dolor
2149 257 2224 278 cum

1236 288 1311 319 fide.
1350 288 1399 319 De
1412 289 1476 319 hoc
1492 289 1607 320 timore
1621 289 1755 320 dicitur:
1779 288 1907 320 Initium
1920 290 2101 330 sapientiae
2126 290 2224 321 timor

1236 331 1378 363 Domini.
1421 332 1513 370 Item,
1538 332 1592 363 Ad
1615 342 1712 374 quem
1735 333 1923 374 respiciam,
1945 334 2007 364 nisi
2020 333 2062 364 ad
2081 339 2222 365 tremen-

1234 380 1300 406 tem
1324 385 1496 406 sermones
1520 385 1625 406 meos.

1321 461 1465 492 Tertium
1490 472 1574 502 opus
1599 472 1660 493 seu
1684 461 1778 492 tertia
1793 461 1910 500 virtus,
1935 468 1985 492 est
2005 462 2116 500 Fides,
2139 472 2224 504 quae

1234 510 1285 535 est
1309 504 1429 536 fiducia
1450 505 1696 536 misericordiae
1709 505 1930 546 acquiescens
1953 505 1985 535 in
1998 504 2073 536 Deo
2086 511 2224 547 propter

1234 547 1464 586 Mediatorem‚
1493 554 1526 579 et
1556 549 1722 579 accedens
1753 548 1795 578 ad
1819 548 1944 586 Deum,
1978 548 2148 589 accipiens
2172 559 2223 581 re-

1233 591 1424 622 missionem
1448 598 1664 631 peccatorum
1678 597 1709 622 et
1722 589 2038 629 reconciliationem,
2061 592 2222 623 invocans

1233 644 1319 672 eum,
1344 641 1374 665 et
1399 642 1517 675 petens
1544 635 1653 665 onmia
1685 635 1876 665 necessaria
1900 636 1986 665 bona
2010 635 2041 665 in
2066 634 2130 666 hac
2154 636 2224 667 vita

1232 682 1264 708 et.
1286 676 1425 708 salutem
1450 684 1630 709 aeternam.
1666 677 1760 712 Quae
1783 677 1901 708 fiducia
1924 678 2128 716 accenditur,
2148 690 2222 710 cum

1231 722 1448 762 agnoscimus
1486 731 1600 752 verum
1629 720 1738 752 Deum
1773 726 1804 751 et
1841 721 2059 752 Mediatorem
2092 720 2221 761 Filium,

1231 765 1455 794 assentientes
1468 763 1664 805 Evangelio,
1687 774 1747 805 per
1760 765 1850 805 quod
1874 770 1906 795 et
1928 763 2029 795 Filius
2055 763 2220 807 colligens

1231 805 1419 837 Ecclesiam
1445 806 1566 838 efficax
1585 814 1649 846 est,
1673 814 1705 838 et
1729 808 1854 849 Spiritu
1878 814 1996 838 sancto
2023 807 2221 840 consolatur

1232 860 1301 887 eos,
1326 851 1381 891 qui
1403 851 1435 880 in
1458 851 1547 880 veris
1571 849 1745 881 doloribus
1768 860 1807 881 se
1819 849 2003 892 Evangelio
2017 856 2220 883 sustentant.

1234 892 1270 923 ln
1306 892 1369 924 hac
1404 892 1633 924 consolatione
1667 894 1764 924 fidem
1800 900 1832 925 et
1867 894 2021 925 fiduciam
2045 895 2221 926 comitatur

1231 935 1354 967 laetitia
1382 938 1602 977 acquiescens
1631 938 1663 967 in
1693 937 1788 975 Deo,
1823 943 1858 968 ut
1885 936 1981 968 Rom.
2018 937 2047 969 5.
2081 938 2217 969 dicitur:

1230 978 1400 1010 lustiticati
1423 980 1487 1011 fide
1510 991 1625 1021 pacem
1649 979 1810 1012 habemus
1834 991 1915 1022 erga
1938 979 2057 1011 Deum.

1318 1063 1400 1096 Cum
1436 1064 1498 1096 hac
1522 1064 1645 1096 laetitia
1668 1066 1843 1097 coniuncta
1879 1073 1928 1097 est
1966 1065 2116 1105 dilectio,
2152 1077 2218 1108 qua

1229 1108 1328 1139 homo
1349 1108 1413 1139 fide
1438 1109 1607 1150 accipiens
1625 1110 1855 1141 remissionem
1868 1116 1900 1140 et
1914 1108 2220 1141 reconciliationem

1228 1152 1292 1182 iam
1318 1150 1460 1183 laetatur
1483 1152 1514 1182 in
1538 1152 1625 1189 Deo,
1650 1158 1680 1183 et
1704 1163 1741 1183 se
1765 1153 1794 1183 ei
1818 1153 1962 1191 subiicit,
1986 1159 2018 1184 et
2036 1153 2138 1185 habet
2162 1154 2220 1184 bo-

1228 1205 1305 1225 num
1330 1196 1538 1236 propositum
1560 1196 1735 1227 obediendi
1748 1196 1778 1227 ei
1802 1197 1890 1227 iuxta
1910 1196 2019 1227 omnia
2041 1202 2220 1238 praecepta

1230 1238 1359 1276 divina,
1395 1249 1468 1270 cum
1508 1237 1631 1270 laetitia
1651 1239 1887 1281 acquiescente
1910 1240 1943 1270 in
1966 1239 2059 1277 Deo,
2088 1238 2221 1281 praelu-

1230 1287 1326 1312 cente
1360 1292 1441 1313 vera
1481 1282 1557 1313 fide.
1617 1281 1665 1312 lta
1707 1283 1909 1313 describitur
1942 1281 2086 1314 Dilectio
2144 1282 2218 1314 Dei.

1231 1324 1260 1355 1.
1284 1324 1399 1355 lohan.
1429 1325 1460 1355 5.
1502 1325 1595 1356 Haec
1627 1331 1678 1356 est
1708 1325 1841 1357 dilectio
1873 1325 1937 1356 Dei
1964 1326 2119 1357 mandata
2149 1327 2220 1357 eius

1229 1378 1376 1399 servare,
1422 1367 1562 1399 Tantum
1591 1374 1701 1399 autem
1730 1369 1761 1399 in
1792 1369 1856 1399 hac
1885 1369 1953 1400 vita
1978 1370 2019 1400 de
2043 1367 2220 1400 dilectione

1228 1410 1438 1453 intelligitur,
1464 1417 1621 1453 quantum
1645 1411 1785 1442 sentitur
1804 1411 1950 1442 laetitiae
1973 1413 2218 1453 acquiescentis

1227 1454 1260 1485 in
1283 1454 1366 1486 Deo.
1403 1454 1456 1484 Ad
1480 1454 1541 1485 has
1565 1454 1717 1493 virtutes,
1741 1454 1850 1492 fidem,
1874 1453 2044 1494 laetitiam,
2068 1454 2218 1488 dilectio·

1227 1509 1314 1536 116111,
1338 1498 1502 1529 accedunt
1525 1504 1556 1529 et
1579 1507 1659 1538 spes
1684 1504 1716 1529 et
1739 1498 1908 1539 patientia.

1313 1584 1375 1615 Est
1394 1585 1601 1625 autemSpes
1626 1590 1719 1615 certa
1743 1584 1930 1625 expectatio
1949 1585 2035 1615 vitae
2059 1590 2212 1616 aeternae

1226 1628 1331 1669 gratis
1355 1627 1484 1658 dandae
1506 1633 1642 1668 propter
1665 1627 1901 1658 Mediatorem:
1931 1633 1963 1658 et
1987 1633 2037 1659 est
2061 1634 2218 1669 expecta-

1226 1672 1270 1702 tio
1302 1669 1411 1702 auxilii
1443 1671 1476 1701 in
1506 1670 1570 1702 hac
1600 1671 1668 1702 vita
1692 1671 1783 1701 iuxta
1813 1669 1990 1701 consilium
2020 1670 2093 1702 Dei.
2142 1670 2215 1702 Etsi

1223 1720 1333 1746 autem
1355 1714 1484 1745 vicinae
1507 1714 1644 1746 virtutes
1664 1720 1739 1745 sunt
1758 1712 1856 1745 Fides
1881 1719 1912 1744 et
1926 1713 2024 1754 Spes,
2045 1719 2077 1745 et
2100 1713 2214 1746 divelli

1223 1768 1291 1789 non
1314 1763 1468 1798 possunt,
1491 1763 1601 1789 tamen
1625 1756 1759 1799 aliquod
1783 1764 1835 1788 est
1859 1758 2048 1788 discrimen.

1311 1801 1409 1832 Fides
1431 1801 1553 1842 accipit
1571 1802 1605 1832 111
1627 1801 1816 1842 praesentia
1841 1801 2071 1832 remissionem
2094 1811 2215 1843 pecca-

1225 1850 1351 1883 torum,
1375 1850 1407 1876 et
1430 1843 1735 1876 reconciliationem
1759 1854 1819 1875 seu
1841 1843 2122 1883 iustificationem,
2147 1850 2217 1876 sta-

1225 1889 1289 1919 tuit
1319 1898 1357 1919 se
1391 1888 1455 1919 iam
1488 1886 1624 1929 placere
1647 1887 1721 1919 Deo
1756 1893 1787 1919 et
1819 1887 1968 1919 exaudiri
1998 1887 2110 1919 innixa
2140 1898 2217 1930 pro-

1225 1931 1387 1970 missioni,
1412 1931 1519 1962 etiam
1543 1932 1711 1972 accipiens
1724 1931 1879 1973 Spiritum
1892 1936 2042 1962 sanctum
2065 1931 2099 1962 in
2122 1940 2216 1972 prae-

1226 1975 1312 2006 senti
1343 1973 1584 2013 consolatione,
1607 1981 1643 2006 ut
1665 1974 1864 2006 Laurentius
1888 1975 2035 2005 sentiens
2060 1973 2216 2005 laetitiam

1225 2019 1258 2050 in
1287 2016 1469 2060 supplicio,
1501 2023 1579 2049 tunc
1608 2018 1708 2049 sentit
1737 2027 1775 2049 se
1806 2017 2018 2048 corroborari
2050 2027 2070 2048 a
2092 2017 2215 2059 Spiritu

1226 2068 1356 2094 sancto.

1314 2146 1381 2179 Sed
1413 2149 1495 2188 Spes
1527 2152 1578 2178 est
1612 2147 1797 2188 expectatio
1828 2145 1960 2178 futurae
1994 2145 2214 2185 liberationis,

1228 2192 1323 2223 cuius
1348 2196 1531 2232 conspectu
1554 2189 1676 2221 lenitur
1700 2188 1807 2229 dolor,
1831 2190 1907 2232 quia
1931 2191 2053 2221 bonum
2077 2196 2129 2221 est
2155 2191 2214 2222 ob·

1227 2235 1347 2266 iectum
1368 2233 1523 2271 laetitiae,
1547 2233 1687 2265 Doloris
1710 2234 1876 2265 obiectum
1900 2238 1950 2264 est
1969 2242 2025 2264 res
2048 2233 2213 2273 crucians,

1228 2283 1392 2320 quatenus
1416 2277 1551 2308 cruciat.

1316 2363 1400 2396 Cum
1433 2370 1543 2395 autem
1576 2362 1715 2395 affectus
1740 2363 1839 2395 vicini
1861 2364 1928 2394 sint
1952 2362 2035 2394 fides
2066 2368 2098 2394 et
2121 2372 2214 2404 spes,

1228 2407 1413 2439 vocabula:
1437 2406 1569 2445 fiducia,
1593 2406 1688 2445 fides,
1713 2417 1804 2448 spes,
1828 2407 2028 2448 expectatio,
2050 2406 2214 2437 interdum

1229 2452 1418 2493 promiscue
1440 2456 1655 2492 usurpantur,
1678 2456 1712 2481 ut
1738 2449 1860 2482 Psalm.
1883 2450 1914 2480 2.
1965 2449 2059 2480 Beati
2083 2459 2212 2487 omnes,

1229 2495 1285 2537 qui
1309 2499 1444 2535 sperant
1466 2494 1499 2524 in
1524 2504 1608 2525 eum.
1654 2493 1696 2524 Et
1719 2492 1840 2524 Esaiae
1863 2493 1914 2525 58.
1961 2492 2025 2528 Qui
2042 2492 2213 2524 confidunt

1228 2539 1261 2569 in
1284 2549 1349 2577 me,
1372 2537 1627 2569 haereditabunt
1650 2542 1782 2568 terram.
1851 2536 1914 2568 Ubi
1938 2534 2135 2568 vocabulum
2157 2545 2212 2566 ac·

1230 2581 1471 2614 commodatius
1495 2586 1548 2612 est
1570 2581 1652 2621 spei.
1719 2579 1843 2611 Esaiae
1865 2579 1919 2612 28.
1987 2579 2122 2616 Omnis,
2156 2579 2211 2620 qui

1230 2625 1334 2656 credit
1366 2625 1399 2656 in
1434 2634 1519 2663 eum,
1552 2634 1618 2655 non
1644 2621 1875 2655 confundetur.
1943 2622 1990 2653 lbi
2014 2619 2210 2654 vocabulum
