2383 2990
141 135 206 168 413

143 231 236 263 cuius
259 231 460 274 agnitionem
484 231 594 262 omnia
617 230 778 262 miracula
801 229 891 262 tacta
915 237 1002 263 sunt.
1057 231 1134 262 Ideo

139 285 203 307 nos
226 274 290 305 iam
313 274 448 305 innovo
467 273 695 312 Testameato,
719 276 886 306 mentione
910 273 982 306 Filii
1008 275 1134 306 discer-

140 319 248 350 nimus
283 328 397 349 verum
433 316 541 349 Deum
566 319 608 349 ab
633 319 785 350 omnibus
811 319 1051 350 commenticiis
1076 329 1135 350 nu-

140 362 296 399 minibus,
331 363 385 403 qui
421 371 459 392 se
483 361 640 403 patefecit
670 362 775 394 misso
799 361 882 393 Filio
906 361 1052 393 Domino
1077 373 1135 393 no-

139 411 210 437 stro
235 405 310 436 lesu
335 405 484 443 Christo,
509 405 670 437 crucifixo
691 412 723 436 et
746 407 961 444 resuscitato,
982 412 1015 437 et
1039 416 1134 437 acce-

140 450 248 481 ditnus
272 448 392 480 fiducia
417 447 514 480 huius
538 449 746 487 mediatoris,
771 450 856 480 sicut
880 450 952 490 ipse
967 450 1064 480 docet
1089 450 1135 480 in-

140 493 279 535 quiens:
310 492 416 524 Nemo
453 494 542 524 venit
576 493 619 524 ad
653 493 798 531 Patrem,
832 493 896 524 nisi
923 503 983 533 per
1006 491 1135 524 Filium.

139 536 232 575 Item,
257 536 319 572 Qui
344 547 395 568 me
419 537 519 575 videt,
540 537 630 568 videt
654 543 686 567 et
710 536 855 567 Patrem.
914 536 1011 574 118111,
1036 536 1135 572 Quic-

139 581 219 622 quid
242 581 402 621 petieritis
439 580 571 612 Patrem
601 582 632 611 in
658 580 791 611 nomine
814 590 887 611 meo
913 581 1002 611 dabit
1026 581 1134 612 vobis.

227 667 321 698 Haec
345 669 450 708 prima
474 668 624 699 doctrina
651 673 703 698 est
722 668 815 708 primi
842 668 1025 709 praecepti,
1061 668 1135 710 quis

140 711 183 742 sit
202 722 304 742 verus
328 711 434 750 Deus,
459 718 491 742 et
516 712 682 753 quomodo
707 712 945 753 agnoscendus
970 713 1011 742 sit
1038 718 1070 743 et
1090 711 1136 743 al-

139 753 341 797 loquendus.

229 833 384 865 Secunda
408 833 562 864 doctrina
586 839 639 864 est
663 833 705 863 de
730 831 884 873 cultibus,
917 834 972 875 qui
1004 834 1036 864 in
1071 833 1136 864 hoc

138 884 321 918 praecepto
346 877 592 915 describuntur,
617 878 762 918 quisunt
780 888 859 907 vera
875 883 905 908 et
932 877 1023 908 lirina
1044 878 1136 920 agni-

140 921 185 952 tio
206 920 282 958 Dei,
307 928 336 951 et
364 921 502 952 credere
526 919 601 951 Deo
626 921 697 951 sine
722 921 994 958 dubitationibus,
1019 928 1049 952 et
1065 932 1136 963 per-

139 963 225 996 fecte
251 975 324 995 eum
350 963 500 1006 diligere.
571 963 738 1005 Praecipit
762 965 851 995 enim
879 964 946 995 Lex
973 965 1136 1005 integram

139 1009 361 1039 obedientiam
387 1009 477 1039 iuxta
501 1008 639 1039 dictum:
666 1006 797 1050 Diligas
824 1008 1001 1039 Dominum
1027 1008 1136 1040 Deum

139 1058 230 1083 tuum
255 1062 295 1083 cx
320 1059 390 1083 toto
416 1051 518 1083 corde
543 1058 612 1090 tuo,
637 1058 669 1083 et
694 1062 733 1083 ex
759 1058 828 1083 tota
853 1049 977 1090 mente,
1001 1059 1033 1083 et
1057 1053 1135 1083 totis

138 1096 265 1127 viribus
286 1102 349 1127 etc.
398 1094 614 1127 Manifestum
639 1103 689 1126 est
713 1102 825 1126 autem
850 1095 1000 1127 homines
1024 1097 1056 1127 in
1070 1096 1134 1127 hac

138 1139 224 1171 tristi
259 1140 423 1181 pravitate
458 1146 598 1170 naturae
632 1138 752 1181 plenos
789 1150 866 1170 esse
891 1140 1134 1171 dubitationum

138 1184 179 1214 de
202 1182 291 1221 Deo,
328 1190 360 1214 et
390 1184 431 1214 de
454 1184 675 1224 providentia,
711 1190 741 1214 et
767 1194 908 1214 securos
933 1194 999 1214 non
1020 1184 1135 1215 timere

136 1227 292 1258 iudicium
311 1225 388 1264 Dei,
410 1233 528 1269 postea
553 1237 632 1258 vero
658 1228 689 1258 in
714 1238 822 1268 poena
842 1228 942 1258 irasci
968 1235 997 1258 et
1018 1226 1135 1259 freme-

136 1280 174 1301 re
197 1271 361 1302 adversus
386 1270 507 1309 Deum,
533 1281 598 1301 non
624 1271 741 1301 ardere
766 1269 945 1302 dilectione
964 1270 1040 1309 Dci,
1066 1272 1133 1303 Sic-

136 1320 173 1346 ut
197 1313 324 1352 Paulus
353 1315 475 1356 inquit:
507 1314 637 1346 Sensus
669 1315 780 1345 carnis
811 1315 978 1346 inimicitia
1003 1321 1054 1346 est
1077 1316 1134 1347 ad-

137 1367 258 1390 versus
283 1357 403 1389 Deum.
472 1357 683 1388 Damnantur
713 1368 794 1399 ergo
819 1358 885 1388 1108
905 1359 1012 1400 primo
1038 1370 1132 1400 prae-

136 1408 235 1443 cepto
271 1411 387 1432 omnes
430 1401 582 1433 homines
618 1402 649 1432 in
686 1401 749 1433 1138
785 1402 968 1442 depravata
999 1410 1131 1441 natura,

134 1451 273 1488 propter
296 1446 467 1483 tenebras,
491 1451 524 1476 et
547 1445 750 1476 horrendam
775 1446 988 1477 aversionem
1013 1446 1132 1484 aDeo,

134 1499 222 1532 quae
244 1494 280 1521 ut
303 1487 415 1531 aliquo
441 1489 541 1520 modo
562 1489 813 1527 consideretur,
845 1490 1051 1531 aspiciantur
1074 1489 1132 1521 hu-

133 1533 221 1564 mani
245 1531 390 1571 furores,
414 1533 468 1575 qui
493 1533 647 1564 omnibus
672 1534 878 1574 temporibus
909 1532 974 1564 hoc
994 1544 1131 1574 praece-

133 1583 225 1619 ptum
256 1575 434 1608 manifesta
469 1577 608 1608 audacia
632 1575 774 1615 violant,
810 1576 966 1609 videlicet
986 1577 1077 1608 ἄθεοι
1100 1584 1133 1608 et

135 1631 252 1652 omnes
276 1622 423 1662 superbi,
449 1622 572 1659 securi,
597 1626 629 1651 et
653 1619 771 1652 leviter
795 1628 952 1652 curantes
976 1621 1131 1653 iudicium

132 1663 210 1696 Dei.
277 1666 355 1697 Item
380 1664 547 1696 Haeretici
572 1664 706 1696 infinitis
742 1663 943 1706 corruptelis
973 1663 1130 1697 ludentes

134 1709 174 1740 de
198 1707 284 1744 Deo,
304 1708 428 1747 ludaei,
451 1708 720 1746 Mahometistae,
756 1715 787 1739 et
818 1707 885 1747 alii,
922 1710 977 1751 qui
1003 1710 1131 1751 tingunt

135 1751 345 1793 corruptelas
369 1753 552 1783 doctrinae.
599 1752 680 1783 Item
705 1751 930 1789 ldololatriae,
960 1764 1046 1795 quae
1072 1752 1130 1784 1111-

134 1802 216 1839 gunt
252 1795 346 1827 Deos
377 1802 409 1827 et
443 1794 553 1827 cultus
580 1802 697 1827 contra
726 1797 881 1827 mandata
905 1795 980 1827 Dei.
1049 1796 1130 1829 118111

133 1840 187 1882 qui
212 1840 371 1871 invocant
402 1838 552 1871 homines
577 1846 738 1871 mortuos.
776 1840 856 1871 118111
881 1839 972 1882 Magi
993 1841 1049 1883 qui
1073 1852 1128 1882 pa—

133 1890 187 1915 cta
211 1894 284 1914 cum
309 1882 465 1915 Diabolis
486 1882 622 1915 faciunt.
669 1883 748 1914 ltem
769 1894 885 1915 01111185
918 1885 972 1926 qui
996 1886 1027 1916 in
1053 1895 1129 1926 poe-

132 1927 185 1960 nis
219 1927 412 1959 irascuntur
441 1926 530 1965 Deo,
567 1934 622 1959 aut
648 1928 798 1959 dubitant
824 1928 864 1958 de
888 1929 1128 1967 misericordia,

131 1982 199 2003 non
224 1970 420 2013 confugiunt
444 1973 486 2003 ad
511 1971 631 2010 Deum,
667 1978 766 2002 ruunt
791 1972 822 2003 in
858 1972 1128 2013 desperationem

131 2021 165 2048 et
187 2022 357 2047 aeternum
383 2015 493 2047 odium
518 2015 594 2047 Dei.
662 2014 790 2046 Talium
814 2023 1029 2057 peccatorum
1055 2027 1128 2048 cum

130 2061 274 2091 mundns
316 2058 439 2101 plenus
479 2060 541 2097 sit,
587 2070 814 2102 agnoscamus
851 2066 882 2091 et
915 2058 1129 2102 deploremus

129 2102 218 2135 hanc
241 2109 366 2135 tantam
385 2104 552 2134 miseriam
577 2104 710 2145 generis
736 2104 881 2135 humani.

219 2200 378 2242 Sequitur
396 2206 506 2231 autem
530 2200 628 2231 tertia
651 2200 815 2238 doctrina,
839 2199 923 2231 Cum
948 2201 1011 2232 iam
1035 2200 1129 2232 intel-

131 2241 277 2286 ligamus
302 2254 365 2274 nos
390 2243 539 2275 damnari
564 2242 629 2275 hac
653 2243 758 2286 Lege,
784 2245 937 2286 quaestio
963 2250 1026 2283 est,
1048 2256 1128 2287 quo-

131 2287 231 2318 modo
256 2286 437 2319 liberemur
460 2289 502 2319 ab
527 2287 591 2319 hac
615 2288 828 2319 damnatione
853 2287 967 2329 Legis,
991 2295 1025 2320 et
1049 2300 1128 2331 quo-

131 2331 232 2362 modo
257 2332 451 2362 restituatur
474 2332 505 2362 in
531 2331 627 2362 nobis
653 2332 864 2364 obedientia?
888 2333 965 2374 quia
985 2343 1127 2365 11888558

132 2381 183 2405 851
216 2381 325 2406 13111811
357 2374 505 2406 inchoari
537 2375 758 2406 obedientiam
782 2376 814 2406 in
837 2375 898 2407 hac
922 2377 1008 2415 vita,
1039 2377 1127 2408 sicut

130 2417 296 2450 Dominus
331 2419 453 2461 inquit:
493 2419 527 2449 Si
560 2419 611 2450 vis
647 2419 678 2450 in
714 2419 813 2451 vitam
848 2420 995 2461 ingredi,
1026 2431 1127 2452 serva

130 2462 297 2493 mandata.
323 2462 413 2501 118111,
438 2462 741 2493 Nisiabundaverit
764 2470 878 2495 vestra
901 2464 1026 2495 iustitia
1050 2463 1125 2505 plus

131 2516 230 2548 quam
255 2506 453 2538 Scribarum
477 2513 507 2537 et
534 2505 805 2546 Pharisaeorum,
828 2518 894 2538 non
914 2508 1055 2549 potestis
1078 2509 1126 2539 in-

131 2550 223 2592 gredi
248 2550 280 2581 in
306 2561 444 2592 regnum
469 2548 648 2582 coelorum.
686 2549 904 2592 Respondeo,
929 2562 970 2582 ne
994 2552 1126 2594 quidem

129 2592 281 2625 inchoari
305 2600 418 2635 potest
440 2593 510 2625 Lex
536 2594 608 2625 sine
631 2595 800 2636 agnitione
823 2593 894 2627 Filii
919 2594 1002 2634 Dei,
1039 2597 1127 2628 sicut

130 2637 251 2669 dictum
276 2644 340 2677 est,
364 2637 436 2669 Lex
461 2638 536 2670 dicit
562 2638 788 2670 testiinonium
811 2640 853 2671 de
876 2639 958 2672 Filio
983 2639 1059 2672 Dei.

774 134 817 166 V.
862 134 1130 167 EXPLICATIO
1154 116 1357 168 SYMBOLI
1378 135 1540 168 NICENI.

2120 139 2186 172 414

1276 232 1421 263 Primum
1455 232 1555 274 igitur
1587 243 1663 264 cum
1685 233 1719 264 in
1742 243 1823 264 vera
1845 234 2048 275 poenitentia
2073 233 2184 276 aliquo

1189 275 1287 305 modo
1311 276 1528 317 agnoscimus
1553 283 1670 308 nostra
1695 283 1854 318 peccata,
1883 276 2116 320 confugiamus
2142 280 2185 310 ad

1187 317 1418 357 Metliatorem,
1443 326 1473 350 et
1499 321 1676 353 credamus
1700 321 1797 352 1101115
1822 322 1942 352 remitti
1967 328 2108 363 peccata
2128 333 2186 354 110-

1188 368 1270 400 stra,
1294 373 1356 393 nos
1383 363 1483 404 recipi
1509 370 1540 394 et
1565 365 1711 405 reputari
1738 366 1842 396 iustos
1862 373 2000 406 propter
2013 376 2099 402 eum,
2125 377 2187 398 seu

1188 405 1259 437 eius
1284 406 1515 437 obedientiam.
1559 407 1632 439 Hoc
1657 420 1731 439 cum
1756 408 1802 446 fit,
1827 407 1930 440 Filius
1951 408 2014 440 Dei
2036 420 2115 441 vere
2135 415 2187 441 est

1188 447 1310 480 efficax
1334 451 1365 480 in
1391 451 1502 488 nobis,
1527 457 1559 481 ut
1584 462 1644 492 per
1668 462 1785 483 rocem
1811 451 1986 495 Evangelii
2008 463 2186 485 cernamus

1188 503 1304 524 verum
1328 492 1449 531 Deum,
1474 495 1587 535 agnita
1612 495 1681 526 eius
1706 496 1954 533 misericordia,
1985 497 2040 538 qui
2065 508 2186 528 conso-

1187 534 1275 568 latur
1299 547 1362 567 nos
1387 536 1512 578 Spiritu
1536 548 1597 568 suo
1623 545 1752 571 sant-to,
1778 540 1831 580 qui
1846 541 1998 570 accendit
2018 540 2103 572 tales
2117 552 2186 572 mo-

1188 586 1253 617 tus,
1277 579 1383 621 qualis
1409 588 1459 611 851
1483 582 1567 621 ipse,
1593 580 1720 613 ¹scilicet
1746 581 1903 613 laetitiam
1928 584 1959 614 in
1974 582 2060 620 Deo,
2086 591 2116 615 et
2141 585 2187 616 di-

1188 622 1367 655 lectionem
1389 624 1462 661 Dei,
1488 635 1552 665 qua
1578 626 1753 667 incipimus
1786 636 1848 657 nos
1874 627 1901 657 ei
1927 628 2113 664 subiicere,
2139 629 2186 660 iu-

1188 674 1246 698 xta
1280 668 1419 698 dictum:
1455 667 1631 700 Effundam
1667 680 1769 710 super
1794 670 1926 701 domum
1953 670 2061 702 David
2085 672 2187 713 Spiri-

1189 717 1257 741 tum
1281 713 1408 752 gratiae
1434 718 1464 742 et
1490 723 1637 753 precum.
1707 713 1753 744 lta
1779 713 1813 744 111
1835 713 2004 745 inchoatio
2030 716 2186 746 obedien-

1188 755 1254 786 tiae
1274 765 1334 796 per
1358 755 1482 793 Fidem,
1509 757 1623 798 agnito
1649 756 1750 795 Filio,
1782 764 1814 788 ct
1846 758 2001 788 inchoata
2029 759 2187 791 obedien-

1190 799 1244 836 tia,
1279 809 1469 840 quanquam
1506 798 1622 841 procul
1657 801 1754 831 abest
1789 812 1807 832 a
1836 800 2043 842 perfectione
2069 802 2186 844 Legis,

1188 840 1299 883 placet
1324 850 1432 874 tamen
1458 851 1596 885 propter
1621 843 1852 882 Mediatorem,
1877 846 1909 875 in
1934 844 2003 883 his,
2039 847 2093 888 qui
2121 846 2188 878 fide

1191 885 1396 918 reconciliati
1428 894 1516 923 511111,
1554 894 1589 919 ut
1608 899 1671 919 suo
1695 887 1772 919 1080
1794 889 1965 930 copiosius
1987 890 2106 928 dicam,
2130 897 2179 921 at-

1189 940 1254 971 que
1279 931 1332 961 1118
1356 931 1518 962 immensa
1541 932 1771 963 misericordia
1796 931 1859 963 Dei
1884 933 2070 974 cogitetur,
2096 935 2187 975 quod

1190 973 1276 1004 hant:
1312 974 1502 1006 inchoatam
1538 976 1760 1007 obedientiam
1796 977 1962 1018 exiguam,
1987 978 2186 1016 mendicam,

1188 1018 1359 1048 sordidam
1384 1019 1514 1060 recipit,
1538 1026 1569 1050 et
1595 1026 1692 1050 ornat
1715 1026 1807 1050 tanto
1832 1020 1975 1058 honore,
2001 1028 2033 1052 nt
2059 1020 2187 1053 sacrifi-

1190 1061 1241 1092 cia
1265 1063 1422 1100 nominet,
1447 1069 1478 1093 et
1502 1064 1649 1094 sciamus
1674 1062 1739 1095 hoc
1766 1063 1836 1095 fieri
1861 1071 2000 1106 propter
2024 1065 2187 1096 Mediato-

1188 1116 1269 1144 rem,
1293 1107 1347 1148 qui
1372 1106 1421 1137 sic
1446 1114 1615 1147 precatur:
1641 1106 1754 1139 lohan.
1783 1108 1831 1139 17.
1901 1108 1949 1139 Sit
1975 1109 2006 1139 in
2032 1110 2081 1140 eis
2107 1107 2188 1140 dile·

1188 1150 1266 1223 81ῐί0,
1292 1160 1358 1191 qua
1380 1160 1433 1182 me
1457 1149 1579 1193 diligis.
1648 1150 1753 1193 Ephe.
1781 1152 1809 1183 l.
1867 1154 1987 1184 Sumus
2020 1151 2130 1184 dilecti
2155 1154 2187 1184 in

1188 1194 1219 1223 ti
1236 1200 1321 1224 ecto.

1275 1306 1401 1342 Quarta
1435 1307 1598 1339 doctrina.
1651 1307 1735 1339 Cum
1769 1318 1914 1340 11888558
1950 1309 1993 1339 sit
2029 1308 2185 1341 inchoari

1186 1350 1421 1389 obedientiam,
1448 1352 1631 1391 cogitemus
1645 1362 1731 1393 qnae
1751 1362 1854 1393 opera
1867 1353 1933 1384 sint
1957 1353 2075 1394 prima,
2100 1363 2187 1396 quae

1187 1395 1328 1426 maxime
1351 1406 1456 1426 sensu
1480 1396 1607 1436 percipi
1633 1402 1788 1437 possunt.

1274 1490 1446 1522 Summum
1471 1497 1521 1521 est
1545 1501 1630 1532 opus
1656 1489 1800 1529 dilectio,
1837 1501 1924 1532 qnae
1947 1491 1996 1522 518
2028 1491 2185 1534 flagrabit

1185 1534 1217 1564 in
1241 1539 1379 1565 aeterna
1403 1535 1490 1572 vita,
1522 1541 1555 1565 ut
1581 1535 1818 1565 ardentissimo
1843 1545 1948 1566 sensu
1972 1546 2045 1566 eam
2070 1546 2186 1577 perce-

1185 1578 1272 1620 pturi
1295 1578 1411 1610 simus.
1437 1578 1534 1609 Nunc
1557 1579 1662 1620 magis
1683 1579 2073 1619 percipiunturnotitiae,
2089 1579 2185 1619 fideS,

1184 1623 1283 1653 timor
1307 1628 1339 1652 et
1360 1621 1482 1657 fiducia
1507 1623 1767 1661 misericordiae,
1792 1621 1916 1654 laetitia
1935 1624 1967 1654 in
1992 1621 2080 1662 Deo,
2104 1633 2185 1666 spes

1185 1672 1217 1697 et
1254 1666 1424 1706 patientia,
1460 1676 1546 1708 quae
1577 1672 1629 1697 est
1662 1665 1751 1698 velle
1775 1667 1912 1697 obedire
1937 1666 2009 1697 Deo
2040 1669 2071 1698 in
2103 1666 2184 1699 tole-

1184 1710 1298 1740 randis
1324 1710 1491 1747 advcrsis,
1515 1711 1607 1741 iuxta
1631 1711 1786 1741 mandata
1806 1711 1877 1742 eius
1902 1709 1992 1742 velle
2015 1711 2081 1753 pati
2107 1722 2184 1743 con-

1184 1760 1338 1791 temtum,
1374 1754 1530 1795 inopiam,
1556 1753 1666 1792 exilia,
1703 1755 1858 1793 mot-bos,
1894 1753 2072 1796 supplicia,
2096 1766 2184 1786 mor-

1184 1804 1248 1829 tem
1272 1797 1545 1839 propterDeum,
1569 1804 1601 1829 et
1625 1799 1656 1829 in
1681 1798 1733 1830 his
1756 1797 1853 1830 malis
1876 1805 1987 1831 tamen
2007 1800 2089 1841 erigi
2103 1799 2182 1839 fide,

1182 1852 1255 1884 spe,
1287 1847 1319 1872 et
1342 1840 1468 1873 laetitia
1492 1842 1524 1873 in
1549 1841 1634 1874 Deo.

1269 1936 1381 1969 David
1406 1936 1471 1969 tide
1496 1938 1600 1969 cernit
1625 1938 1890 1970 misericordiam
1902 1937 1965 1970 Dei
1979 1939 2182 1980 promissam

1182 1988 1320 2024 propter
1353 1980 1586 2021 Mediatorcm,
1622 1989 1655 2013 et
1689 1983 1843 2024 agnoscit
1868 1993 1905 2013 58
1930 1982 2006 2014 Deo
2030 1983 2182 2014 reconci-

1181 2024 1296 2057 liatum
1320 2036 1410 2064 esse,
1435 2032 1465 2057 et
1490 2025 1598 2057 Deum
1624 2036 1703 2057 vere
1727 2027 1850 2057 adesse
1874 2025 1938 2065 illi,
1974 2033 2007 2058 et
2030 2027 2182 2069 mitigare

1182 2068 1417 2107 calamitatem,
1442 2080 1503 2111 spe
1528 2076 1682 2111 expectat
1706 2068 1956 2109 liberationem,
1993 2076 2026 2101 et
2050 2072 2181 2102 intuens

1182 2113 1267 2145 haec
1293 2114 1381 2145 bona
1401 2114 1553 2152 obiecta,
1589 2113 1698 2145 Deum
1722 2114 1918 2155 propitium,
1953 2121 2180 2156 praesentem,

1180 2158 1361 2195 iuvantem,
1387 2156 1595 2195 liberantem,
1620 2156 1765 2190 laetatur
1784 2158 1816 2188 in
1842 2157 1927 2189 Deo.
1961 2158 2051 2190 Haec
2075 2170 2182 2190 sensu

1180 2201 1306 2243 percipi
1327 2207 1480 2243 possunt,
1502 2208 1533 2232 et
1554 2201 1882 2243 comprehenduntur
1906 2203 1938 2233 in
1952 2203 2059 2234 dicto:
2087 2203 2181 2235 lusti-

1181 2245 1271 2277 ficati
1295 2244 1359 2276 fide
1382 2255 1499 2286 pacem
1524 2244 1700 2284 habemus,
1725 2252 1756 2277 et
1779 2245 1865 2277 haec
1887 2245 2016 2277 laetitia
2036 2257 2101 2288 qua
2125 2257 2181 2278 ac-

1181 2290 1384 2344 quiescimus
1419 2289 1452 2320 in
1486 2288 1575 2328 Deo,
1610 2296 1662 2321 est
1696 2289 1845 2321 scintilla
1879 2288 2068 2321 dilectionis
2103 2289 2179 2322 Dei.

1181 2334 1264 2365 (aum
1289 2334 1388 2376 igitur
1413 2333 1600 2375 cogitamus
1625 2334 1666 2365 de
1689 2333 1904 2365 inchoatione
1926 2335 2022 2374 primi
2041 2345 2181 2376 praece-

1179 2378 1238 2418 pti,
1262 2378 1294 2409 in
1319 2377 1418 2408 nobis
1438 2376 1500 2408 hos
1525 2383 1634 2408 motus
1659 2378 1923 2409 consideremus.

1267 2464 1390 2501 Quinta
1415 2465 1578 2496 doctrina.
1598 2465 1753 2497 Sciamus
1777 2464 1844 2496 hoc
1868 2474 2013 2507 quoque,
2036 2464 2178 2507 primum

1178 2515 1394 2551 praeceptum
1429 2509 1556 2540 initium
1593 2519 1670 2540 esse
1710 2509 1920 2541 obedientiae
1965 2509 1997 2540 in
2033 2510 2178 2541 caeteris

1178 2553 1382 2595 praeceptis,
1417 2558 1448 2584 et
1483 2551 1606 2584 includi
1640 2552 1707 2584 ho:
1741 2553 1881 2594 primum
1906 2559 2120 2594 pracceptum
2144 2554 2178 2585 in

1179 2598 1346 2634 omnibus,
1367 2602 1398 2628 et
1422 2597 1644 2628 obedientiam
1668 2597 1702 2628 in
1726 2597 1871 2628 caeteris
1889 2595 2099 2628 referendam
2124 2607 2176 2629 es-

1150 2642 1218 2673 ise
1252 2641 1297 2673 ad
1331 2640 1453 2679 Deum,
1490 2641 1582 2673 iuxta
1616 2641 1758 2683 plinium
1793 2647 2021 2683 praeceptum,
2047 2639 2178 2673 scilicet
