2383 2990
15 2110 25 2165 .τὲ

26 2218 33 2289 LA*
30 2166 33 2188 .-
31 2121 33 2134 ἡ

17 2391 25 2403 .,
16 2356 21 2371 .-
15 2219 24 2329 -v—„—⁷-·

187 148 253 180 569
842 150 885 182 V.
908 150 1176 183 EXPLICATIO
1201 151 1403 184 SYMBOLI
1426 152 1587 185 NICENl.
2165 159 2230 190 570

186 244 329 276 busdam
353 245 511 276 oneribus
536 246 762 287 gravioribus
786 257 873 289 quae
896 246 951 279 vel
969 258 990 278 a
1007 252 1184 288 parentum
1236 258 1381 280 necesse
1400 254 1451 280 est
1473 250 1639 290 praestari
1663 250 1900 290 obedientiam,
1923 250 1981 283 illa
2006 252 2079 294 ipsa
2101 255 2229 295 praeci·

185 287 377 320 infirmitate
401 289 563 327 oriuntur,
587 288 643 320 vel
667 290 867 321 comitamur
885 300 1062 322 aerumnas
1082 290 1184 332 irnpe-
1235 292 1357 333 pienti,
1392 303 1479 333 quae
1509 299 1587 324 sunt
1621 294 1750 326 sancita
1774 293 1944 337 Legibus,
1980 302 2038 327 aut
2068 298 2230 338 quaedam

185 332 327 370 riorum,
350 337 385 363 ut
411 332 439 362 l.
464 332 555 363 Petri
578 333 609 363 Ξ.
634 334 768 365 dicitur:
804 333 935 365 Subditi
965 339 1075 366 estote
1095 334 1183 365 omni
1236 335 1305 377 agit
1329 334 1565 377 negligentias,
1589 344 1645 369 aut
1668 338 1701 368 in
1724 343 1820 379 parte
1843 336 1953 381 aliqua
1977 341 2130 381 asperius
2149 341 2230 383 agit,

184 375 351 407 humanae
383 381 560 408 creaturae
590 382 728 418 propter
749 376 879 416 Deum,
915 377 1045 409 Subditi
1077 383 1184 409 estote
1207 388 1212 435 Ι
1235 384 1347 410 tamen
1381 381 1553 411 retinenda
1589 388 1641 412 est
1678 391 1826 423 persona
1855 388 1888 414 et
1918 384 2123 425 praestanda
2152 386 2231 416 obe·

184 417 360 458 Dominis,
395 430 462 451 non
491 418 602 451 solum
631 421 727 452 bonis
763 427 796 452 et
823 422 958 463 aequis,
993 421 1054 453 sed
1084 422 1182 453 etiam
1207 438 1212 454 ι
1236 422 1359 454 dientia
1383 429 1520 465 propter
1544 424 1689 456 divinum
1713 426 1915 458 mandatum.

184 463 328 504 asperis
1207 463 1212 525 Ι

1324 508 1451 541 Contra
1475 521 1556 542 vero
1580 510 1692 543 Malus
1716 511 1937 554 Magistratus
1967 523 2028 545 seu
2052 513 2230 555 Tyrannus

1236 558 1304 591 est,
1338 554 1394 595 qui
1419 554 1519 586 habet
1544 560 1720 597 προαίρεσιν
1754 554 1918 587 scelerate
1949 555 2106 597 faciendi,
2141 566 2174 590 et
2197 559 2230 591 in

183 599 220 626 ut
244 594 436 635 coniugium
468 601 520 625 est
551 604 606 625 res
637 593 790 625 ordinata
815 594 990 634 divinitus,
1015 596 1115 633 bona,
1151 601 1184 626 et
1234 598 1424 637 praecipuis
1455 599 1557 629 rebus
1587 597 1753 630 scelerate
1775 599 1872 638 facit,
1909 600 2036 632 etiamsi
2067 602 2230 634 interdum

183 637 287 679 digna
316 638 514 675 reverentia,
549 638 680 668 etiamsi
708 636 801 669 multi
832 648 872 669 co
896 639 1088 670 abutuntur.
1134 638 1183 683 lta
1235 638 1360 682 aliquid
1396 642 1481 672 iuste
1510 641 1605 679 facit,
1639 648 1675 674 ut
1708 642 1842 674 NERO.
1901 642 2000 675 Tales
2036 647 2231 678 removendi

182 680 342 722 politicus
367 681 451 712 ordo
476 686 528 712 est
551 691 608 712 res
632 681 785 712 ordinata
798 681 967 720 divinitus,
993 689 1024 713 et
1049 683 1182 724 quidem
1206 666 1210 716 l
1234 690 1311 715 sunt
1336 695 1355 715 a
1380 685 1620 727 gubernatione
1643 696 1705 727 per
1727 686 1946 728 Magistratus
1971 689 2172 728 ordinarios,
2194 696 2230 722 ut

181 723 314 757 illustre
337 725 563 756 testimonium
578 731 628 755 est
645 725 844 765 sapientiae,
868 725 1013 757 iustitiae
1037 733 1069 757 et
1087 735 1180 768 prae-
1195 720 1209 786 Ι
1233 727 1404 759 Neronem
1418 731 1561 760 Senatus
1574 735 1605 760 et
1614 730 1895 771 praestantissimi
1907 729 2023 763 Duces
2042 733 2231 765 iudicarunt

182 768 312 800 sentiae
346 768 412 800 Dei
441 770 528 800 inter
557 767 721 799 homines.
774 768 952 810 Significat
982 770 1070 801 enim
1098 770 1181 801 ordo
1233 769 1378 802 hostem.
1447 771 1690 805 Constantinus
1720 773 1894 805 Ecclesias
1929 773 2075 807 defendit
2112 783 2229 809 contra

182 812 245 844 has
269 822 325 844 res
351 813 472 850 bonas,
496 811 591 855 leges
616 810 791 850 honestas,
815 812 947 851 iudicia,
972 813 1076 844 iustas
1099 823 1181 855 poe·
1203 791 1209 840 l
1234 813 1395 856 Collegas
1421 821 1452 846 et
1477 814 1622 848 affinem.
1653 816 1708 848 Ius
1732 818 1831 850 etiam
1845 818 1966 849 habent
1981 819 2104 861 singuli
2116 821 2229 852 innue—

180 866 257 894 nas,
282 856 528 887 distinctionem
553 856 789 895 dominiorum,
818 863 1068 895 contractuum,
1102 868 1181 889 con—
1234 859 1322 890 diate
1345 858 1445 897 laesi,
1477 860 1505 891 si
1529 860 1594 891 sint
1625 860 1736 892 affecti
1760 863 1866 893 atroci
1891 867 1922 893 et
1945 865 2075 895 notoria
2098 864 2228 902 iniuria,

182 900 411 931 servationem
444 900 630 931 eommunis
666 900 849 931 societatis.
910 900 1017 932 Huius
1053 901 1180 932 ordinis
1232 902 1454 934 interficiendi
1477 902 1713 945 Magistratus,
1737 911 1773 936 ut
1797 911 1829 936 et
1852 911 1964 937 textus
1988 907 2020 937 in
2034 906 2108 938 lure
2132 908 2228 939 dicit:

181 949 340 986 qnantum
364 941 529 980 reliquum
554 950 616 980 est,
640 943 674 974 id
697 954 778 975 vere
801 955 821 975 a
845 943 921 975 Deo
946 950 1179 983 conservatur,
1234 944 1416 978 Consulem
1440 945 1544 979 licere
1567 947 1709 979 interfici
1733 948 1979 991 deprehensum
1999 951 2032 981 in
2052 950 2228 983 adulterio.

180 988 280 1018 etiam
316 997 390 1018 cum
420 982 536 1028 p'artes
571 986 704 1029 aliquae
739 986 944 1027 lacerantur,
979 995 1014 1019 ut
1051 989 1180 1019 etiamsi
1204 1003 1208 1040 Ι
1231 989 1273 1021 Et
1304 990 1532 1032 Hipparchum
1556 990 1699 1023 Athenis
1730 991 1895 1024 interfecit
1925 992 2131 1026 Harmodius
2154 1006 2230 1036 pro-

178 1028 248 1072 lupi
272 1029 401 1072 aliquas
426 1041 509 1062 oves
534 1031 680 1072 rapiunt,
706 1037 814 1062 tamen
839 1030 1011 1074 diligentia
1025 1030 1179 1063 Pastoris
1231 1039 1307 1074 pter
1330 1045 1482 1066 sororem
1502 1042 1533 1066 et
1557 1034 1643 1066 alias
1667 1035 1897 1068 contumelias.
1946 1037 2016 1069 Sed
2037 1038 2231 1079 disputatio-

178 1084 304 1117 magna
337 1085 416 1116 pars
441 1075 557 1117 gregis
587 1080 761 1106 servatur:
796 1074 888 1117 Ergo
920 1076 1048 1106 etiamsi
1078 1074 1179 1117 aliqui
1232 1088 1306 1108 nem
1332 1078 1373 1110 de
1397 1078 1553 1119 personis
1584 1077 1736 1121 relinquo
1760 1081 1981 1121 prudentibus
2013 1083 2230 1114 consideran·

178 1118 300 1149 iniuste
325 1118 584 1150 dominationem
608 1118 649 1149 ad
670 1128 709 1150 se
727 1117 946 1157 transferunt,
970 1126 1003 1150 ut
1024 1119 1179 1150 Pisistra·
1232 1121 1319 1163 dam.

177 1166 245 1200 tuS,
270 1161 390 1193 iniuste
414 1172 452 1192 se
476 1159 555 1193 facit
578 1161 758 1193 Dominum
778 1162 1000 1201 Athenarum,
1024 1169 1078 1194 aut
1104 1173 1180 1194 cum

178 1205 372 1247 turpissima
397 1204 510 1237 bellua
532 1205 655 1236 NERO
680 1212 814 1247 praeest
843 1206 876 1237 in
899 1207 1051 1248 impet-iu,
1076 1217 1179 1248 quan·
1318 1207 1354 1239 In
1386 1214 1504 1250 quarto
1535 1215 1718 1251 praecepto
1749 1211 1884 1252 proprie
1914 1211 1955 1242 de
1978 1213 2174 1253 parentibus
2198 1219 2231 1245 et

179 1259 278 1290 quam
300 1259 467 1290 personae
497 1255 652 1286 nect-ant,
679 1256 787 1281 tamen
814 1250 877 1291 ipsi
910 1251 1015 1281 ordini
1040 1250 1177 1291 politico
1202 1236 1207 1293 Ι
1229 1250 1486 1294 Magistratibus
1510 1250 1687 1294 loquimur.
1732 1253 1768 1284 ln
1793 1255 1890 1286 tertio
1915 1255 1956 1286 de
1980 1256 2150 1295 Sabbato,
2183 1258 2230 1289 di-

1231 1295 1336 1327 cimus
1372 1296 1413 1327 de
1449 1297 1608 1328 ministris
1642 1296 1836 1340 Evangelii,
1877 1305 1909 1330 et
1951 1299 1992 1331 de
2027 1300 2229 1340 obedientia,

1231 1350 1317 1381 quae
1342 1339 1391 1371 eis
1416 1339 1576 1378 debetur,
1608 1347 1641 1372 et
1675 1341 1752 1383 quia
1783 1341 1950 1374 Pontificii
1981 1341 2109 1375 faciunt
2138 1357 2226 1376 κακο-

1201 1383 1206 1443 Ξ
1229 1385 1342 1422 ζηλίαν,
1364 1394 1438 1414 cum
1457 1384 1638 1415 imitatione
1659 1386 1834 1425 potestatis
1852 1385 2008 1427 politicae
2021 1389 2229 1421 constituunt

1230 1438 1335 1468 regna
1360 1427 1391 1458 in
1415 1426 1588 1467 Ecclesia,
1622 1438 1765 1461 necesse
1801 1435 1853 1460 est
1883 1430 1924 1461 de
1956 1430 2147 1463 discrimine
2170 1433 2227 1464 ad-

1230 1471 1359 1501 moneri
1389 1470 1552 1502 homines.
1608 1470 1757 1504 Violatio
1792 1472 1922 1514 Legum
1953 1473 2162 1515 politicarum
2196 1476 2228 1507 in

1229 1514 1379 1555 Imperiis
1404 1521 1456 1546 est
1485 1521 1660 1556 peccatum
1684 1514 1845 1555 mortale,
1876 1518 1967 1549 iuxta
1991 1518 2128 1550 dictum:
2163 1519 2228 1551 Ne-

1231 1568 1330 1589 cesse
1365 1564 1417 1589 est
1452 1559 1590 1591 obedire
1627 1570 1694 1590 non
1729 1559 1840 1591 solum
1870 1567 2009 1602 propter
2038 1563 2132 1601 iram,
2167 1564 2227 1595 sed

1230 1602 1328 1632 etiam
1356 1609 1494 1643 propter
1529 1604 1785 1635 conscientia-n:
1821 1611 1857 1636 ut
1893 1607 2136 1637 contumaciter
2170 1619 2226 1649 ge-

264 1639 382 1672 Bonus
416 1640 639 1683 Magistratus
674 1648 725 1673 est
760 1643 815 1683 qui
855 1643 957 1675 habet
998 1648 1177 1685 προαίρεσιν
1229 1651 1324 1676 stans
1348 1656 1441 1677 arma
1466 1652 1582 1677 contra
1605 1646 1862 1688 prohibitionem
1885 1647 2023 1691 legitimi
2047 1649 2227 1693 Magistra-

174 1684 262 1716 iusta
287 1682 445 1723 faciendi,
469 1690 501 1716 et
524 1683 721 1727 plerumque
743 1686 832 1717 iusta
850 1684 942 1725 facit,
966 1688 1099 1718 etiamsi
1118 1686 1176 1718 ali·
1200 1725 1203 1731 Ι
1229 1695 1295 1725 tus,
1320 1696 1376 1720 aut
1401 1688 1519 1721 nolens
1543 1691 1682 1722 obedire
1705 1689 1794 1723 latae
1817 1693 2003 1723 sententiae
2028 1694 2058 1724 in
2078 1693 2226 1736 legitimo

176 1727 310 1770 quando
333 1726 468 1767 labitur,
493 1735 549 1760 aut
573 1729 606 1759 in
630 1728 742 1771 aliqua
766 1735 860 1770 parte
880 1736 931 1762 est
950 1729 1176 1773 negligentior
1199 1735 1204 1790 Ι
1228 1733 1362 1768 iudici03
1386 1734 1477 1765 iuxta
1500 1732 1662 1765 honestas
1676 1733 1782 1778 leges,
1806 1735 1897 1767 haud
1921 1737 2021 1768 dubie
2045 1735 2125 1770 facit
2148 1749 2226 1781 pec-

176 1776 233 1803 aut
256 1772 420 1812 asperior,
443 1782 543 1814 quam
567 1783 646 1804 esse
670 1773 826 1805 debebat.
1199 1800 1204 1985 ἰ
1230 1782 1340 1808 catum
1364 1775 1515 1809 mortale.

271 550 423 581 Necesse
447 555 556 582 autem
579 556 631 581 est
654 560 710 581 res
734 556 767 582 et
788 561 953 592 personas
978 552 1184 590 discernere,

178 1292 319 1324 debetur
343 1285 550 1331 reverentia,
584 1299 621 1324 ut
645 1291 771 1325 Paulus
795 1300 974 1327 execratur
997 1293 1178 1333 Neronem,

178 1336 241 1367 sed
263 1342 445 1368 veneratur
468 1337 621 1368 ordinem
647 1336 804 1368 divinitus
828 1338 1023 1369 institutum.

265 1421 398 1454 Deinde
422 1423 463 1454 de
487 1423 643 1464 personis
667 1424 894 1465 quaerendum
918 1430 988 1463 est,
1021 1435 1106 1467 quae
1130 1430 1177 1456 to-

176 1465 338 1498 lerandae
361 1466 439 1504 sint,
464 1472 497 1497 et
520 1467 689 1508 quomodo
715 1467 764 1497 eis
790 1467 953 1499 debeatur
976 1469 1177 1507 obedientia,

177 1515 210 1542 et
234 1520 320 1552 quae
344 1520 411 1541 non
436 1510 501 1541 sint
525 1509 734 1549 tolerandae,
755 1516 787 1542 et
811 1522 878 1553 quo
904 1512 1021 1543 ordine
1040 1514 1106 1544 sint
1126 1523 1176 1544 re-

175 1554 373 1585 movendae.
419 1553 483 1585 Hic
507 1553 718 1586 definitiones
742 1556 907 1588 tenendae
930 1561 1018 1587 sunt.

264 1857 358 1890 Haec
382 1858 529 1890 definitio
554 1860 750 1891 necessario
781 1861 924 1896 tenenda
956 1868 1006 1893 est
1037 1861 1078 1893 de
1100 1872 1175 1903 per·
1316 1863 1385 1895 Sed
1408 1865 1441 1895 in
1466 1863 1621 1896 Ecclesia
1646 1866 1820 1898 sciendum
1844 1874 1895 1898 est
1920 1868 1962 1899 de
1985 1868 2220 1902 traditionibus

175 1902 282 1940 sonis,
305 1903 338 1933 in
363 1901 510 1944 qualibet
533 1902 676 1935 honesta
700 1901 891 1943 functione,
923 1905 964 1936 de
988 1904 1108 1944 milite,
1134 1907 1174 1938 de
1227 1905 1398 1947 humanis,
1435 1918 1522 1950 quae
1550 1909 1592 1940 ab
1624 1908 1802 1951 Episcopis
1838 1917 1894 1943 aut
1920 1911 2117 1944 Pastoribus
2143 1924 2223 1945 con-

174 1942 382 1977 scholastico
407 1953 472 1978 etc.
498 1953 529 1978 et
553 1954 660 1978 sumta
685 1953 735 1979 est
766 1958 807 1979 ex
830 1948 882 1979 his
908 1949 1023 1988 dictis,
1048 1949 1173 1982 Paulus
1227 1951 1362 1990 duntur,
1388 1962 1455 1982 non
1479 1962 1557 1984 esse
1582 1959 1759 1995 peccatum
1783 1964 1897 1986 earum
1917 1956 2129 1988 traditionum
2152 1957 2223 1989 vio-

173 1989 298 2031 inquit:
323 1989 398 2021 Hoc
422 1991 613 2032 requiritur,
639 1996 671 2022 ut
697 1990 814 2023 fideles
839 1993 1054 2025 inveniamur.
1103 1993 1173 2026 Me-
1226 1993 1387 2027 lationem
1412 2002 1507 2028 extra
1532 2007 1648 2028 casum
1673 1996 1835 2037 scandali,
1859 2000 1936 2040 quia
1956 2009 2121 2041 expresse
2144 2001 2223 2032 scri-

175 2033 272 2065 dicus
306 2033 391 2066 sciat
425 2041 531 2066 artem
567 2041 598 2066 et
632 2034 755 2066 habeat
789 2036 911 2067 bonam
955 2035 1174 2077 voluntatem,
1226 2044 1318 2079 ptum
1343 2046 1410 2071 est:
1435 2039 1543 2072 Nemo
1566 2050 1630 2073 vos
1650 2048 1769 2083 arguat
1792 2042 1824 2073 iu
1849 2044 1942 2082 cibo,
1967 2050 2068 2084 potu,
2092 2044 2223 2076 vicibus

174 2087 261 2119 quae
281 2077 533 2119 comprehendit
557 2079 655 2110 etiam
679 2078 902 2112 sedulitatem.
1226 2082 1390 2116 festorum
1410 2090 1475 2116 etc.

261 2163 380 2196 Altera
414 2175 495 2206 pars
530 2166 671 2197 sumitur
705 2177 747 2197 ex
775 2165 973 2206 Salomone,
1008 2167 1085 2199 Non
1120 2175 1172 2215 est
1315 2169 1383 2201 Sed
1413 2181 1535 2213 magna
1570 2173 1784 2205 contentione
1818 2175 1996 2215 opponitur
2030 2173 2096 2207 hoc
2124 2186 2223 2218 argu-

172 2207 283 2240 iustus
305 2209 339 2240 in
363 2213 469 2247 terra,
504 2209 560 2251 qui
585 2208 800 2242 benefaciens
824 2221 892 2242 non
920 2212 1018 2242 etiam
1041 2219 1172 2254 peccet,
1225 2219 1387 2245 mentum:

172 2258 210 2285 ut
231 2251 361 2290 Dau'd,
385 2251 516 2294 Cyrus,
540 2253 735 2295 Augustus,
760 2255 889 2286 etiamsi
914 2261 946 2286 et
967 2254 1172 2288 voluntatem

172 2301 267 2327 recte
288 2295 434 2327 faciendi
457 2295 594 2336 habent,
619 2303 651 2328 et
669 2296 772 2329 multa
791 2304 884 2330 recte
902 2297 1039 2337 faciunt,
1062 2305 1172 2331 tamen
1286 2304 1382 2344 Non
1415 2305 1591 2346 debetur
1611 2307 1742 2348 minor
1763 2309 1994 2350 reverentia
2017 2308 2159 2351 Eccle-

171 2338 277 2371 multa
299 2339 488 2382 negligunt.
533 2339 587 2372 Dc
610 2339 734 2373 talibus
757 2340 905 2385 loquitur
921 2342 1061 2374 Petrus:
1086 2342 1172 2375 Sub·
1369 2366 1376 2373 .
1448 2366 1456 2373 .
1749 2368 1756 2376 .
2030 2371 2037 2378 .
2063 2372 2070 2379 .

173 2382 231 2415 diti
254 2389 363 2415 estote
387 2384 542 2423 dominis,
567 2395 636 2416 non
660 2384 770 2418 solum
789 2387 887 2418 bonis
907 2394 939 2418 et
957 2387 1087 2428 aequis,
1110 2388 1172 2420 sed
1348 2372 1532 2407 SlaStlcae
1550 2374 1759 2435 ‘potestam
1792 2383 1916 2423 quam
1957 2371 2158 2425 pom-‘leae’

173 2427 271 2458 etiam
294 2427 436 2469 asperis
748 2462 752 2463 ⁷
1285 2426 1446 2482 Legum
1478 2428 1732 2482 pohticarum
1765 2429 1930 2471 violat-‚io
1965 2438 2028 2472 est
2059 2447 2157 2488 pec-

260 2513 324 2546 Hic
346 2513 537 2557 postulatur
555 2515 756 2555 obedientia,
776 2522 810 2548 et
832 2527 914 2560 erga
926 2517 1097 2559 publicum
1116 2529 1169 2550 or·
1345 2495 1483 2529 catum
1516 2490 1698 2559 mortale,
1798 2552 1806 2560 ‚
2013 2553 2020 2561 ,

173 2557 296 2597 dinem,
319 2564 351 2590 et
374 2568 456 2602 erga
472 2569 653 2601 personam
672 2559 750 2592 talis
766 2561 996 2604 Magistratus,
1023 2562 1168 2594 cuicon-
1283 2548 1391 2604 Ergo
1425 2557 1468 2591 ei]
1497 2551 1764 2593 tradltlonum
1795 2568 1838 2593 111
1869 2552 2060 2595 Ecclesla.

173 2602 262 2645 gruit
285 2602 432 2634 definitio
456 2604 521 2634 iam
540 2604 691 2635 recitata.
736 2604 823 2636 Nam
847 2611 904 2637 aut
932 2606 1092 2648 praecipit
1115 2616 1167 2645 ea,

171 2655 259 2688 quae
286 2653 478 2690 congruunt
510 2648 553 2679 ad
584 2648 734 2680 ordinem
761 2647 947 2691 politicum:
985 2656 1064 2682 tunc
1091 2648 1167 2682 Deo
1309 2651 1531 2695 Respondent
1567 2652 1727 2686 Concedo
1751 2654 1909 2687 maiorem
1944 2655 1986 2687 de
2015 2657 2216 2695 reverentia,
