2383 2990
134 141 198 175 381

221 236 324 268 Nasci
359 240 410 267 est
444 245 464 266 a
487 235 638 277 potentia
661 233 889 277 intelligente,
925 233 1002 276 quia
1025 230 1129 263 Filius

135 281 339 323 cogitatione
362 280 522 317 nascitur,
547 285 578 310 et
603 285 653 310 est
679 280 789 321 imago
814 278 937 315 Patris,
962 284 994 308 et
1019 275 1131 318 prola-

133 330 168 357 to
193 325 298 357 verbo
322 324 421 356 nobis
446 324 591 356 ostendit
603 323 736 354 Patrem
760 330 792 355 et
817 321 1022 354 voluntatem
1047 321 1131 358 eius,

132 379 195 413 per
214 369 303 412 quod
327 369 466 401 verbum
490 374 523 400 et
545 369 619 410 ipse
642 368 789 400 notitiam
810 368 841 399 in
856 367 953 398 nobis
966 364 1130 397 accendit.

777 138 819 171 V.
845 134 1119 169 EXPLICATIO
1150 133 1353 167 SYMBOLI
1375 133 1538 166 NICENI.

1157 319 1161 337 t

2117 134 2182 168 382

1186 228 1301 262 Israel.
1348 229 1410 261 Hic
1433 230 1586 272 egressio
1609 228 1777 273 signifieat
1797 230 2046 272 generationem
2069 231 2183 263 visibi-

1185 273 1262 312 lem,
1297 285 1363 316 qua
1387 273 1542 306 Christus
1563 285 1604 306 ex
1629 275 1758 317 virgine
1783 275 1891 307 editur
1913 276 1945 305 in
1972 273 2180 308 Bethlehem.

1185 318 1318 350 Deinde
1337 328 1413 349 mox
1438 319 1603 359 sequitur:
1627 317 1670 349 Et
1693 320 1908 361 egressiones
1932 319 2004 350 eius
2028 325 2106 351 sunt
2125 330 2183 351 an·

1185 369 1216 394 te
1241 363 1312 393 dies
1337 363 1460 393 mundi.
1485 362 1556 393 Etsi
1580 369 1690 394 autem
1715 370 1748 395 ut
1773 364 1804 393 in
1827 363 1920 395 brevi
1945 363 2033 394 dicto
2057 362 2183 405 aliquid

1186 413 1235 437 est
1263 406 1492 444 obscuritatis,
1517 413 1624 437 tamen
1649 405 1930 448 simplicissimum
1951 414 2023 446 est,
2058 408 2113 440 hic
2136 408 2183 439 in-

221 439 267 471 At
300 440 487 480 P¹'⁰‘³e¹l‘3¹'e
521 445 574 470 eSt
609 449 630 470 a
663 437 849 475 V⁰l¹¹¹¹¹ffle>
886 438 962 479 qula
986 436 1131 478 spiritus
1158 438 1162 465 ¹
1186 449 1292 492 telligi
1317 450 1569 492 generationem
1592 455 1772 491 aeternam,
1798 452 1875 493 quia
1900 452 2024 483 dictum
2049 451 2183 483 concio-

133 491 274 516 sanctus
300 489 352 514 est
375 484 532 525 agitator,
556 494 617 514 seu
641 493 735 514 amor
748 480 994 518 substantialis,
1015 486 1046 511 et
1061 487 1131 510 tan-

133 539 232 570 quam
257 528 345 570 ignis
370 528 505 566 amoris,
531 538 597 569 quo
622 526 722 558 Pater
744 525 861 557 Filium
888 523 1132 566 complectitur,

114 577 166 604 .-et
189 571 292 603 Filius
316 571 462 603 Patrem.
509 570 589 602 leem
613 581 679 613 quo
704 576 822 611 postea
848 569 947 600 Pater
971 575 1004 599 et
1028 565 1131 598 Filius

133 614 295 658 copulant
329 616 393 646 sibi
418 614 618 654 Ecclesiam,
654 620 686 646 et
712 615 959 645 communicant
983 612 1012 643 ei
1036 622 1138 654 suam-

131 657 291 691 laetitiam
311 666 343 691 et
368 670 525 691 amorem.
574 655 584 673 Ι

175 823 239 856 DE
266 823 451 856 DUPLICI
477 822 740 856 DISCRIMINE
764 820 1086 855 PERSONARUM.

219 945 282 978 Est
305 952 414 978 autem
439 945 561 988 duplex
580 946 1004 987 discrimenpersonarum.
1032 944 1131 975 Aliud

131 996 185 1022 est
203 991 353 1028 interius,
373 997 407 1021 ut
434 990 536 1021 Pater
560 991 717 1033 gignens,
743 989 856 1031 imago
881 991 1004 1030 genita,
1029 989 1132 1029 Spiri-

130 1039 186 1066 tus
211 1035 412 1076 procedens'.
442 1033 542 1065 Aliud
568 1040 619 1065 cst
644 1040 815 1064 externum
841 1044 859 1064 a
887 1033 1057 1064 bcncliciis
1082 1043 1132 1062 er-

132 1089 175 1121 ga
200 1077 388 1109 Ecclesiam
413 1085 570 1116 sumtum,
596 1083 629 1109 ut
653 1076 755 1108 Filius
781 1084 811 1108 et
827 1078 971 1118 Spiritus
993 1083 1131 1107 sanctus

130 1123 305 1154 mittuntur
336 1122 376 1153 ad
409 1121 598 1153 Ecclesiam
642 1122 752 1151 statim
793 1122 835 1151 ab
872 1122 974 1151 initio.
1028 1119 1132 1151 Filius

132 1166 349 1198 constituitur
368 1164 554 1204 Mediator,
580 1163 739 1207 patefacit
764 1165 1034 1205 ln'omissionem,
1061 1170 1133 1195 orat

131 1221 194 1252 pro
215 1208 382 1247 Ecclesia,
408 1216 459 1240 est
484 1215 600 1241 custos
624 1208 817 1247 Ecclesiae,
842 1209 1028 1239 immediate
1054 1218 1133 1238 con-

131 1259 248 1285 servat
272 1253 490 1284 ministerium
515 1252 702 1295 Evangelii.
723 1251 865 1294 loquens
887 1264 961 1283 cum
977 1251 1132 1283 Patribus

132 1303 165 1329 et
190 1295 381 1338 Prophetis,
400 1303 520 1337 postea
545 1297 703 1327 assumsit
725 1297 901 1327 humanam
923 1304 1086 1334 naturam,
1101 1297 1135 1326 tit

132 1341 303 1372 redemtor
329 1346 359 1371 et
383 1350 544 1380 persona,
568 1351 630 1381 per
653 1351 750 1381 quam
777 1340 962 1371 immediate
988 1339 1134 1381 protegi-

116 1389 187 1416 'tur
220 1383 394 1421 Ecclesia,
430 1382 644 1415 manifestum
679 1384 836 1415 iudicium
872 1383 908 1414 fit
944 1383 1133 1414 innnediate

129 1437 192 1469 per
214 1428 334 1469 ipsum.

219 1514 365 1556 Spiritus
388 1520 528 1547 sanctus
546 1515 685 1546 mittitur
708 1515 740 1546 in
761 1516 865 1547 corda
878 1520 1133 1551 sanctorum‚11t

130 1559 164 1591 in
188 1559 286 1590 nobis
309 1559 474 1590 accendat
497 1565 610 1590 motus
635 1568 862 1601 congruentes
877 1570 950 1591 cum
968 1558 1057 1601 Lege
1072 1557 1134 1589 Dei

131 1610 164 1635 et
182 1601 342 1634 laetitiam
367 1608 398 1634 et
424 1603 683 1634 invocationem.
731 1603 822 1635 llaec
847 1605 958 1635 onmia
972 1602 1134 1633 discrimi-

130 1657 175 1679 na
187 1657 282 1679 mens
306 1647 337 1678 in
352 1646 546 1688 quotidiana
571 1647 784 1678 invocatione
808 1647 987 1685 intueatur,
1012 1654 1047 1678 ut,
1068 1647 1134 1677 dis-

132 1700 313 1723 cernamus
350 1696 498 1722 nostram
530 1690 776 1722 invocationem
812 1692 853 1722 ab
879 1691 1038 1729 Ethnica‚
1064 1691 1134 1721 Ma-

131 1733 308 1773 hometica,
342 1734 490 1772 Iudaica,
525 1741 557 1766 et
592 1736 633 1766 ah
658 1733 798 1766 aliarum
819 1742 988 1766 sectarum
1015 1734 1134 1766 lurori-

132 1778 209 1816 bus,
229 1779 307 1820 quia
326 1779 489 1818 scriptum
512 1785 579 1809 est:
603 1777 783 1809 Dominum
802 1777 911 1810 Deum
937 1786 1028 1810 tuum
1053 1780 1134 1809 ado-

129 1822 236 1860 rabis,
260 1827 292 1853 et
316 1822 346 1853 ei
369 1820 433 1853 soli
452 1822 595 1854 servies.
643 1821 741 1861 ltem,
771 1822 847 1853 Non
872 1822 1014 1854 habebis
1040 1821 1133 1854 Deos

130 1864 272 1897 alienos.

221 1951 263 1983 Ut
296 1957 408 1984 autem
443 1952 589 1984 vitentur
618 1953 855 1995 ambiguitates
880 1959 911 1984 et
936 1954 1077 1985 insidiae
1101 1954 1133 1985 in

129 1994 320 2034 vocabulis,
344 2007 475 2028 summa
500 2007 581 2027 cura
605 1998 808 2028 retineamus
834 1996 1077 2039 appellationes
1102 2005 1135 2030 et

130 2040 275 2082 phrases
300 2040 438 2071 traditas
464 2040 494 2071 in
521 2050 677 2071 sermone
703 2040 905 2082 l'rophetico
930 2049 960 2072 et
987 2042 1133 2082 Aposto-

129 2083 209 2123 lico,
244 2090 277 2115 et
311 2084 451 2116 usitatas
488 2085 518 2115 in
550 2095 630 2116 vera
654 2083 827 2123 Ecclesia,
865 2096 927 2116 nec
953 2086 1134 2127 gignantur

129 2133 349 2170 portentosae
373 2127 628 2169 appellationes,
653 2128 771 2170 quales
797 2129 961 2161 tinxerunt
985 2130 1134 2162 llacrcti-

133 2172 182 2210 ci,-
199 2173 382 2214 quadrigas
397 2172 550 2203 Aeonum
575 2179 608 2204 et
631 2172 793 2214 provolas
819 2180 849 2204 et
875 2172 938 2205 alia
965 2182 1131 2214 portenta.

131 2215 394 2248 Consideremus
417 2224 525 2247 autem
549 2217 581 2247 in
606 2217 740 2257 scriptis
757 2217 967 2259 propheticis
992 2225 1023 2248 et
1042 2218 1131 2260 Apo-

131 2259 276 2298 stolicis,
301 2261 357 2291 ubi
382 2260 515 2301 proprie
540 2261 580 2291 de
605 2261 824 2302 generatione
836 2269 972 2293 aeter-na
990 2262 1132 2301 dicatur,

130 2304 187 2335 ubi
213 2305 255 2335 de
279 2304 498 2346 generatione
522 2303 643 2335 visitili
669 2304 813 2343 Christi,
839 2307 894 2337 nbi
920 2307 960 2336 de
984 2307 1132 2338 advcnfu

131 2348 174 2379 ad
196 2348 424 2379 ministerium.
473 2347 588 2380 lohan.
612 2348 643 2380 S.
668 2348 743 2391 Ego
767 2360 787 2380 a
808 2349 880 2381 Deo
906 2350 992 2381 exiri
1019 2358 1049 2381 et
1077 2361 1132 2382 ve-

131 2391 200 2422 nio.
248 2391 310 2423 Hic
334 2392 456 2423 dicitur
480 2393 614 2433 proprie
638 2392 679 2423 de
704 2394 863 2425 missione
888 2402 917 2425 et
943 2395 984 2424 de
1008 2395 1131 2426 adven-

133 2441 166 2466 tu
192 2435 233 2466 ad
258 2436 486 2475 ministerium,
512 2436 588 2477 quia
604 2436 755 2479 obiusgat
773 2436 928 2476 ludaeos,
955 2439 1042 2480 qnod
1065 2450 1131 2470 non

132 2478 237 2511 velint
260 2490 449 2510 sermonem
474 2479 545 2511 eius
569 2480 696 2512 audire.
744 2481 837 2513 Sicut
862 2493 936 2513 mox
965 2484 1130 2524 sequitur:

133 2523 169 2554 Si
194 2522 384 2554 Veritatem-
401 2524 494 2558 dico,
532 2535 592 2555 cur
616 2535 680 2555 non
706 2526 840 2556 creditis
865 2526 966 2557 mihi?
1015 2527 1046 2557 ln
1072 2526 1132 2557 Mi-

135 2565 239 2598 chaea
259 2569 372 2608 eapite
396 2567 509 2609 quinto
535 2568 671 2599 dicitur:
691 2568 730 2599 Et
745 2576 777 2600 tu
791 2569 1131 2611 BethlehemEphra-

134 2616 169 2641 ta
204 2610 344 2651 parvula
379 2617 431 2643 est
455 2611 487 2642 in
513 2610 658 2643 millibus
678 2612 777 2652 luda,
801 2614 832 2645 id
859 2621 923 2651 est,
948 2616 978 2645 in
1006 2613 1130 2656 populo

134 2653 227 2692 luda,
262 2665 303 2686 ex
337 2661 370 2686 te
394 2655 472 2687 mihi
496 2657 686 2698 egredietur
711 2658 765 2698 qui
791 2660 853 2689 erit
876 2657 1076 2690 Dominator
1099 2659 1130 2690 in

1156 968 1162 1172 ι

1184 501 1284 525 natur
1308 494 1349 525 de
1368 500 1510 535 utraque
1545 495 1772 535 generatione.
1820 495 1855 526 Si
1877 497 1951 537 quis
1975 501 2086 526 autem
2117 496 2184 526 dis-

1186 538 1325 579 putabit,
1352 548 1426 568 cmn
1455 548 1576 569 nomen
1613 539 1818 579 egressionis
1854 550 1916 570 seu
1952 540 2183 580 processionis

1185 580 1264 613 alibi
1290 582 1443 612 tribuitur
1466 581 1601 622 Spiritui
1625 588 1763 620 sancto,
1789 594 1848 614 cur
1879 582 1934 614 hic
1957 582 2041 615 Filio
2067 583 2182 615 tribui-

1185 627 1262 658 tut-⁴3
1288 625 1573 666 Respondendum
1587 632 1653 656 est:
1669 625 1870 657 vocabulum
1896 628 2010 669 egredi
2036 637 2184 658 commu-

1186 671 1259 701 nius
1284 680 1373 707 esse,
1398 669 1465 700 Sed
1481 680 1553 699 cum
1568 670 1608 700 de
1622 668 1704 700 Filio
1724 669 1854 708 dicitnr,
1881 669 2117 702 declarandum
2132 677 2185 702 est

1186 724 1245 755 per
1278 711 1478 744 vocabulum
1505 712 1606 753 (ligni
1637 724 1699 746 seu
1726 714 1834 745 nasci.
1883 714 1988 745 Pilius
2013 715 2184 755 egreditur

1186 764 1220 789 ut
1245 757 1390 799 genitus¹
1416 756 1508 794 ltcm,
1533 757 1619 797 λόγος
1643 763 1673 788 et
1699 757 1822 798 imago,
1848 758 1916 788 Sed
1941 759 2085 799 Spiritus
2108 769 2185 790 san-

1186 809 1260 833 ctus
1286 800 1435 842 procedit
1459 806 1493 831 ut
1524 802 1671 843 agitator
1700 806 1731 831 et
1757 800 1966 833 laetificator.
2014 798 2100 833 ltem'
2119 803 2185 834 dis-

1186 852 1342 876 cernator
1376 846 1551 887 egressio,
1575 843 1681 875 altera
1707 851 1757 875 est
1787 856 1807 876 a
1830 846 1978 886 potentia
2003 847 2186 887 cogitante,

1185 888 1291 920 altera
1316 894 1367 919 est
1391 900 1411 919 a
1436 887 1618 921 voluntate.
1655 887 1790 930 Aliquid
1815 890 1912 920 etiam
1938 891 2074 921 interest
2100 891 2186 921 inter

1186 934 1290 964 verba
1315 935 1448 971 (ξελθεῖν
1472 939 1503 964 et
1526 931 1758 973 εκπορειῑεσῦαι.
1805 933 1890 964 Nam
1925 933 2017 974 πόρος
2041 940 2092 964 est
2117 935 2186 975 agi-

1187 978 1266 1007 tatio
1287 983 1316 1007 et
1343 983 1466 1007 motus,
1512 976 1547 1007 ln
1575 975 1723 1015 Psalmo,
1750 977 1828 1007 dixit
1846 975 2023 1016 Dominus,
2048 974 2184 1019 legitur:

1187 1032 1227 1051 cx
1251 1027 1346 1051 utero
1370 1026 1448 1050 ante
1481 1019 1655 1051 luciferum
1681 1021 1780 1062 genui
1806 1027 1855 1058 te,
1891 1022 1978 1063 quod
2005 1022 2186 1063 antiquitas

1186 1064 1455 1095 acconnnodavit
1488 1064 1530 1095 ad
1561 1065 1812 1106 generationem
1837 1071 2018 1103 aeternam.
2065 1066 2132 1096 Sed
2158 1066 2187 1097 si

1187 1107 1326 1149 legitur:
1351 1119 1391 1139 cx
1417 1114 1523 1146 utero,
1547 1118 1644 1139 mane
1668 1109 1778 1139 venict
1803 1109 1860 1139 tihi
1886 1120 1943 1139 ros
1957 1109 2186 1151 generationis

1186 1159 1275 1190 tuae,
1296 1158 1362 1182 tum
1388 1152 1527 1193 quadrat
1553 1152 1595 1182 ad
1620 1153 1870 1193 generationem
1895 1163 1936 1183 ex
1963 1154 2109 1195 virgine,
2144 1164 2188 1185 ex

1186 1206 1252 1238 qua
1277 1196 1428 1226 nascitur
1453 1194 1608 1227 Christus
1635 1194 1725 1226 velut
1750 1206 1807 1227 ros
1833 1195 2006 1235 coelestis,
2031 1195 2187 1229 videlicet

1187 1238 1289 1270 Filius
1314 1239 1438 1269 missus
1462 1240 1503 1270 de
1527 1237 1644 1277 coelo,
1679 1245 1709 1270 et
1734 1240 1807 1270 sine
1831 1241 1958 1271 semine
1983 1239 2067 1271 virili
2091 1252 2211 1275 assu-.

1186 1293 1281 1315 mens
1317 1281 1496 1314 humanam
1527 1290 1678 1314 naturam
1704 1284 1736 1314 in
1763 1283 1900 1325 virgine.
1950 1284 2042 1315 Haec
2066 1285 2187 1324 recito,

1187 1334 1222 1359 ut
1246 1327 1393 1358 iuniores
1413 1327 1477 1358 sint
1502 1328 1733 1367 circumspecti
1754 1327 1785 1358 in
1807 1326 1988 1369 loquendo,
2009 1335 2039 1359 et
2055 1329 2188 1360 discant

1187 1377 1218 1402 et
1244 1377 1401 1401 tueantur
1424 1370 1563 1412 phrasin
1589 1380 1690 1401 verae
1704 1369 1891 1409 Ecclesiae,
1916 1370 2188 1404 necludantam-

1190 1415 1425 1456 biguitatihus,
1462 1420 1517 1445 aut
1543 1413 1752 1455 hyperbolis,
1777 1422 1832 1446 aut
1859 1414 2088 1458 Acyrologiis.
2134 1416 2186 1448 Ac

1187 1459 1229 1489 ad
1252 1456 1606 1489 connnotnesactionem
1636 1457 1716 1489 utile
1741 1465 1791 1489 est
1818 1457 1957 1490 flmnam
1983 1460 2187 1500 precationis

1188 1508 1320 1540 tenere,
1354 1508 1527 1544 utcunque
1562 1502 1756 1533 recitantem
1782 1503 1984 1541 discrimina,
2029 1510 2061 1535 et
2085 1504 2187 1536 ‹ledu-

1188 1552 1318 1576 centem
1354 1556 1417 1576 nos
1453 1546 1494 1576 ad
1531 1544 1791 1586 patefactiones,
1827 1553 1862 1577 ut
1887 1548 2073 1589 cogitemus
2097 1547 2188 1590 quid,

1187 1596 1220 1621 et
1244 1600 1342 1632 quem
1365 1588 1586 1631 alloquantur,
1611 1596 1642 1621 et
1666 1600 1726 1621 cur
1749 1591 1976 1623 cxaudiamur.

1463 1771 1529 1804 AD
1554 1761 1686 1803 DE'UM
1711 1771 1906 1805 PATREM.

1277 1911 1499 1954 Omnipotens
1534 1918 1685 1951 aeterne,
1722 1913 1798 1945 vive
1830 1918 1862 1944 et
1888 1924 1966 1944 vere
1990 1911 2104 1951 Deus,
2128 1924 2184 1946 ae-

1187 1962 1283 1988 terne
1318 1964 1347 1987 et
1387 1957 1483 1987 urtice
1518 1955 1618 1988 Pater
1649 1957 1779 1988 Domini
1817 1958 1922 1988 nosttri
1948 1957 2022 1989 lesu
2047 1958 2186 1997 Christi,

1187 2001 1242 2043 qui
1269 2007 1300 2031 te
1325 1999 1514 2042 patefecisti
1541 2001 1701 2032 immensa
1730 2002 1886 2039 bonitate,
1911 2007 1943 2033 ct
1967 2000 2119 2033 clamasti
2145 2003 2186 2034 de

1188 2044 1271 2075 Filio
1297 2051 1353 2075 tuo
1379 2044 1523 2076 Domino
1549 2044 1914 2076 nostrolesus'hristo.
1941 2045 2037 2077 Hune
2061 2046 2185 2086 audite,

1188 2089 1342 2119 conditor
1365 2095 1397 2119 et.
1423 2095 1645 2119 conservator
1665 2088 1748 2119 coeli
1775 2097 1804 2120 et
1821 2096 1941 2128 terrae,
1967 2096 1994 2121 et
2012 2089 2186 2132 angelicae

1186 2132 1363 2163 Ecclesiae
1398 2139 1427 2163 et
1455 2132 1636 2171 humanae,
1673 2140 1703 2163 ct
1730 2132 1928 2174 opitulator,
1962 2135 2187 2165 resuscitator

1186 2184 1391 2207 mortuorum
1416 2183 1446 2206 et
1467 2175 1632 2214 salrator,
1657 2187 1722 2208 una
1747 2188 1820 2208 cum
1846 2176 1927 2208 Filio
1953 2184 2010 2209 tuo
2036 2184 2187 2209 coaeter-

1186 2232 1228 2252 no
1255 2220 1400 2251 Domino
1426 2226 1540 2251 nostro
1573 2219 1646 2252 lesu
1671 2220 1823 2259 Christo,
1847 2230 1876 2252 et
1904 2221 2029 2263 Spiritu
2052 2228 2184 2260 saneto,

1184 2265 1336 2306 sapit-nv,
1364 2265 1461 2302 boue,
1487 2274 1602 2302 verax,
1622 2272 1727 2302 came,
1752 2266 1849 2296 iudex
1871 2265 2064 2303 iustissime,
2087 2266 2186 2296 mise-

1185 2310 1305 2347 ricors,
1332 2307 1511 2346 lihetwime,
1537 2309 1590 2350 qui
1615 2309 1745 2340 dixisti:
1782 2309 1868 2340 Vivo
1893 2320 1975 2351 ego,
1997 2309 2075 2340 nolo
2100 2319 2186 2340 mor-

1184 2358 1250 2383 tem
1276 2353 1478 2394 peccatoris,
1503 2353 1561 2383 sed
1588 2353 1864 2384 ut‘convertatur
1889 2362 1919 2384 et
1945 2353 2055 2384 vivat:
2080 2352 2185 2383 confi-

1184 2403 1259 2427 teor
1284 2397 1340 2427 tihi
1364 2407 1417 2427 me
1452 2394 1676 2437 multipliciter
1702 2406 1878 2438 peccasse,
1914 2403 1946 2428 et
1970 2395 2069 2427 doleo
2093 2396 2186 2438 qnod

1185 2439 1306 2471 offendi
1337 2447 1380 2479 te,
1414 2439 1514 2471 doleo
1550 2441 1647 2471 etiam
1684 2441 1725 2471 de
1759 2441 1846 2471 omni
1871 2440 2076 2471 immunditia
2100 2450 2184 2472 mea.

1185 2483 1255 2514 Oro
1291 2491 1400 2515 autem
1432 2490 1502 2515 toto
1527 2492 1674 2526 pectore,
1699 2484 1857 2515 miserere
1883 2484 1966 2522 mei,
2001 2491 2033 2515 et
2058 2486 2186 2516 remitte

1185 2528 1263 2559 mihi
1299 2530 1409 2559 onmia
1444 2535 1584 2569 peccata
1622 2538 1713 2565 mea,
1750 2535 1781 2558 et
1815 2527 1961 2559 iustilica
1993 2538 2045 2559 me
2069 2538 2129 2570 per
2152 2534 2185 2560 et

1185 2579 1326 2613 propter
1352 2572 1458 2603 lesum
1485 2571 1665 2608 Christum,
1698 2570 1892 2603 crucifixum
1918 2583 1979 2614 pro
2005 2573 2116 2609 nobis,
2152 2577 2186 2604 et

1186 2616 1437 2654 resuscitatum,
1460 2616 1544 2656 λόγον
1562 2619 1612 2646 καὶ
1635 2615 1735 2646 amira
1759 2628 1813 2646 σου
1837 2615 1948 2655 tilmon»,
1973 2616 2004 2647 id
2019 2623 2082 2654 est,
2105 2616 2186 2647 ima-

1186 2661 1296 2701 ginem
1317 2661 1554 2701 sempiternam
1577 2666 1686 2699 tuam,
1716 2670 1814 2702 quem
1838 2659 1974 2692 voluisti
1997 2670 2059 2702 pro
2083 2659 2184 2692 nobis
