2383 2990
178 138 243 170 315
787 134 901 168 PHlL.
925 133 1026 165 MEL.
1052 132 1242 166 SCRlPTA
1264 131 1547 165 DOGMATIGA.
2143 110 2210 164 316⁷

181 232 356 265 elabuntur
380 243 420 264 ex
443 232 596 263 manibus
621 230 894 272 magistratuum,
917 235 1027 261 tamen
1053 229 1166 261 divini·
1307 228 1498 270 Scriptores
1532 227 1629 258 etiam
1660 225 1761 269 aliqui
1782 237 1850 258 non
1874 227 2103 259 discernentes
2124 227 2208 269 poli-

178 282 232 308 tus
255 276 469 309 retrahuntur
491 275 534 307 ad
558 284 696 316 poenaS.
1220 274 1318 303 ticam
1341 276 1539 312 potestatem
1563 277 1596 302 ct
1618 270 1788 301 ministros
1811 270 1998 313 Evangelii,
2030 271 2070 302 de
2091 271 2207 302 edictis

1219 314 1375 356 politicae
1397 315 1585 356 potestatis,
1607 313 1674 346 hoc
1698 319 1927 356 argumentum
1957 315 2185 356 agitaverunt:

266 388 328 419 Hic
363 394 473 418 autem
507 392 584 417 sunt
617 385 773 416 monendi
808 385 955 416 iuniores
991 385 1166 416 discrimen

178 442 255 463 esse
290 432 373 462 inter
409 430 557 461 ordinem
590 427 760 470 politicum
795 434 829 459 et
852 438 1036 469 personas,
1071 427 1166 470 leges
1280 396 1415 436 Nemo
1447 401 1584 450 pOteSt
1605 395 1801 434 mandare
1823 395 1898 434 SUb
1929 409 2062 449 poena
2084 409 2208 449 quam

178 480 388 511 contractus,
423 474 561 510 iudicia,
595 482 740 513 poenae,
774 471 806 502 in
841 472 979 512 imperio
1015 471 1165 503 Romano
1341 471 1424 496 non
1456 462 1593 511 potes‘fi
1625 455 1785 509 CXequ-

176 523 325 557 tempore
348 516 493 547 Neronis
517 521 593 547 sunt
617 525 671 546 res
696 526 715 546 a
737 514 813 546 Deo
838 516 987 546 ordinata
1012 521 1043 546 et
1067 515 1166 552 iusta,
1279 516 1419 556 H0n10
1451 531 1534 556 non
1558 523 1697 571 potest,
1720 521 1906 556 aeternas
1923 530 2077 570 poenas
2109 529 2208 555 exe..

175 560 217 591 Et
243 559 366 591 Paulus
390 560 479 591 hunc
502 560 651 590 ordinem
675 563 867 596 veneratur,
890 563 923 589 et
935 557 1010 588 Deo
1034 569 1094 599 pro
1118 563 1165 588 ta·
1401 577 1408 584 .
1530 558 1534 561 “
2134 551 2148 555 ”

175 602 198 634 li
223 604 473 635 consociatione
497 603 629 645 generis
652 601 787 633 humani
812 602 937 643 gratias
961 601 1040 642 agit.
1098 601 1166 638 Sed
1342 591 1421 630 qm·

177 653 286 678 tamen
308 647 398 677 Nero
419 652 468 677 est
481 645 669 677 sceleratus
693 651 725 676 et
749 645 951 675 teterrimum
970 650 1165 681 monstrum,
1279 637 1375 677 Non
1406 637 1528 692 igitur
1560 637 1743 692 obligant
1783 636 1916 676 edicta
1948 637 2208 691 magistratu-

176 696 208 722 et
232 689 355 721 Paulus
380 696 449 721 toto
471 699 612 730 corpore
637 688 866 726 cohorrescit,
891 688 1042 729 cogitans
1066 686 1166 718 talem

175 739 303 775 pestem
324 740 437 764 tencre
449 733 538 764 hunc
562 742 722 763 summum
737 732 875 773 gradum
894 731 980 761 inter
1003 730 1166 768 homineS,

176 778 231 818 qui
266 778 410 808 debebat
444 786 520 807 esse
550 781 665 807 custos
702 775 889 806 divinorum
914 773 1165 812 beneficiorum,

176 819 262 862 legis
286 820 362 859 Dei,
385 821 531 851 iustitiae
556 826 588 851 et
607 819 710 860 pacis.
1130 829 1133 830 ⁷

1340 712 1411 737 Um
1442 704 1609 753 ΡῙὉΡἘΕΓ
1640 712 1793 752 POenaS
1826 703 2022 737 aeternas.

1307 788 1374 820 Sed
1408 800 1500 827 vera,
1536 790 1732 831 perspicua,
1767 795 1798 820 et
1821 788 2010 820 firmissima
2032 789 2208 830 responsio

1221 838 1282 871 est,
1319 843 1404 874 quae
1429 833 1560 874 quidem
1583 839 1616 864 et
1640 833 1773 864 deducit
1796 842 1858 863 nos
1882 833 1924 863 ad
1953 833 2093 873 primum
2117 838 2209 863 auto-

1219 887 1289 907 rem
1314 877 1575 918 gubernationis.
1622 876 1767 907 Primum
1790 877 1889 917 igitur
1913 877 1954 907 ad
1973 875 2135 906 Maiorem
2157 885 2210 906 re-

1220 920 1450 960 spondendum
1475 926 1540 957 est,
1558 920 1664 950 Nemo
1689 918 1761 950 sola
1784 919 1927 950 humana
1951 919 2127 950 autoritate
2150 929 2210 959 po-

1220 969 1283 994 test
1309 963 1467 993 mandare
1491 964 1554 994 sub
1578 973 1687 1004 poena
1711 969 1858 1000 aeterna,
1899 962 1984 993 sicut
2007 963 2038 993 in
2065 963 2209 992 ministe—

1220 1007 1269 1037 rio
1293 1005 1501 1048 Evangelico
1527 1017 1623 1038 nemo
1647 1012 1759 1047 potest
1781 1005 1927 1037 humana
1961 1006 2138 1036 autoritate
2161 1015 2210 1036 re—

1220 1051 1350 1081 mittere
1374 1055 1524 1090 peccata.
1579 1050 1647 1080 Sed
1670 1048 1764 1080 Deus
1789 1059 1976 1091 quanquam
2001 1050 2073 1081 sine
2096 1049 2209 1079 huma-

1220 1104 1262 1124 na
1287 1102 1370 1124 voce
1394 1099 1512 1133 posset
1534 1092 1686 1124 homines
1712 1094 1912 1135 gubernare,
1937 1099 1967 1123 et
1999 1092 2211 1123 sanctificare

1221 1148 1305 1178 quos
1329 1135 1449 1174 vellet,
1485 1142 1594 1167 tamen
1625 1147 1685 1167 sua
1709 1136 1871 1177 sapienda
1894 1142 1925 1166 et
1950 1136 2096 1167 bonitate
2120 1135 2210 1166 insti-

1221 1181 1282 1211 tuit
1307 1180 1337 1211 in
1363 1189 1485 1220 genere
1504 1179 1650 1210 humano
1669 1180 1863 1216 ministeria,
1887 1178 2018 1210 scilicet
2040 1179 2210 1210 ministros

1220 1222 1405 1265 Evangelii,
1430 1229 1462 1253 et
1485 1222 1642 1264 politicos
1667 1223 1895 1265 magistratus.

264 898 337 929 Hac
361 898 570 929 distinctione
594 898 678 927 inter
701 906 771 926 rem
795 901 825 926 et
850 904 1015 936 personas
1048 894 1164 925 obser-

176 946 264 978 vata,
289 940 391 972 multa
414 946 609 983 argumenta
633 938 793 979 explicari
810 944 966 980 possunt,
992 938 1032 968 de
1046 938 1166 979 quibus

176 983 372 1024 Philosophi
408 985 626 1024 disputarunt,
662 990 692 1014 et
718 992 834 1012 omncs
857 982 1027 1022 sapientes
1057 981 1165 1022 ignari

175 1027 348 1069 Evangelii
385 1028 471 1058 omni
496 1034 644 1067 tempore
670 1026 854 1067 disputant,
891 1035 965 1055 cum
990 1030 1165 1066 quaerunt,

176 1072 229 1102 An
254 1072 389 1112 imperia
413 1072 479 1102 sint
504 1081 522 1101 a
546 1070 632 1108 Deo,
656 1074 712 1100 aut
730 1074 856 1100 tantum
880 1067 1032 1098 humanis
1057 1068 1166 1098 consi-

176 1113 240 1153 liis,
265 1121 321 1146 aut
345 1125 426 1146 casu
447 1114 702 1151 constituantur,
722 1118 753 1143 et
776 1117 952 1143 mutentur.

266 1192 400 1224 Certum
436 1198 485 1223 cst
522 1193 669 1223 ordinem
689 1189 860 1232 politicum
884 1200 969 1231 opus
990 1189 1053 1220 Dei
1077 1199 1166 1227 esse,

176 1237 303 1268 etiamsi
329 1234 492 1277 Caligula,
514 1235 603 1266 Nero
629 1241 660 1265 et
685 1233 809 1265 similes
825 1235 944 1265 iniuste
968 1234 1111 1274 rapiunt,
1135 1239 1167 1264 et

174 1286 296 1311 ”mmm
320 1280 551 1310 ddmmbu‘fflt
574 1289 720 1319 unpe'la‘
1317 1301 1389 1332 Nec
1413 1301 1638 1332 existimemus
1663 1301 1725 1331 hos
1750 1301 1888 1342 gradus,
1918 1306 2043 1331 tantum
2066 1299 2210 1331 humano

263 1357 341 1388 Dixi
365 1358 505 1397 primum
529 1357 668 1398 gradum
691 1355 830 1387 honoris
854 1366 947 1394 esse,
978 1364 1167 1396 agnoscere
1221 1343 1363 1376 ⁰0¹¹⁵ffi⁰
1386 1345 1557 1375 Ῑῐὶδῐί-ΝΠΟΞ
1582 1354 1670 1382 ⁰⁵⁵3,
1695 1345 1755 1375 sed
1779 1343 1843 1375 Dei
1868 1354 1970 1385 Opem
1994 1349 2083 1375 Sunt·

174 1400 283 1432 Deum
309 1411 385 1431 esse
420 1407 568 1432 autorem
593 1400 688 1430 liuius
716 1400 860 1438 ordinIS‚
895 1406 926 1430 et
951 1399 983 1430 in
1007 1399 1070 1430 hac
1093 1399 1166 1440 ipsa

176 1445 367 1476 obedientia
389 1444 567 1486 Praecipue
592 1443 665 1473 Deo
691 1444 934 1484 obtemperare·
1307 1422 1384 1453 Vox
1407 1422 1545 1453 ministri
1558 1420 1753 1463 Evangelici
1777 1421 1942 1453 verissimi
1966 1426 2018 1452 est
2036 1430 2210 1462 organum,

1221 1477 1286 1507 quo
1321 1465 1415 1497 Deus
1451 1471 1502 1496 est
1536 1464 1656 1496 efficax
1682 1475 1721 1496 ac
1752 1464 1878 1505 Spiritu
1902 1472 2019 1495 sancto
2043 1469 2155 1494 movet
2179 1469 2212 1493 et

261 1523 464 1554 Necessario
488 1522 607 1552 deinde
630 1520 685 1551 hic
709 1521 834 1563 gradus
861 1521 955 1561 sequi
981 1520 1097 1558 debet,
1130 1525 1166 1550 ut
1221 1509 1319 1540 “3¹¹st
1345 1510 1458 1540 ⁰0¹5&-

175 1568 269 1608 ipsos
300 1571 458 1607 parentes
493 1571 525 1596 et
558 1563 725 1606 legitimos
748 1564 981 1606 magistratus,
1016 1563 1110 1604 leges
1135 1568 1165 1593 et

176 1611 301 1641 iudices
326 1608 502 1651 diligamus
525 1614 662 1649 propter
684 1608 808 1644 Deum,
844 1613 874 1638 et
906 1608 954 1638 eis
978 1617 1040 1637 nos
1065 1607 1166 1637 suhii-

1191 1413 1196 1636 i
1306 1587 1367 1618 Est
1403 1594 1433 1618 et
1469 1586 1566 1617 iudex
1602 1585 1757 1626 politicus
1793 1596 1973 1628 organum,
2019 1595 2079 1626 per
2113 1594 2211 1626 quem

177 1655 315 1691 ciamus,
351 1660 381 1684 et
408 1654 438 1683 in
463 1653 609 1682 externis
634 1651 752 1682 officiis
777 1652 849 1682 sine
875 1651 1084 1681 contumacia
1109 1650 1166 1681 ob·

1220 1631 1316 1662 Deus
1340 1629 1474 1662 vincula
1499 1628 1606 1661 civilis
1631 1630 1801 1660 societatis
1827 1634 2015 1660 conservat.

175 1704 410 1738 temperentu&
435 1696 520 1726 sicut
541 1694 664 1725 Paulus
688 1695 807 1736 inquit:
838 1694 989 1724 Necesse
1013 1700 1064 1724 est
1089 1694 1166 1724 obe-

177 1741 266 1778 dire,
298 1751 366 1771 non
391 1738 499 1770 solum
523 1745 660 1780 propter
684 1739 777 1776 iram,
813 1738 873 1768 sed
909 1738 1006 1768 etiam
1029 1743 1167 1778 propter

177 1784 424 1815 conscientiam.
495 1782 592 1817 Quod
629 1782 751 1813 (lictum
770 1781 859 1812 haud
884 1781 982 1812 dubie
1006 1780 1167 1822 singulari

181 1826 323 1858 consilio
348 1827 524 1858 universae
548 1824 723 1856 Ecclesiae
746 1825 898 1856 traditum
925 1831 987 1863 cst,
1024 1830 1058 1855 ut
1080 1823 1167 1854 falsa

176 1871 365 1912 imaginatio
390 1869 579 1901 hominibus
604 1870 776 1907 eximatur,
808 1878 895 1909 quae
918 1878 983 1898 non
1010 1868 1166 1899 discernit

176 1915 260 1945 inter
283 1914 419 1955 imperia
444 1919 474 1944 et
498 1912 679 1943 latrocinia
707 1912 801 1943 Sicut
824 1912 929 1953 pirata
954 1911 997 1942 ad
1020 1910 1167 1942 Alexan-

177 1959 271 1989 drum
297 1959 398 1989 dixit:
430 1956 497 1988 Cur
520 1957 625 1998 magis
651 1956 708 1987 tibi
732 1955 810 1987 licet
834 1955 989 1996 praedari
1011 1956 1043 1985 in
1069 1962 1167 1990 terra,

178 2012 275 2043 quam
299 2000 376 2032 mihi
400 2002 432 2032 in
458 2000 560 2032 mari?

1309 1709 1404 1740 Hanc
1427 1708 1686 1750 responsionem
1711 1708 1858 1738 iuniores
1882 1707 2098 1737 meminerint.
2149 1704 2212 1736 Est

1221 1753 1307 1784 enim
1330 1763 1409 1784 vera
1434 1759 1465 1783 et
1490 1752 1629 1788 erudita,
1654 1758 1685 1782 et
1710 1749 1797 1782 utilis
1820 1751 1916 1791 paci,
1941 1756 1973 1781 et
1992 1748 2113 1781 refutat
2143 1747 2213 1780 hal-

1220 1796 1442 1827 lucinationes
1466 1794 1655 1833 multorum,
1680 1795 1735 1836 qui
1759 1795 1799 1825 de
1824 1794 1955 1836 legibus
1986 1792 2131 1835 politicis
2155 1792 2214 1824 ali-

1223 1846 1275 1871 ter
1288 1841 1508 1880 scripserunt.

1310 1917 1485 1949 Caeterum
1520 1917 1609 1958 quod
1633 1918 1676 1948 sit
1699 1917 1876 1948 discrimen
1912 1915 1996 1945 inter
2029 1915 2214 1945 ministrum

1222 1961 1407 2003 Evangelii,
1445 1967 1477 1992 et
1510 1960 1665 2002 politicos
1699 1961 1925 2001 magistratus,
1962 1964 1992 1988 et
2023 1957 2214 1989 interritus

1222 2006 1390 2036 institutos
1424 2006 1466 2035 ab
1492 2004 1682 2045 Epiwopis,
1718 2009 1747 2034 et
1772 2002 1866 2044 leges
1891 2000 2015 2042 politici
2039 2003 2213 2043 magistra-

1223 2055 1288 2087 tus,
1311 2047 1397 2079 insra
1422 2048 1581 2079 dicemus.
1608 2047 1739 2078 Urerson
1759 2048 1821 2078 etsi
1845 2047 1942 2077 anxie
1967 2046 2105 2087 quaerit,
2130 2054 2214 2086 quae

1222 2092 1328 2134 leges,
1354 2103 1412 2123 cur
1436 2098 1467 2122 et.
1490 2097 1646 2132 quantum
1671 2089 1819 2132 obligent
1844 2089 2009 2127 hmnines,
2039 2094 2149 2120 tamen
2173 2098 2216 2119 ex

1223 2136 1275 2167 his
1299 2134 1498 2178 labyrinthis
1522 2146 1588 2165 non
1615 2133 1732 2165 liberat
1755 2134 1827 2174 pias
1853 2140 1991 2164 mentes.
2038 2132 2105 2164 Sed
2129 2130 2215 2162 infra

1223 2181 1253 2211 in
1279 2177 1418 2211 articulo
1442 2179 1483 2210 de
1518 2176 1690 2216 Ecclesia,
1725 2178 1765 2208 de
1790 2177 1852 2208 hac
1878 2176 2073 2218 quaestione
2096 2175 2215 2206 dicturi

1223 2234 1350 2255 sumuS.

265 2079 402 2120 imperia
433 2085 510 2110 sunt
535 2078 698 2109 ordinatio
722 2076 786 2108 Dei
810 2082 842 2107 et
864 2075 916 2107 his
946 2076 1168 2107 obediendum

178 2129 240 2162 est,
265 2129 401 2164 propter
424 2122 544 2160 Deum,
570 2128 601 2152 ct
626 2121 721 2152 Deus
744 2121 839 2162 punit
863 2125 1090 2151 contumaces.

265 2200 458 2231 Latrocinia
493 2206 601 2230 autem
635 2196 712 2230 su'nt
737 2199 921 2230 destructio
946 2198 1070 2229 ordinis
1093 2196 1169 2234 Dei,

179 2250 209 2276 et
233 2245 320 2285 capti
344 2255 361 2274 a
386 2243 572 2274 latronibus
598 2249 685 2273 metu
709 2253 849 2284 poenae,
874 2242 906 2273 id
930 2248 993 2280 est,
1027 2241 1169 2272 iniustae

181 2289 340 2319 saevitiae
365 2288 533 2324 obediunt,
556 2297 597 2317 ne
620 2287 720 2317 vitam
745 2287 904 2317 amittant.
931 2286 1003 2317 Nec
1026 2295 1169 2316 necesse

180 2339 229 2363 est
254 2342 313 2362 cos
337 2336 473 2372 propter
495 2330 604 2361 Deum
628 2330 776 2368 obedire,
799 2340 861 2360 nec
881 2334 1033 2371 peccant,
1057 2329 1085 2359 si
1105 2328 1171 2359 ela-

180 2375 211 2405 bi
236 2380 388 2416 possunt.

1311 2283 1454 2314 'l'ertium
1483 2289 1592 2313 autem
1628 2282 1767 2324 gradum
1802 2280 1940 2312 honoris
1971 2290 2047 2312 csse
2073 2279 2214 2311 diximus

1224 2331 1388 2358 ἐπιείκειαν
1411 2327 1442 2356 in
1468 2324 1640 2357 toleranda
1666 2325 1854 2356 infirmitate
1878 2325 2144 2365 magistratuum,
2175 2323 2216 2353 de

1226 2382 1288 2413 qua
1324 2381 1361 2402 re
1383 2370 1591 2411 propositum
1627 2375 1679 2400 est
1704 2367 1834 2400 illustre
1867 2361 2064 2409 exemplum:
2131 2366 2215 2397 Cum

1225 2416 1310 2456 patri
1337 2414 1432 2445 Noae
1466 2413 1591 2444 nudato
1627 2411 1713 2443 filius
1750 2411 1855 2443 Cham
1878 2410 2045 2449 illuderet,
2079 2409 2133 2441 alii
2159 2408 2215 2440 filii

1224 2464 1352 2500 patrem
1386 2462 1514 2498 tegunt.
1582 2457 1634 2487 Ac
1668 2462 1805 2497 propter
1834 2454 1899 2487 hoc
1923 2465 2077 2496 magnum
2101 2451 2215 2485 scelus

1224 2501 1432 2533 maledicitur
1456 2499 1573 2537 Cham,
1599 2500 1740 2531 caeteris
1765 2509 1845 2530 vero
1872 2497 1959 2537 filiis,
1983 2498 2037 2540 qui
2062 2506 2215 2529 reveren-

1224 2551 1273 2577 ter
1297 2550 1449 2576 texerant
1471 2543 1615 2582 Patrem,
1642 2543 1858 2575 benedicitur.

270 2442 466 2484 Philosophi
501 2450 609 2475 autem
641 2449 673 2474 et
701 2441 793 2474 multi
817 2441 871 2474 alii
896 2441 1035 2473 similem
1054 2442 1169 2483 imagi-

181 2487 346 2518 nationem
371 2488 411 2517 de
435 2487 579 2527 imperiis
599 2487 735 2526 habent,
761 2497 827 2517 non
846 2496 987 2517 necesse
1000 2495 1075 2516 esse
1094 2496 1169 2525 pro-

182 2536 256 2572 pter
279 2529 385 2560 Deum
411 2531 556 2561 obedire.
621 2531 717 2562 Hunc
742 2540 889 2561 errorem
915 2524 1038 2561 Paulus
1059 2529 1171 2560 eximit

182 2574 342 2604 universo
366 2574 480 2614 generi
504 2575 647 2605 humano
672 2574 738 2606 hac
762 2574 962 2615 gravissima
986 2573 1168 2604 sententia:

183 2616 334 2648 Necesse
358 2622 408 2648 est
433 2617 568 2648 obedire
590 2624 728 2659 propter
752 2617 1000 2649 conscientiam.
1310 2614 1346 2645 ld
1369 2611 1557 2655 exemplum
1581 2613 1623 2644 sit
1648 2613 1679 2644 in
1705 2617 1891 2654 conspectu
1914 2610 2087 2648 modestis,
2108 2614 2145 2641 ut
2169 2609 2216 2640 di-
