2383 2990
175 114 218 146 79
584 96 592 99 ’
797 112 912 146 PHIL.
935 113 1040 145 MEL.
1063 112 1252 146 scmr'rA
1274 113 1555 146 ΒοθΜΑΤΙυΑ.

173 208 335 239 accedunt
357 218 398 238 ex
410 207 594 249 Evangelio
614 206 668 238 alii
689 213 769 245 treS,
793 207 849 248 qui
862 208 1032 239 continent
1051 206 1152 239 multo

173 249 395 282 efficaciorem
419 250 690 282 consolationem.

1177 358 1182 398 i

268 422 356 463 Sint
387 423 508 476 igit-ur
539 423 614 462 loci
647 423 882 478 Theologici
915 425 1068 464 decem.

255 533 276 562 I.
322 530 468 568 Primus,
500 531 770 568 Necessitas,
805 532 837 562 id
861 537 928 569 est,
963 533 1152 563 mandatum

169 574 250 611 Dei,
283 574 371 614 quod
395 574 576 614 praecipit,
605 580 639 604 ut
664 574 834 605 flectamus
859 576 986 605 animos
1010 576 1051 605 ad
1075 576 1153 606 obe·
1178 573 1182 632 Ι

169 617 322 647 dicntiam
345 618 377 646 in
402 615 583 647 tolerandis
601 617 765 654 adversis,
789 628 851 648 nec
871 617 1153 655 irascamurDeo,

167 660 255 690 imita
287 660 423 690 dictum:
455 658 675 690 Humiliamini
706 661 769 691 sub
798 662 923 701 potenti
953 671 1051 691 manu
1079 660 1152 691 Dei.

168 702 264 733 Item:
290 703 447 734 Subditus
467 708 540 733 esto
565 702 650 740 Deo,
676 709 706 734 et
731 713 830 743 spera
853 704 885 734 in
906 714 991 741 eum,
1016 709 1080 734 etc.

153 806 162 813 .
254 773 288 802 In
316 772 403 802 omni
428 770 658 802 consolatione
681 778 791 802 autem
820 772 869 802 sic
893 777 1017 802 tantum
1040 773 1154 803 minui·
1177 735 1181 801 i

167 820 220 844 tur
244 813 353 851 dolor,
377 825 452 844 cnm
476 815 638 845 obiectum
659 815 780 845 bonum
797 816 973 851 intuemur,
997 814 1053 852 Ut,
1080 826 1153 846 cum
1178 840 1180 854 x

166 856 277 888 David
307 858 387 894 scit,
411 857 485 888 Deo
510 857 728 888 obedientiam
754 858 785 887 in
809 856 905 888 exilio
935 856 1086 898 placere,
1121 864 1152 888 et
1178 884 1179 900 3

166 910 307 940 poenam
332 911 397 931 non
423 910 498 931 esse
516 901 646 941 signnm
664 901 865 937 reiectionis,
891 901 951 931 sed
967 910 1154 931 commone—

166 943 344 974 sacticnem
369 944 409 974 de
435 943 650 974 poenitentia.
696 943 767 973 Hac
791 944 879 974 bona
903 942 1073 974 voluntate
1090 943 1153 975 Dei

168 987 378 1017 considerata
409 985 470 1016 sert
496 996 622 1027 poenas
648 987 773 1016 minore
802 986 931 1017 dolore.

1178 939 1180 955 i

978 987 1035 1018 Sic
1064 986 1155 1024 latro,
1178 999 1179 1009 ¹

169 1039 355 1060 conversus
379 1030 421 1060 ad
446 1029 553 1059 Deum
577 1027 682 1059 levius
707 1027 770 1059 fert
794 1040 952 1070 poenam,
977 1031 1040 1061 scit
1067 1030 1153 1060 ordi·
1178 1030 1179 1033 ’

168 1073 290 1103 nationi
317 1073 446 1103 divinae
470 1072 689 1102 obediendum
709 1082 803 1111 esse,
839 1079 871 1103 et
900 1072 988 1104 hanc
1011 1079 1152 1104 mortem
1178 1083 1179 1086 ¹

167 1125 235 1146 non
258 1125 334 1146 esse
357 1116 487 1156 signum
510 1115 710 1146 reiectionis.

169 1234 250 1266 Saul
273 1246 338 1266 non
363 1241 451 1265 recte
476 1234 574 1273 facit,
606 1235 696 1276 quod
719 1236 782 1267 sibi
805 1242 943 1267 mortem
970 1236 1149 1266 consciscit

168 1285 305 1320 propter
328 1277 493 1309 infelicem
516 1289 672 1320 pugnam.

254 1357 300 1387 III.
344 1354 494 1393 Tertius,
529 1355 640 1386 Bona
677 1355 961 1393 conscientia,
996 1360 1033 1386 ut
1066 1355 1153 1386 Lau-

166 1399 271 1430 rentio
295 1398 329 1429 fit
346 1397 429 1429 levis
457 1399 623 1429 cruciatus
648 1405 784 1440 propter
805 1399 960 1439 optimam
979 1399 1152 1430 conscien-

167 1443 255 1473 tiam.

255 1520 313 1550 IIII.
339 1518 421 1554 Quia
446 1528 528 1549 vero
546 1519 742 1559 saepissime
764 1517 851 1549 mala
871 1518 1074 1549 conscientia
1097 1518 1153 1548 do-

166 1562 256 1593 lores
279 1568 389 1603 auget,
414 1562 598 1592 ostenditur
621 1562 651 1591 in
676 1560 862 1603 Evangelio
886 1568 1023 1603 quartus
1042 1559 1151 1598 locus,

166 1615 307 1647 prorsus
330 1606 463 1647 ignotus
488 1603 742 1646 Philosophiae,
772 1603 915 1635 scilicet:
945 1604 1152 1635 Remissio

167 1655 455 1690 peccatorum.
513 1648 620 1679 David
662 1659 728 1679 non
764 1645 928 1689 frangitur
964 1648 1153 1688 ingentibus

171 1690 423 1729 calamitatibus,
449 1692 578 1722 etiamsi
592 1690 692 1721 habet
709 1691 898 1721 tristissima
912 1689 1051 1721 vulnera
1076 1700 1151 1720 con-

167 1736 342 1772 scientiae,
367 1735 425 1765 sed
449 1736 512 1765 iam
536 1740 624 1765 tenet
650 1734 805 1771 remedia,
829 1735 891 1764 scit
915 1734 1037 1764 dictum
1062 1743 1153 1763 esse:

167 1777 370 1809 Dominus
411 1776 589 1808 abstulit
629 1782 845 1818 peccatum
880 1783 994 1807 tunm.
1061 1776 1154 1806 Haec

170 1819 354 1853 consolatio
386 1822 519 1861 propria
544 1826 594 1851 est
625 1819 818 1857 Ecclesiae,
848 1818 977 1860 prolata
1009 1830 1048 1850 ex
1079 1820 1153 1849 sinu

169 1865 293 1894 aeterni
329 1864 436 1895 Patris
471 1865 503 1895 in
540 1874 623 1894 voce
653 1862 846 1905 Evangelii,
882 1870 913 1893 et
944 1872 1154 1904 nequaquam

169 1906 406 1948 Philosophiae
425 1914 505 1938 nota
528 1913 590 1938 est.

1178 1092 1179 1151 i

255 1195 288 1223 II.
335 1192 530 1229 Ser-nudus,
566 1192 766 1234 Dignitas
802 1193 988 1231 virtutis,
1023 1192 1056 1223 id
1091 1174 1180 1535 esa*

254 1984 295 2014 V.
342 1983 483 2019 Quintus
506 1983 622 2024 locus,
646 1984 700 2025 qui
725 1984 821 2013 etiam
841 1981 1067 2024 Evangelicus
1092 1987 1152 2015 est,

169 2027 321 2058 videlicet
357 2028 524 2068 Agnitio
561 2027 826 2068 praesentiae
860 2025 936 2056 Dei
969 2026 1006 2056 in
1035 2033 1181 2067 aeru—1

169 2071 270 2100 mnis
305 2077 478 2110 accepta
509 2071 784 2101 remissione.
819 2076 852 2100 nt
889 2069 1023 2100 dicitur:
1059 2067 1153 2098 Deus

168 2113 292 2144 habitat
322 2114 355 2144 in
388 2113 528 2144 afflictis.
575 2113 720 2144 Levatur
743 2123 821 2150 ergo
846 2111 956 2142 dolor.
987 2122 1062 2142 cum
1091 2111 1154 2141 sci-

170 2166 244 2186 mus
264 2166 325 2186 ncs
349 2167 368 2187 a
394 2154 467 2187 Deo
491 2156 606 2191 iuvari,
630 2163 662 2187 et
685 2166 779 2197 spem
802 2156 961 2186 habemus
979 2155 1154 2196 mitigatio-

169 2199 221 2230 nis
244 2199 275 2229 in
299 2199 364 2230 hac
388 2200 463 2230 vita.

257 2276 313 2306 VI.
359 2275 482 2307 Sextus
501 2275 609 2311 locus,
634 2276 689 2317 qui
711 2276 808 2307 etiam
837 2274 1063 2317 Evangelicus
1092 2281 1153 2309 est,

171 2318 337 2350 videlicet:
376 2320 482 2360 Spes
511 2318 678 2350 ultimae
707 2317 981 2349 liberationis
1016 2324 1054 2349 et
1089 2328 1154 2349 ae-

171 2368 312 2393 ternae
336 2361 503 2397 salutis‚
527 2363 617 2393 iuxta
637 2363 772 2393 dictum:
802 2361 934 2392 Etiamsi
949 2362 1078 2392 occidet
1091 2371 1153 2395 me,

172 2407 314 2444 sperabo
338 2406 370 2436 in
394 2416 478 2436 eum.
514 2408 605 2437 Item:
629 2406 706 2437 Scio
731 2405 819 2446 qnod
843 2404 1045 2446 Redemptor
1061 2414 1154 2435 meus

173 2448 262 2485 vivit,
286 2454 318 2478 et
341 2459 457 2479 rursus
480 2449 712 2480 circumdabor
734 2447 821 2489 pelle
842 2458 925 2482 mea,
950 2455 1013 2479 etc.

260 2524 331 2555 Vll.
377 2526 554 2566 Septimus,
589 2523 801 2566 Exempla,
836 2535 921 2566 quae
955 2530 987 2556 et
1018 2530 1156 2566 propter

172 2566 298 2610 Legem
319 2573 351 2599 et
368 2574 504 2609 propter
521 2567 739 2610 Evangelium
761 2568 978 2610 proponenda
1001 2573 1089 2599 sunt.

1292 207 1417 250 Legale
1440 214 1508 239 est:
1533 207 1615 239 Cum
1633 209 1798 249 patiantur
1820 207 1875 239 alii
1893 215 2029 250 propter
2039 216 2190 250 peccata,

1206 257 1241 282 ut
1264 250 1390 289 Adam,
1424 251 1511 288 Eva,
1544 250 1672 286 David,
1706 251 1882 288 Manasse,
1912 258 1943 282 et
1973 251 2027 283 alii
2050 251 2192 293 plurimi,

1206 304 1346 335 quorum
1368 304 1498 334 poenae
1523 301 1599 325 sunt
1630 293 1968 326 commonefactioncs
1996 295 2037 325 de
2066 295 2191 327 lustitia

1206 336 1284 368 Dei:
1308 337 1483 367 fateamur
1500 347 1563 368 nos
1587 347 1719 378 quoque
1739 337 1883 368 Iustitiae
1898 337 1960 368 Dei
1985 347 2112 379 poenas
2135 339 2191 369 (le-

1205 381 1297 417 bere,
1321 380 1411 410 iuxta
1435 380 1574 410 dictum:
1597 379 1668 410 Tibi
1688 379 1830 410 Domine
1853 380 1989 418 iustitia,
2012 381 2110 411 nobis
2134 391 2190 412 au-

1204 428 1269 453 tem
1304 422 1458 453 confusio
1492 421 1587 453 faciei
1622 428 1774 460 nostrae,
1810 423 1896 453 sicut
1926 429 1957 453 et
1986 424 2084 454 hodie
2118 424 2191 455 viro

1206 465 1283 496 Iuda
1320 473 1349 495 et
1386 464 1605 496 Hierusalem.
1651 465 1693 496 Et
1726 464 1818 496 Elias
1853 466 1972 507 inquit:
2006 466 2082 497 Non
2115 477 2191 497 sum

1205 506 1320 538 melior
1343 507 1497 539 Patribus
1522 509 1615 539 meis.

1298 574 1539 616 Evangelicum
1564 582 1632 614 est,
1656 577 1744 617 quod
1768 582 1897 616 oportet
1920 586 1983 607 nos
2010 576 2082 607 fieri
2112 587 2191 608 con·

1206 617 1331 648 similes
1355 618 1428 649 Filii
1452 618 1514 649 Dei
1537 620 1569 649 in
1594 629 1693 650 cruce
1717 626 1747 649 et
1766 617 1971 650 liberatione.
2018 619 2096 651 Ideo
2121 626 2191 651 tota

1205 659 1359 691 Ecclesia
1383 662 1473 692 cruci
1494 663 1644 693 subiecta
1665 668 1727 699 est,
1751 669 1782 693 et
1802 668 1956 703 expectat
1975 672 2013 693 se
2040 669 2192 694 nuturam

1206 705 1305 734 vitam
1330 709 1363 733 et
1384 702 1543 735 laetitiam
1567 711 1757 742 aeternam,
1792 706 1878 735 sicut
1902 704 2004 736 Filius
2042 706 2190 737 iberatus

1206 752 1269 777 est.
1293 747 1384 777 iuxta
1407 747 1544 778 dictum:
1568 747 1687 778 Venite
1707 748 1870 779 benedicti
1883 747 1992 779 Patris
2015 749 2089 786 mei,
2113 758 2191 789 pos-

1179 803 1180 810 *
1205 790 1310 820 sidete
1334 800 1473 831 regnum
1496 791 1593 821 vobis
1617 797 1778 830 paratum,
1803 797 1866 822 etc.

1290 857 1374 889 VIII.
1422 858 1589 896 Octavus,
1626 857 1795 890 Causae
1825 857 2001 897 finales,
2035 858 2191 890 videlicet

1206 902 1276 940 ipse
1300 900 1407 939 Deus,
1433 907 1465 931 et
1485 900 1690 932 confirmatio
1714 901 1789 933 fidei
1812 902 1844 932 in
1868 901 1941 932 aliis
1966 902 2190 934 credentibus.

1178 971 1180 975 .
1205 943 1268 981 Ut,
1293 944 1460 983 mitigatur
1484 943 1579 974 dolor
1606 944 1802 982 Laurentio,
1833 955 1906 975 cum
1929 946 2004 983 scit,
2029 956 2088 976 sua
2113 955 2191 976 con-

1206 987 1325 1017 stantia
1359 986 1458 1017 latius
1494 988 1609 1028 spargi
1643 988 1789 1018 notitiam
1820 987 1902 1024 Dei,
1937 994 1968 1018 et
2003 987 2192 1019 confirmari

1206 1029 1301 1060 fidem
1325 1029 1358 1059 in
1381 1028 1468 1067 aliis,
1487 1031 1572 1060 sicut
1586 1029 1710 1061 Paulus
1734 1031 1847 1071 inquit,
1869 1041 1907 1061 se
1930 1030 2091 1061 immolari
2113 1041 2191 1072 pro-

1204 1078 1279 1113 pter
1293 1072 1499 1103 Sacrificium
1523 1078 1553 1103 et
1567 1072 1784 1104 Ministerium
1808 1073 1883 1104 fidei
1905 1072 2056 1111 aliorum,
2080 1074 2112 1104 id
2127 1079 2190 1112 est,

1205 1116 1281 1156 quia
1315 1116 1470 1145 servierit
1503 1114 1574 1145 aliis
1605 1122 1696 1146 recte
1727 1116 1897 1154 docendo,
1933 1122 1963 1147 et
1995 1117 2070 1158 quia
2099 1126 2190 1147 mors

1206 1158 1276 1188 eius
1300 1158 1342 1187 sit
1365 1155 1477 1189 futura
1500 1158 1720 1188 testimonium
1744 1159 1785 1189 de
1809 1159 1969 1190 doctrina.
2015 1159 2099 1190 Nam
2123 1169 2191 1189 mo-

1205 1202 1328 1231 rientes
1362 1201 1393 1231 in
1419 1200 1634 1231 confessione
1657 1201 1732 1231 fzdei
1756 1202 1949 1233 ostendunt.
1981 1211 2019 1232 sc
2051 1211 2117 1232 non
2147 1203 2190 1233 si-

1202 1243 1350 1274 mulasse
1369 1242 1613 1284 professionem
1626 1243 1804 1284 voluptatis
1823 1250 1878 1274 aut
1898 1250 2057 1285 quaestus
2078 1254 2190 1276 causa.

1204 1286 1393 1317 Ostendunt
1416 1287 1504 1325 item,
1530 1297 1568 1317 se
1591 1293 1769 1327 expectare
1792 1293 1968 1318 venturum
1990 1287 2157 1319 iudicium.

1291 1354 1347 1385 IX.
1392 1355 1522 1392 Nonus,
1563 1353 1745 1385 Collatio
1770 1361 1990 1386 eventuum
2012 1356 2192 1396 praecipue

1204 1399 1237 1428 in
1271 1397 1427 1429 Ecclesia
1463 1398 1707 1429 consideranda
1742 1407 1811 1435 est,
1849 1397 1933 1432 Quia
1967 1399 2011 1428 ibi
2047 1399 2192 1429 ostendit

1204 1440 1298 1471 Deus
1329 1447 1359 1471 et
1391 1441 1578 1471 testimonia
1607 1441 1751 1471 iustitiae
1781 1450 1878 1478 suae,
1909 1441 1998 1482 quod
2027 1441 2191 1480 irascatur

1204 1485 1371 1524 pcccatis,
1403 1490 1434 1514 et
1465 1482 1615 1524 exempla
1649 1484 1913 1520 misericordiae,
1944 1484 2033 1524 quod
2063 1493 2190 1524 poenas

1205 1534 1312 1557 tamen
1336 1527 1475 1568 mitiget,
1498 1527 1590 1556 iuxta
1608 1525 1693 1557 haec
1713 1527 1815 1557 dicta:
1839 1526 1915 1557 Non
1934 1527 2085 1557 accendit
2094 1525 2190 1557 Deus

1204 1575 1308 1600 totam
1330 1570 1411 1600 iram
1434 1579 1540 1600 suam.

1292 1646 1371 1677 Item
1407 1646 1518 1676 Oseae
1558 1645 1609 1676 11.
1665 1645 1742 1676 Non
1776 1644 1895 1676 faciam
1933 1644 2080 1676 furorem
2120 1646 2191 1676 irae

1205 1699 1311 1727 meae,
1334 1690 1409 1730 quia
1428 1688 1523 1719 Deus
1548 1699 1612 1729 ego
1636 1699 1719 1725 sum,
1743 1699 1809 1719 non
1833 1689 1950 1725 homo,
1974 1689 2007 1718 id
2031 1694 2093 1726 est,
2115 1688 2192 1729 quia

1205 1740 1342 1763 naturae
1375 1731 1543 1762 hominum
1576 1730 1783 1772 impossibile
1818 1738 1868 1762 est
1903 1732 2069 1761 sustinere
2108 1731 2192 1762 iram

1207 1775 1280 1814 Dei,
1305 1776 1333 1806 si
1357 1776 1428 1805 sine
1451 1775 1677 1805 misericordia
1701 1775 1860 1814 punirem.
1907 1773 2103 1815 Quanquam
2132 1773 2191 1815 igi-

1205 1825 1257 1850 tur
1280 1819 1370 1859 punit
1397 1817 1507 1852 Deus
1531 1818 1659 1859 mitigat
1677 1823 1786 1848 tamen
1809 1827 1956 1859 poenas,
1985 1827 2027 1847 ne
2051 1826 2190 1856 prorsus

1206 1861 1357 1893 deleatur
1380 1859 1543 1892 Ecclesia.

1294 1938 1405 1974 Quare
1428 1948 1559 1978 semper
1582 1939 1623 1969 ad
1648 1944 1798 1969 caeteras
1830 1937 1968 1967 accedat
1999 1936 2083 1967 haec.
2112 1945 2192 1967 con-

1207 1981 1343 2013 solatio:
1373 1982 1609 2023 Agnoscamus
1640 1991 1702 2011 nos
1727 1981 1812 2011 iuste
1839 1980 1963 2020 puniri,
1996 1985 2027 2009 et
2055 1979 2192 2009 meritos

1206 2036 1282 2056 esse
1307 2026 1490 2055 atrociores
1514 2034 1655 2064 poenas:
1687 2023 1798 2053 Leniri
1822 2030 1932 2053 tamen
1956 2022 2036 2052 iram
2055 2027 2193 2062 propter

1207 2069 1445 2105 Mediatorem,
1471 2073 1502 2097 et
1526 2077 1567 2097 ne
1590 2073 1658 2097 tota
1681 2065 1836 2097 Ecclesia
1858 2064 2005 2096 funditus
2029 2063 2190 2095 deleatur.

1208 2111 1409 2142 obediamus
1433 2111 1532 2152 igitur
1560 2110 1592 2140 in
1617 2110 1849 2150 praesentibus
1872 2109 2009 2148 poeniS,
2045 2113 2077 2137 et
2100 2112 2192 2148 peta-

1206 2164 1278 2185 mus
1304 2160 1335 2184 et
1359 2160 1573 2193 expectemus
1597 2153 1853 2193 mitigationem,
1879 2152 1962 2182 sicut
1988 2151 2019 2181 in
2042 2149 2193 2191 Prophe-

1206 2198 1250 2227 tis
1275 2197 1410 2227 dicitur:
1446 2196 1481 2226 In
1506 2196 1553 2226 ira
1577 2195 1827 2225 misericordiae
1851 2194 2050 2225 recorderis.
2092 2192 2190 2224 Item:

1206 2240 1320 2271 Bonus
1345 2245 1396 2270 est
1419 2238 1600 2276 Dominus,
1635 2244 1667 2269 et
1689 2238 1837 2279 poenitet
1856 2248 1930 2268 eum
1958 2236 2192 2278 magnitudinis

1204 2294 1396 2325 poenarum.

1291 2350 1332 2382 X.
1378 2350 1555 2386 Decimus,
1578 2349 1845 2380 Desiderium
1879 2347 1987 2379 clari
2020 2356 2192 2388 conspe-

1207 2401 1301 2426 ctus
1334 2393 1428 2432 Dei,
1462 2399 1499 2423 et
1530 2391 1800 2423 liberationis
1833 2402 1853 2422 a
1887 2397 1970 2422 toto
2001 2396 2190 2431 peccato.

1208 2438 1300 2468 Haec
1329 2435 1513 2467 consolatio
1544 2436 1679 2476 proprie
1714 2435 1756 2466 ad
1787 2433 1929 2465 Mortem
1957 2433 2115 2474 pertinet,
2150 2433 2192 2463 de

1208 2491 1273 2522 qua
1296 2480 1374 2510 dicit
1392 2477 1533 2510 Paulus:
1558 2477 1664 2519 Cupio
1689 2476 1838 2516 dissolvi,
1862 2483 1893 2508 et
1916 2486 1992 2508 esse
2009 2486 2082 2507 cum
2096 2475 2191 2507 Chri-

1208 2530 1273 2561 sto,
1293 2523 1325 2554 id
1345 2528 1412 2553 est:
1438 2521 1531 2553 Sicut
1554 2522 1614 2552 iter
1636 2520 1762 2552 faciens
1787 2526 1885 2552 nocte
1908 2520 1940 2550 in
1965 2519 2077 2550 densis
2100 2524 2190 2550 tene-

1208 2567 1290 2605 bris,
1313 2566 1450 2608 ignarus
1463 2565 1538 2596 viae
1557 2570 1590 2596 et
1607 2563 1770 2603 locorum,
1792 2564 1936 2595 maxime
1955 2563 2079 2604 expetit
2091 2562 2190 2600 diem,

2149 116 2194 152 80
