2383 2990
213 136 277 170 443

301 230 343 262 Ut
378 236 486 262 autem
517 230 600 261 haec
635 228 780 260 definitio
815 227 946 270 planius
980 228 1193 271 intelligatur,

215 274 491 306 considerandum
532 279 601 310 est,
641 271 790 313 duplices
825 282 902 303 essc
943 274 1191 313 promissiones

213 318 322 349 Prima
357 319 552 358 praecipua,
587 321 619 347 81
652 316 795 346 omnium
831 316 970 346 maxime
1003 318 1194 348 necessaria

215 367 265 392 est
302 361 478 402 promissio
515 360 652 401 gratiae,
686 369 745 389 5811
780 364 988 389 38181·11οι·11111
1021 360 1193 391 bonorum.

214 403 287 435 Alia
307 410 381 435 sunt
408 404 568 433 bonorum
595 400 827 443 corporalium,
851 402 934 437 Quia
958 401 1051 433 Deus
1074 403 1106 433 in
1132 402 1193 434 1138

214 448 280 478 vita
305 445 429 488 colligit
450 444 638 475 Ecclesiam
664 455 746 475 voce
770 444 940 487 Evangelii
965 452 995 476 et
1011 445 1193 484 nonalitcr,

213 491 370 531 promittit
395 496 427 520 et
450 488 590 531 largitur
614 489 709 519 etiam
735 486 810 519 huic
839 487 1004 529 corporali
1029 490 1114 521 vitae
1139 500 1193 520 ne-

214 534 372 564 cessaria.
419 532 466 563 113
489 541 634 562 5813111115
654 531 694 562 ad
719 532 852 572 primam
867 533 1118 572 promissionem
1143 543 1193 563 re-

211 575 367 607 ferendas
391 585 468 606 esse
492 576 588 606 etiam
613 573 819 615 corporales,
843 582 874 605 et
898 576 958 607 has
982 586 1115 617 quoque
1139 576 1194 606 da-

213 620 239 650 ri
263 627 398 660 propter
421 618 650 649 Mediatorem.
718 617 785 649 Sed
815 624 925 650 tamen
948 619 1123 650 discrimen
1148 626 1193 650 te-

211 664 353 694 nendum
376 668 438 693 est.

298 756 406 787 Prima
431 757 573 787 omnium
595 757 850 797 promissionum
874 762 949 796 post
970 755 1110 797 lapsum,
1135 754 1195 787 fuit

212 800 388 842 promissio
413 801 551 841 gratiae,
577 806 609 830 et
633 801 795 830 restitutio
820 801 907 830 vitae
929 806 1094 830 aeternae.
1135 800 1194 831 Se-

212 854 286 875 men
308 842 458 875 mulieris
483 849 631 874 conteret
650 850 749 884 caputv
772 843 947 883 serpentis.

300 929 390 960 Haec
409 929 587 970 promissio
611 929 736 959 initium
759 927 817 959 fuit
846 927 1022 959 Ecclesiae
1046 927 1127 967 Dei,
1162 934 1195 959 et

211 972 271 1004 suit
295 971 511 1014 Evangelium
536 970 624 1002 illius
647 973 771 1012 primae
794 970 978 1002 Ecclesiae.
1032 971 1116 1006 Quia
1140 981 1194 1002 ve—

212 1027 250 1047 ro
285 1027 405 1057 magna
439 1013 612 1046 multitudo
647 1015 756 1045 statim
788 1021 863 1055 post
897 1012 983 1045 Abel
1018 1013 1121 1045 oblita
1145 1020 1196 1045 est

213 1059 457 1100 promissionis,
483 1057 575 1088 Deus
610 1067 682 1087 83111
717 1067 818 1097 538118
842 1058 1004 1098 repetivit,
1040 1058 1125 1089 sicut
1145 1069 1194 1089 re-

213 1103 314 1143 petita
339 1108 399 1139 est,
424 1112 496 1132 811111
521 1099 678 1131 Abrahae
702 1101 822 1131 tradita
846 1107 936 1131 esset.
964 1100 1194 1132 Ci'rcutncisio.

215 1145 297 1176 Cum
331 1145 415 1176 enim
439 1150 537 1175 antea
560 1142 763 1185 generaliter
787 1144 909 1175 dictum
934 1150 1041 1182 esset,
1076 1145 1116 1175 de
1140 1146 1196 1175 Se-

211 1189 297 1219 miue
331 1187 489 1225 mulieris,
523 1194 601 1218 111118
635 1187 801 1218 restrictio
836 1188 878 1218 ad
913 1193 1035 1218 certam
1060 1188 1195 1228 stirpem

213 1231 301 1262 facta
338 1237 401 1268 851,
438 1238 470 1262 et
504 1237 623 1271 postea
647 1241 763 1261 rursus
789 1237 878 1261 certa
901 1231 1004 1271 stirps
1029 1232 1194 1262 nominata

212 1281 276 1312 est,
296 1273 450 1305 videlicet
472 1274 652 1314 posteritas
677 1273 826 1312 Davidis,
850 1280 885 1305 ut
909 1285 982 1306 cum
996 1281 1119 1305 certum
1144 1285 1195 1304 es-

212 1324 276 1355 set,
310 1318 342 1348 in
378 1328 443 1358 qua
478 1323 587 1359 geute,
611 1327 676 1358 quo
700 1316 789 1354 loco,
824 1327 889 1358 quo
913 1323 1072 1358 tempore,
1103 1317 1194 1348 Deus

212 1360 301 1392 hunc
320 1360 537 1391 Mediatorem
557 1360 761 1391 exhibiturus
785 1367 888 1398 esset,
912 1367 943 1391 et
967 1359 1194 1401 splendidissi-

211 1415 263 1435 me
286 1403 451 1435 illustrata
475 1412 525 1434 est
538 1404 714 1445 promissio
736 1414 818 1434 voce
832 1403 1082 1446 Prophetarum.
1106 1404 1195 1435 Sem-

212 1458 271 1488 per
305 1448 404 1489 igitur
437 1448 469 1477 in
504 1457 627 1488 genere
661 1446 803 1477 humano
838 1445 897 1477 suit
921 1453 998 1478 11013
1018 1447 1194 1488 promissio

214 1491 340 1532 gratiae
364 1491 405 1521 de
425 1489 620 1528 Mediatore,
645 1490 736 1521 Sicut
765 1489 928 1520 Dominus
952 1491 1071 1532 inquit:
1107 1490 1196 1521 Vidit

213 1533 384 1565 Abraham
419 1534 504 1564 diem
533 1544 638 1564 meum
674 1539 705 1564 et
729 1532 871 1563 laetatus
895 1539 962 1572 est,
999 1540 1029 1564 et
1065 1543 1197 1573 semper

214 1583 340 1608 tantum
374 1575 431 1607 ille
466 1583 582 1608 coetus
618 1574 677 1606 fuit
700 1574 853 1607 Ecclesia
876 1575 956 1614 Dei,
988 1576 1041 1617 qui
1066 1577 1196 1607 retinuit

214 1620 300 1652 hanc
324 1620 507 1650 doctrinam
531 1620 572 1650 de
595 1620 816 1660 promissione
840 1620 966 1661 gratiae
989 1626 1020 1650 et
1037 1619 1196 1650 Mediato-

213 1664 271 1701 ris,
295 1664 385 1694 iuxta
409 1663 549 1694 dictum:
574 1662 834 1693 Fundamentum
859 1661 946 1694 aliud
961 1663 1036 1703 poni
1050 1673 1114 1693 non
1139 1673 1196 1704 po·

214 1712 296 1742 test,
330 1712 463 1746 praeter
487 1707 519 1737 id
544 1707 632 1747 quod
652 1707 796 1747 positum
820 1712 882 1744 851,
915 1706 1003 1748 quod
1028 1711 1078 1736 est
1101 1705 1195 1737 lesus

214 1749 381 1780 Christus.
427 1749 517 1787 118111,
541 1749 647 1780 Nemo
671 1750 782 1780 venire
804 1755 916 1791 potest
934 1750 977 1781 ad
990 1755 1127 1791 patrem,
1149 1750 1196 1780 ni-

213 1793 241 1823 si
263 1802 322 1834 per
344 1791 472 1823 Filium.

300 1877 443 1920 Reliqua
466 1888 589 1920 magna
612 1877 789 1909 multitudo
813 1879 961 1920 gentium
996 1876 1098 1910 oblita
1120 1889 1197 1919 pro-

216 1922 398 1959 missionis,
435 1927 491 1952 aut
522 1932 594 1952 eam
630 1927 857 1959 contemnens,
891 1932 1099 1963 nequaquam
1127 1928 1198 1953 erat

216 1964 372 1996 Ecclesia
394 1963 469 2002 Dei,
489 1965 616 1996 etiamsi
641 1963 751 2006 aliquo
776 1965 873 1995 1110110
897 1971 993 1996 norat
1004 1966 1198 2006 sapientiam

217 2008 329 2049 Legis,
363 2018 448 2049 quae
482 2007 670 2039 hominibus
705 2008 736 2038 in
762 2009 928 2039 creatione
952 2008 1048 2038 insita
1067 2014 1131 2046 851,
1167 2014 1198 2039 81

215 2052 389 2082 0011158001
412 2052 572 2083 nascitur.
618 2051 689 2082 Etsi
709 2052 808 2093 igitur
831 2052 861 2082 in
883 2051 1039 2089 Hesiodo,
1071 2050 1198 2093 l'ltocy-

215 2093 293 2132 lide,
318 2094 552 2135 Xenophonte,
586 2093 737 2132 Platone,
768 2093 892 2125 multae
915 2100 991 2125 sunt
1014 2096 1197 2126 sententiae

217 2145 441 2179 congruentes
465 2148 537 2168 cum
561 2137 653 2179 Lege
676 2137 758 2176 Dei,
789 2145 896 2169 tamen
923 2138 1100 2179 promissio
1123 2149 1198 2180 gra-

216 2181 281 2211 tiae
306 2186 338 2211 et
364 2181 554 2211 Mediatoris
578 2181 692 2222 ignota
717 2187 767 2212 est
788 2181 846 2212 eis.
879 2181 954 2212 ldeo
968 2191 1076 2223 neque
1100 2192 1198 2213 1118111-

216 2224 276 2254 bra
299 2223 472 2255 Ecclesiae
494 2223 558 2255 Dei
582 2223 724 2261 fuerunt,
749 2235 811 2255 nec
829 2223 889 2255 fuit
918 2225 1005 2266 apud
1029 2235 1088 2255 eos
1119 2235 1199 2256 vera

217 2266 280 2298 Dei
303 2267 485 2305 invocatio,
508 2277 616 2308 neque
640 2268 765 2310 agnitio
785 2267 1075 2299 reconciliationis.

302 2352 399 2384 Aliae
422 2354 662 2395 promissiones
686 2360 764 2385 sunt
786 2355 946 2385 bonorum
961 2352 1198 2395 corporalium:

219 2395 301 2427 Cum
324 2399 408 2428 enim
434 2397 527 2428 Deus
562 2396 747 2428 Ecclesiam
779 2404 947 2428 aeternam
987 2399 1030 2428 ita
1061 2396 1199 2438 colligit,

218 2445 253 2469 ut
277 2440 307 2469 in
344 2439 406 2471 1138
430 2441 495 2471 vita
520 2451 592 2471 eam
624 2451 708 2471 voce
743 2439 915 2482 Evangelii
939 2440 1088 2472 inchoari
1106 2440 1199 2478 velit,

221 2488 252 2512 81
277 2482 391 2513 Filium
414 2484 551 2521 miserit,
574 2489 606 2514 ut
632 2485 662 2514 in
688 2483 831 2515 11381113
844 2484 937 2515 fieret
960 2484 1104 2522 victima,
1130 2483 1199 2515 vult

219 2525 315 2555 etiam
340 2526 419 2556 dare
443 2537 508 2564 res,
534 2526 700 2568 corporali
725 2528 810 2558 vitae
833 2528 1054 2565 necessarias,
1079 2533 1111 2557 81
1131 2528 1198 2568 qui-

848 133 959 165 PIllL.
983 133 1086 165 MEL.
1106 133 1293 167 SCR:PTA
1312 132 1592 165 DOGMATICA.

2164 137 2229 169 444

1246 228 1484 303 nembgtatiae,
1519 228 1632 259 addita
1651 233 1702 259 est
1725 229 1823 260 etiam
1845 229 2022 270 promissio
2047 230 2229 272 corporali-

1247 282 1300 302 um
1347 282 1497 302 unorum.

1333 348 1384 379 Ne
1417 353 1527 379 autem
1561 347 1611 378 518
1644 346 1897 390 intelligeretur,
1931 350 2025 390 quasi
2058 351 2134 382 iusti
2157 351 2230 382 sine

1247 390 1482 422 afflictionibus
1507 391 1538 421 in
1562 390 1625 421 hac
1648 391 1715 422 vita
1739 391 1838 422 futuri
1861 398 1975 423 essent
1997 393 2094 425 simul
2118 395 2230 426 adiun-

1248 441 1302 465 cta
1325 440 1376 465 est
1399 434 1582 475 praedictio
1607 434 1647 464 de
1671 444 1784 472 cruce,
1803 440 1836 465 et
1859 435 2077 476 significatum
2091 444 2153 475 est,
2177 438 2229 468 Fi-

1247 478 1325 508 lium
1360 477 1422 507 Dei
1452 487 1582 518 semper
1605 476 1779 508 affuturum
1803 487 1880 508 esse
1903 477 2088 517 Ecclesiae,
2118 486 2151 511 et
2174 481 2230 511 mi-

1247 519 1395 551 rabiliter
1419 531 1490 551 eam
1504 518 1818 551 interDiabolorum
1841 521 1978 552 insidias
2002 528 2034 553 81
2057 523 2230 564 impiorum

1248 562 1381 594 furores
1406 570 1613 594 servaturum
1638 573 1726 593 esse.
1794 563 1870 594 ldeo
1895 565 2002 595 statim
2027 566 2117 596 initio
2143 567 2230 597 edita

1248 607 1473 648 promissione
1497 607 1636 647 gratiae,
1660 606 1777 637 deinde
1801 607 1935 637 dicitur:
1960 607 1994 637 ln
2018 609 2141 640 sudore
2158 608 2230 640 vul-

1248 657 1301 680 tus
1325 650 1370 680 tui
1396 649 1544 680 vesceris
1568 659 1654 690 pane
1678 655 1753 687 tu0,
1779 650 1885 680 donec
1910 653 2086 682 reverteris
2109 653 2142 682 in
2165 659 2230 682 ter-

1249 703 1317 723 ram
1341 698 1402 723 etc.
1450 692 1510 722 Hic
1533 692 1631 724 simul
1655 692 1856 733 praedicitur
1879 691 1989 734 aliqua
2012 695 2099 725 vitae
2122 695 2231 735 spatia

1247 734 1338 773 fore,
1375 742 1407 766 81
1441 735 1560 766 deiude
1589 742 1727 766 mortem
1752 736 1905 776 corporis
1930 742 2116 768 secuturam
2142 748 2231 776 esse,

1249 785 1281 809 et
1301 779 1332 808 in
1357 779 1408 809 his
1433 779 1518 809 vitae
1541 779 1668 820 spatiis,
1700 784 1807 809 tamen
1832 789 1898 809 non
1933 778 2118 811 defuturum
2142 791 2230 818 esse,

1250 820 1355 852 Simul
1378 828 1486 852 autem
1509 819 1638 852 suturas
1662 831 1739 852 esse
1751 832 1890 863 magnas
1903 832 2090 861 aerumnas,
2114 834 2231 855 acces-

1248 874 1345 895 suras
1380 865 1477 895 etiam
1511 874 1588 895 esse
1623 863 1840 896 Diabolorum
1864 866 2012 903 insidias,
2047 867 2088 898 de
2110 867 2231 908 quibus

1248 908 1366 948 iuquit:
1391 907 1578 939 Inimicitias
1596 918 1718 948 ponam
1742 909 1827 939 inter
1850 915 1881 939 te
1905 914 1936 939 et
1967 909 2088 940 Semen
2118 908 2230 941 mulie-

1248 951 1306 988 ris,
1330 951 1388 981 sed
1412 949 1508 981 simul
1532 951 1699 992 significat
1722 949 1812 982 illum
1831 952 2028 992 promissum
2042 952 2231 991 Dominum,

1249 994 1305 1034 qui
1340 995 1399 1024 erit
1436 1003 1548 1024 semen
1583 993 1741 1032 mulieris,
1764 1000 1842 1025 tunc
1865 996 1975 1025 statim
2000 1005 2232 1036 repressuruzn

1251 1046 1328 1067 esse
1363 1035 1550 1076 Diabolum,
1583 1042 1615 1067 et
1651 1043 1859 1068 servaturum
1893 1036 2097 1069 Ecclesiam:
2132 1039 2233 1070 Addit

1249 1080 1345 1110 etiam
1371 1079 1462 1110 Deus
1488 1079 1598 1120 primis
1623 1080 1815 1120 parentibus
1839 1082 2009 1119 vestitum,
2045 1092 2111 1123 quo
2134 1088 2233 1123 gestu

1249 1130 1425 1164 utrumque
1448 1123 1668 1164 significatur,
1693 1123 1842 1154 defensio
1867 1125 2020 1165 corporis
2043 1125 2074 1155 in
2099 1125 2162 1157 hac
2186 1125 2233 1156 vi-

1249 1172 1293 1203 ta,
1328 1172 1359 1196 et
1390 1166 1506 1196 deinde
1540 1166 1704 1196 restitutio
1731 1176 1840 1196 novae
1862 1166 1971 1208 pellis.
2039 1167 2087 1198 lta
2111 1166 2234 1199 multae

1249 1215 1327 1239 sunt
1361 1210 1528 1239 mirandae
1562 1210 1710 1250 picturae
1744 1209 1776 1240 in
1801 1208 1856 1240 ilia
1880 1210 1985 1250 prima
2009 1210 2234 1252 descriptione

1249 1252 1290 1283 de
1313 1253 1500 1293 praecipuis
1523 1254 1624 1283 rebus
1657 1253 1690 1283 in
1725 1251 1898 1291 Ecclesia,
1935 1254 1975 1284 de
2000 1255 2234 1292 conversione,

1249 1296 1290 1326 de
1313 1295 1440 1333 Gratia,
1471 1296 1511 1326 de
1536 1296 1603 1326 vita
1626 1295 1805 1335 corporali,
1841 1296 1882 1327 de
1906 1307 2019 1334 cruce,
2049 1296 2090 1327 de
2114 1304 2233 1335 morte,

1248 1339 1289 1369 de
1314 1339 1520 1369 restitutione
1544 1338 1631 1369 vitae
1656 1345 1821 1376 aeternae,
1844 1347 1964 1380 postea
1986 1340 2028 1370 ad
2040 1339 2114 1371 Noe
2136 1350 2232 1380 repe-

1248 1382 1306 1413 tita
1327 1387 1380 1413 est
1402 1382 1579 1423 promissio
1603 1380 1799 1423 corporalis.

1335 1475 1510 1507 Sciendum
1533 1480 1642 1507 autem
1665 1480 1726 1513 cst,
1751 1474 1903 1516 duplices
1932 1485 2009 1506 esse
2041 1476 2233 1517 promissio-

1249 1529 1309 1550 nes
1335 1518 1538 1560 corporales.
1583 1517 1680 1550 Aliae
1703 1525 1780 1549 suut
1803 1517 1984 1559 speciales,
2017 1525 2053 1550 ut
2076 1519 2118 1549 de
2141 1525 2234 1551 certa

1249 1564 1341 1599 sede,
1377 1563 1418 1593 de
1452 1569 1543 1593 certa
1567 1561 1674 1593 forma
1699 1560 1834 1602 politiae
1865 1562 2098 1593 conservanda
2121 1569 2154 1593 et
2177 1563 2235 1593 de-

1249 1604 1425 1636 fendenda.
1472 1604 1563 1636 Haec
1587 1604 1743 1646 specialis
1768 1605 1944 1646 promissio
1965 1615 2030 1636 non
2055 1611 2108 1636 est
2131 1606 2234 1637 omni-

1248 1660 1302 1680 um
1325 1655 1519 1689 temporum,
1539 1649 1600 1679 sed
1614 1647 1769 1679 Abrahae
1783 1648 1925 1688 posteris
1950 1648 2081 1686 tradita,
2105 1654 2136 1679 et
2156 1659 2234 1679 con-

1249 1694 1396 1722 stitutum
1420 1698 1470 1722 est
1493 1697 1635 1732 tempus,
1659 1701 1724 1733 quo
1749 1691 1869 1722 durare
1892 1691 1991 1723 sedes
2004 1690 2062 1722 illa
2086 1692 2233 1723 deberet.

1249 1735 1320 1766 Nec
1356 1737 1498 1776 pertinet
1531 1734 1618 1765 11388
1650 1733 1806 1776 specialis
1834 1735 2012 1776 promissio
2035 1734 2078 1766 ad
2102 1741 2234 1767 caetera

1250 1784 1399 1820 tempora
1420 1784 1478 1810 3111
1499 1778 1543 1809 311
1565 1776 1648 1809 31135
1673 1783 1802 1820 gentes.

1337 1871 1434 1904 Aliae
1457 1878 1536 1903 sunt
1560 1871 1756 1915 generaleS,
1778 1882 1863 1914 quae
1887 1877 1965 1903 sunt
1988 1871 2131 1903 omnium
2154 1878 2234 1904 tem-

1250 1926 1380 1957 porum,
1400 1917 1440 1947 de
1464 1916 1565 1954 victu,
1590 1916 1750 1956 hospitiis.
1775 1921 1807 1947 et
1830 1916 1871 1947 de
1901 1913 2092 1946 defensione
2117 1922 2235 1948 coetus

1251 1959 1436 1998 Ecclesiae,
1471 1959 1596 1990 etiamsi
1622 1960 1799 1990 miscentur
1822 1958 1936 1989 variae
1955 1957 2167 1997 afflictiones,
2201 1964 2235 1990 et

1252 2002 1354 2034 multa
1376 2004 1523 2034 membra
1547 2009 1711 2044 vagantur
1734 2003 1765 2032 in
1791 2000 1910 2039 exiliis,
1944 1999 2045 2032 multa
2068 2002 2235 2033 trucidan-

1252 2052 1314 2076 tur.
1382 2045 1465 2081 Quia
1488 2055 1620 2086 semper
1643 2044 1738 2076 Deus
1761 2050 1933 2086 utrumque
1959 2043 2027 2074 vult
2052 2045 2148 2083 sciri,
2172 2044 2234 2076 Ec-

1252 2088 1387 2121 clesiam
1410 2089 1595 2120 subiectam
1619 2098 1697 2119 esse
1720 2088 1822 2125 cruci,
1854 2094 1885 2118 et
1905 2094 2013 2118 tamen
2037 2088 2069 2118 in
2093 2098 2134 2119 83
2157 2086 2235 2120 Fili·

1252 2144 1304 2164 um
1324 2132 1387 2163 Dei
1409 2133 1542 2170 adesse,
1566 2132 1620 2173 qui
1643 2130 1835 2162 mirabiliter
1858 2141 1929 2161 eam
1954 2136 2076 2162 servat.

1336 2225 1388 2257 De
1411 2226 1463 2257 his
1487 2225 1699 2269 generalibus
1723 2225 2001 2266 promissionibus
2023 2223 2126 2257 multa
2155 2231 2234 2257 sunt

1251 2270 1371 2300 tradita
1394 2270 1593 2307 testimonia,
1618 2268 1735 2299 Mattlt.
1755 2268 1786 2299 6.
1842 2268 1986 2299 Primum
2011 2269 2159 2310 quaerite
2183 2278 2233 2299 re-

1252 2323 1351 2355 gnunt
1376 2312 1450 2351 Dei,
1473 2318 1505 2344 81
1528 2319 1660 2343 caetera
1684 2313 1880 2343 adiit-ientur
1903 2312 1999 2341 vobis
2038 2312 2066 2341 l.
2090 2310 2231 2343 Τ11110111.

1251 2357 1281 2387 4.
1328 2355 1437 2387 Pietas
1461 2356 1699 2398 promissiones
1724 2355 1821 2386 habet
1835 2355 2022 2395 praesentis
2046 2361 2077 2385 et
2102 2354 2233 2386 suturae

1251 2400 1350 2430 vitae.
1397 2399 1513 2430 Matrh.
1542 2399 1589 2429 10.
1636 2399 1760 2429 Omnes
1785 2396 1893 2439 capilli
1908 2398 2024 2438 capitis
2046 2399 2149 2429 vestri
2175 2409 2232 2429 nu-

1252 2443 1368 2474 merati
1391 2449 1482 2479 511111,
1518 2453 1558 2473 118
1582 2443 1702 2472 11111818.
1748 2441 1851 2472 Μ31·81
1880 2441 1928 2471 10.
1975 2441 2078 2471 Nemo
2104 2447 2153 2472 est
2178 2441 2233 2483 qui

1253 2484 1419 2527 reliquerit
1445 2486 1576 2517 domum
1600 2492 1655 2516 aut
1678 2495 1780 2526 agros
1801 2491 1937 2525 propter
1959 2495 2022 2521 me,
2046 2491 2077 2514 et
2090 2492 2234 2525 propter

1252 2528 1480 2571 Evaugelium,
1505 2529 1559 2570 qui
1583 2539 1647 2559 non
1672 2529 1807 2568 recipiet.
1832 2526 2019 2568 centuplum
2052 2528 2083 2557 in
2107 2533 2232 2568 tempo-

219 2568 291 2598 dem
326 2576 461 2609 propter
493 2569 698 2608 Ecclesiam,
732 2576 845 2601 servat
868 2571 1059 2601 universum
1093 2580 1199 2611 genus
1225 2568 1228 2614 Ι
1251 2582 1288 2603 re
1324 2573 1388 2603 1108
1422 2583 1494 2603 811111
1530 2572 1830 2613 persecutionibus,
1866 2571 1952 2602 etin
1977 2569 2088 2601 futuro
2112 2570 2230 2602 seculo

219 2609 407 2651 humanum,
431 2613 566 2653 imperia
589 2620 621 2644 et
643 2612 794 2655 politias,
819 2624 922 2655 quare
941 2614 983 2645 ad
1006 2614 1199 2655 promissio·
1226 2617 1229 2629 ¹
1251 2616 1350 2646 vitam
1374 2622 1553 2647 aeternam.
1599 2615 1680 2647 Luc.
1700 2615 1731 2645 6.
1776 2614 1863 2646 Date
1887 2620 1918 2645 et.
1941 2613 2072 2644 dabitur
2090 2614 2197 2645 vobis.
