2383 2990
175 138 242 170 613

263 233 366 265 Addit
389 238 500 265 autem
523 232 724 276 Dionysius,
747 238 825 276 post
853 232 942 264 hanc
964 231 1169 264 adhortatio-

175 288 264 317 nem,
288 278 414 308 abiisse
438 277 686 319 presbyterum,
709 282 739 308 et
763 275 956 318 perfudisse
980 275 1056 308 oleo
1070 277 1169 307 cada-

175 332 248 360 ver,
282 326 315 352 et
336 326 510 362 precatum
530 331 621 359 esse,
657 327 692 351 ut
716 320 810 352 Deus
833 321 863 352 ei
888 320 1097 352 condonaret
1122 320 1169 351 in-

176 365 376 403 firmitatem,
400 374 487 406 quae
509 364 542 395 in
566 374 606 396 80
631 362 759 406 reliqua
782 363 903 395 fuisset
926 369 1005 406 post
1029 373 1168 395 conver-

176 409 316 440 sionem.
386 408 510 439 Postea
545 408 690 439 cadaver
725 408 933 439 condebatur
966 407 999 438 in
1035 413 1168 438 terram.

175 451 248 484 Hae
271 457 399 483 tantum
423 450 574 483 funerum
598 450 733 483 fuerunt
767 451 979 482 ceremoniae
1001 456 1081 482 tunc
1099 450 1169 492 qui-

176 495 264 535 dem,
297 496 443 527 nondum
466 495 500 526 in
524 494 632 526 Missa
655 495 756 526 fiebat
779 492 1012 525 defunctorum
1034 494 1170 532 mentio,

176 538 283 571 Multo
318 540 426 570 minus
462 538 664 570 offerebatur
687 548 811 580 eorpus
841 536 975 568 Domini
999 548 1060 579 pro
1083 548 1170 569 mor-

176 583 254 614 tuis.
301 582 396 614 Hanc
430 582 730 624 prophanationem
764 581 967 613 sacramenti
1002 581 1171 622 posterior

175 632 270 658 aetas
291 626 428 657 addidit.

264 712 437 744 Hactenus
457 713 498 744 de
522 711 700 754 Dionysio,
725 711 758 742 in
782 721 848 753 quo
872 711 934 742 etsi
960 711 1171 742 ceremoniae

176 755 347 798 aliquanto
378 757 485 787 minus
516 756 658 787 vitiosae
692 760 788 793 sunt,
825 760 935 785 tamen
970 760 1048 786 sunt
1081 755 1172 785 initia

177 799 415 837 monachatus,
450 805 483 831 et
512 798 578 830 hoc
612 799 707 840 gravi
741 798 1002 840 reprehensione
1037 799 1172 839 dignum

177 849 247 881 est,
271 844 361 886 quod
385 853 452 874 non
481 843 642 874 discernit
668 843 753 874 inter
776 845 991 874 Sacramenta
1015 842 1172 873 divinitus

176 886 343 925 instituta,
378 892 410 918 et
443 885 605 918 humanas
643 886 851 917 traditiones.
896 884 950 916 De
984 884 1173 916 Chrismate

177 931 315 971 perinde
337 929 482 971 loquitur
504 935 539 960 ut
562 929 603 960 de
626 928 811 970 Baptismo‚
835 934 867 959 et
891 934 1013 970 aequat
1036 928 1173 970 πάρεργα

178 974 290 1016 ἔργοις,
326 978 362 1004 111
391 973 437 1003 ita
460 973 578 1004 dicam.
646 971 889 1004 Monachorum
930 973 1172 1003 ordinationem

178 1017 278 1048 etiam
313 1015 458 1047 antefert
492 1015 694 1047 ordinationi
730 1017 966 1053 ministrorum,
1001 1016 1091 1057 quod
1121 1022 1172 1047 est

177 1058 276 1092 valde
310 1061 585 1101 vituperandum,
631 1070 705 1091 cum
749 1060 914 1091 ordinatio
948 1060 1172 1091 ministrorum

178 1104 340 1144 pertineat
374 1103 417 1135 ad
451 1103 735 1145 praedicationem
770 1102 955 1145 Evangelii.
1002 1101 1062 1134 llla
1091 1113 1172 1134 vero

177 1146 420 1178 Monachorum
446 1147 609 1178 ordinatio
634 1148 675 1177 511
700 1148 951 1188 superstitiosa,
983 1153 1016 1178 et
1048 1153 1172 1178 tantum

177 1190 236 1221 fiat
259 1197 396 1231 propter
419 1189 544 1221 cultum
569 1189 770 1231 prohibitum
794 1192 884 1222 iuxta
907 1189 1010 1221 illud:
1033 1190 1173 1221 Frustra

179 1232 293 1265 colunt
323 1244 375 1265 me
400 1235 565 1265 mandatis
595 1233 775 1265 hominum.
822 1234 864 1265 Et
899 1241 1008 1265 tamen
1033 1235 1077 1265 ibi
1102 1234 1173 1265 Mo-

178 1276 343 1308 nachatus
367 1285 508 1308 vocatur
530 1276 702 1319 perfectio.
749 1277 841 1320 Ergo
866 1276 1000 1309 valeant
1029 1279 1101 1309 eius
1126 1284 1171 1308 te-

178 1320 345 1358 stimonia,
381 1321 470 1363 quod
505 1322 547 1352 ad
581 1320 755 1352 historiam
778 1322 911 1359 attinet,
946 1327 981 1352 ut
1015 1322 1173 1362 sciamus,

179 1365 234 1405 qui
258 1364 341 1395 ritus
379 1370 457 1396 tunc
491 1362 610 1395 fuerint
645 1365 770 1402 usitati,
806 1375 873 1395 non
908 1364 988 1396 fiant
1019 1366 1174 1407 dogmata

179 1412 235 1439 aut
259 1405 355 1450 leges
379 1418 420 1439 ex
444 1409 516 1440 eius
540 1408 835 1449 descriptionibus

494 1628 558 1668 De
591 1628 851 1669 Tertulliano.

267 1752 495 1786 Tertullianus
518 1761 612 1786 recte
637 1753 823 1787 confutavit
845 1755 1052 1788 Marcionem
1077 1762 1108 1788 et
1125 1767 1176 1788 re-

180 1795 290 1838 liquos
315 1798 386 1829 eius
405 1798 562 1830 factionis
586 1798 786 1830 haereticos.
823 1798 978 1831 Continet
1000 1798 1092 1832 utilia
1115 1799 1176 1832 Te-

180 1840 333 1872 stimonia
369 1842 410 1872 de
443 1842 618 1880 Trinitate,
654 1843 801 1874 recitans
825 1853 890 1873 non
915 1854 1011 1874 suam
1041 1850 1176 1875 senten—

180 1884 268 1921 tiam,
293 1884 354 1915 sed
378 1890 525 1917 veterem
550 1892 722 1927 acceptam
746 1887 788 1918 ab
812 1886 1000 1928 Apostolis.
1046 1887 1176 1919 Adver-

179 1937 238 1958 sus
252 1927 416 1959 Praxeam
441 1935 529 1960 extat
544 1928 747 1961 luculentum
765 1931 986 1961 testimonium
1007 1931 1048 1962 (18
1061 1932 1177 1971 verbo,

179 1971 245 2002 1108
269 1978 333 2010 851,
357 1972 398 2004 (18
411 1971 494 2004 Filio
507 1972 582 2012 Dei,
606 1974 696 2015 quod
719 1974 762 2004 sit
785 1984 944 2016 persona,
968 1975 1066 2006 etiam
1085 1982 1176 2007 ante-

181 2025 279 2057 quam
303 2015 492 2058 adsumpsit
515 2016 696 2049 humanam
719 2023 883 2050 naturam.

268 2101 446 2134 Caeterum
481 2110 513 2135 et
547 2110 681 2136 veteres
722 2103 972 2146 reprehendunt
1013 2105 1202 2148 quaedam·

180 2145 251 2177 81115
276 2152 410 2185 811313,
445 2145 613 2185 videlicet,
648 2149 738 2189 quod
761 2149 930 2180 secundas
953 2149 1086 2190 nuptias
1121 2149 1178 2181 da-

180 2195 291 2228 mnat,
324 2195 358 2220 et
388 2189 528 2222 ridicule
550 2197 826 2232 argumentatur:
861 2192 937 2224 Non
961 2190 1039 2224 licet
1062 2191 1177 2224 fratris

180 2233 302 2264 mortui
325 2243 465 2265 uxorem
489 2234 625 2272 ducere,
649 2233 790 2266 Ducens
814 2235 949 2267 viduam
973 2234 1123 2267 relictam
1156 2246 1177 2267 a

180 2275 386 2350 Christifano,
411 2277 501 2308 ducit
523 2275 637 2309 fratris
663 2279 783 2310 mortui
805 2289 964 2317 uxorem,
987 2278 1079 2322 Ergo
1108 2289 1176 2311 non

183 2326 274 2351 recte
311 2320 387 2352 acit.

270 2406 370 2438 Ludit
390 2408 488 2439 etiam
512 2408 554 2439 de
577 2418 683 2450 regno
707 2408 924 2448 Sanctorum,
959 2409 1050 2452 quod
1072 2408 1176 2452 finge·

181 2450 261 2481 bant
284 2451 479 2482 duraturum
504 2461 581 2482 esse
608 2451 700 2483 mille
721 2463 828 2484 annos
854 2453 888 2484 in
918 2453 984 2484 hac
1008 2451 1176 2494 corporali

181 2493 267 2532 vita,
298 2499 377 2526 ante
399 2495 512 2526 mundi
536 2495 834 2538 conflagrationem
866 2502 900 2528 et
927 2503 1004 2528 ante
1026 2495 1175 2529 ultimum

181 2537 350 2576 iudicium,
385 2536 544 2580 paulatim
568 2538 643 2570 aliis
668 2540 777 2578 8111115,
813 2538 887 2572 31115
910 2541 1039 2572 tardius
1063 2550 1176 2573 resur-

182 2582 351 2624 gentibus.
398 2581 471 2614 Hoc
493 2582 663 2614 Iudaicum
687 2583 940 2616 deliramentum
962 2594 1103 2627 prorsus
1121 2595 1176 2616 ex·

182 2622 385 2666 plodendum
408 2631 461 2658 est
485 2636 526 2658 ex
546 2625 713 2659 Ecclesia.

631 137 690 169 Vl.
714 136 775 169 DE
798 136 1019 169 ECCLESIA
1043 137 1100 169 ET
1123 137 1186 169 DE
1209 137 1497 171 AUTORITATE
1521 138 1657 171 VERBI
1681 139 1769 171 DEl.

1200 1901 1202 1917 ι

1199 1924 1202 1946 1

1199 1984 1202 2021 l

1199 2553 1203 2580 ἔ

1200 2593 1203 2612 ι

2149 142 2214 175 614

1307 233 1343 265 111
1366 232 1497 265 Libello
1522 234 1563 267 de
1587 245 1713 266 corona
1742 234 1853 267 militis
1872 234 1975 267 multa
2001 236 2079 269 dicit
2103 237 2145 268 de
2169 239 2212 268 ri-

1219 277 1308 308 tibus
1333 278 1506 316 humanis,
1530 284 1563 309 et
1586 279 1763 310 durissime
1788 277 1979 311 declamitat
2002 281 2044 312 de
2068 291 2210 313 consue·

1219 321 1351 359 tudine,
1385 321 1573 353 habendam
1601 332 1675 354 eam
1702 333 1780 354 esse
1809 333 1870 364 pro
1894 321 1981 366 lege.
2028 323 2088 355 His
2113 324 2211 356 dictis

1220 364 1254 396 in
1276 363 1432 396 Ecclesia
1450 363 1536 396 male
1558 365 1718 405 detortiS,
1743 372 1778 398 ut
1801 366 1848 405 fit,
1872 367 2147 399 confirmarentur
2166 368 2214 399 in-

1222 415 1341 450 gentes
1371 418 1506 439 errores
1536 410 1690 441 omnibus
1723 411 1901 449 aetatibus
1937 411 2014 453 quia
2043 422 2213 453 nunquam

1221 457 1315 482 tanta
1338 458 1390 483 est
1413 451 1584 494 vigilantia
1608 453 1793 492 hominum,
1817 460 1853 487 ut
1875 465 1942 486 non
1966 456 2131 497 obrepant
2155 453 2213 486 ali-

1222 505 1309 536 quae
1333 495 1473 527 vitiosae
1497 497 1770 528 consuetudines.

1311 580 1480 613 Recenset
1501 582 1849 615 autem‘rertullianus
1872 584 2051 616 admodum
2069 583 2218 626 puerile·

1223 635 1354 663 moreS,
1388 635 1431 657 118
1464 631 1542 667 post
1570 626 1776 667 Baptismum
1800 628 1914 669 primis
1944 634 2074 669 septem
2098 629 2218 660 diebus

1224 674 1320 699 eatur
1353 669 1385 698 in
1421 668 1587 700 balneum.
1633 670 1724 708 Item,
1760 677 1795 702 ut
1830 672 1980 712 baptizas
2014 673 2218 713 praebeatur

1224 712 1428 754 gustandum
1451 711 1504 744 lac
1529 718 1562 743 et
1586 712 1661 745 mel.
1707 713 1754 745 lbi
1778 715 1882 756 inquit
1906 716 2026 747 etiam:
2064 715 2215 747 Oblatio-

1226 764 1285 786 nes
1309 766 1370 796 pro
1384 754 1563 794 defunctis,
1587 768 1648 798 pro
1668 756 1836 796 natalitiis,
1862 768 1972 790 annua
1989 760 2042 791 die
2061 757 2215 791 facimus.

1225 798 1261 830 ld
1285 809 1374 830 nunc
1397 800 1495 841 impie
1518 800 1719 842 detorquent
1742 802 1927 833 adversarii
1952 804 2058 834 nostri
2082 803 2217 834 31111115-

1225 852 1283 873 sas
1307 853 1369 884 pro
1393 843 1544 875 mortuis.
1598 843 1666 875 Cur
1688 843 1819 876 natales
1843 846 2015 885 omittunt,
2040 846 2068 877 si
2092 853 2218 879 tantum

1226 886 1372 917 tribuunt
1395 887 1564 918 autoritati
1587 886 1806 921 Tertulliani?
1852 889 1919 921 Sed
1943 889 2000 922 ille
2023 901 2089 922 non
2112 890 2219 932 loqui-

1226 935 1280 960 tur
1303 929 1344 961 de
1368 939 1475 961 coena
1498 929 1643 963 Domini.
1690 931 1816 964 Verum
1839 933 1873 965 in
1903 934 2021 966 diebus
2051 933 2218 966 natalibus

1226 978 1258 1004 et
1281 971 1434 1004 funerum
1458 972 1697 1007 adferebantur
1720 977 1752 1007 in
1766 975 1887 1018 templa
1912 978 1992 1017 cibi,
2012 984 2042 1009 81
2066 977 2132 1010 3113
2151 989 2221 1010 mu-

1225 1027 1307 1048 nera
1345 1017 1561 1058 pauperibus-
1618 1019 1712 1051 Haec
1752 1023 1922 1052 vocabant
1963 1022 2152 1054 oblationes
2188 1027 2220 1053 et

1225 1059 1357 1099 α’γᾰπας,
1382 1066 1413 1091 81
1437 1071 1510 1092 11105
1534 1067 1605 1093 erat
1628 1064 1670 1094 ab
1695 1063 1835 1095 ethnicis
1859 1072 2034 1107 acceptus,
2060 1067 2120 1098 sed
2140 1076 2221 1097 non·

1226 1103 1306 1134 nihil
1331 1111 1518 1136 correctus.
1565 1105 1650 1137 Nam
1672 1106 1808 1139 Ethnici
1832 1108 1956 1141 dabant
1979 1109 2096 1151 epulas
2122 1111 2220 1141 etiam

1227 1148 1258 1178 in
1283 1146 1426 1188 1811111115,
1446 1149 1477 1179 111
1502 1148 1670 1181 natalibus
1695 1157 1727 1182 et
1751 1150 1936 1191 funeribus,
1956 1164 1997 1185 ac
2021 1160 2140 1195 postea
2163 1154 2220 1185 Ni—

1227 1191 1494 1266 cenal·Synodus
1518 1198 1550 1223 et
1573 1191 1659 1225 aliae
1682 1194 1924 1236 prohibuerunt
1953 1196 2041 1229 hanc
2065 1209 2221 1241 pompam

1227 1242 1305 1267 nata
1322 1246 1398 1267 111111.

1314 1321 1405 1364 Ergo
1430 1329 1464 1354 ut
1488 1323 1530 1354 de
1554 1325 1695 1355 caeteris
1716 1325 1839 1357 dictum
1864 1333 1934 1365 est,
1960 1328 2150 1361 testimonia
2172 1329 2221 1362 hi-

1227 1367 1353 1397 storica
1383 1367 1416 1397 in
1450 1366 1655 1399 Tertulliano
1687 1376 1844 1409 prosunt,
1879 1372 1936 1402 ubi
1972 1379 2220 1412 commemorat,

1197 1414 1199 1419 ⁴
1226 1410 1304 1452 quid
1328 1411 1471 1442 senserit
1494 1411 1586 1452 prior
1609 1410 1780 1444 Ecclesia:
1802 1413 1870 1445 Sed
1893 1415 1965 1446 eius
1990 1418 2221 1449 enarrationes

1226 1460 1257 1485 et
1284 1454 1527 1495 disputationes
1552 1465 1619 1485 non
1643 1457 1845 1498 recipiantur
1869 1463 2025 1500 tanquam
2050 1460 2221 1503 dogmata,

1226 1498 1290 1528 nisi
1331 1504 1496 1539 quatenus
1531 1501 1743 1532 consentiunt
1785 1511 1859 1533 811111
1904 1502 2103 1544 Apostolica
2139 1505 2222 1536 scri·

1225 1547 1334 1583 ptura.

1564 1719 1629 1761 De
1663 1719 1879 1777 Cypriane.

1317 1844 1507 1888 Cyprianus
1543 1847 1624 1879 vixit
1655 1849 1789 1880 circiter
1821 1860 1943 1883 annum
1977 1851 2113 1884 Domini
2147 1853 2223 1885 260.

1228 1887 1386 1921 Continet
1420 1889 1512 1922 utilia
1547 1892 1755 1931 testimonia,
1792 1892 1845 1925 De
1868 1894 2046 1935 Trinitate‚
2084 1897 2125 1928 de
2159 1897 2225 1929 Ba-

1228 1933 1349 1974 ptismo
1373 1933 1607 1975 parvulorum,
1630 1934 1683 1967 De
1706 1946 1769 1968 usu
1793 1948 1920 1970 coenae
1944 1938 2095 1979 Domini,
2127 1946 2159 1972 et
2182 1941 2225 1973 de

1228 1975 1336 2008 forma
1360 1977 1533 2009 electionis
1557 1978 1821 2022 Episcoporum,
1845 1992 1932 2023 quos
1952 1984 2069 2015 scribit
2094 1982 2224 2017 electos

1228 2030 1306 2052 esse
1341 2032 1361 2052 a
1395 2028 1495 2054 coetu
1528 2021 1721 2062 Ecclesiae,
1758 2030 1791 2055 et
1813 2036 1886 2057 eam
1910 2025 2111 2059 electionem
2136 2038 2225 2060 com-

1228 2065 1404 2106 probatam
1427 2075 1504 2099 esse
1527 2065 1682 2098 adhibitis
1706 2066 1873 2110 aliquibus
1897 2070 2016 2102 vicinis
2036 2071 2223 2114 EpiscopiS.

1317 2151 1386 2183 Sed
1410 2158 1542 2184 veteres
1572 2153 1672 2185 etiam
1702 2160 1858 2187 taxarunt
1881 2154 2103 2199 Cyprianum,
2134 2160 2225 2201 quod

1228 2195 1330 2226 sentit
1354 2196 1541 2236 baptizatos
1565 2197 1608 2228 ab
1632 2196 1696 2228 hae
1720 2199 1833 2230 reticis
1857 2210 1975 2231 rursus
2000 2202 2225 2243 baptizandos

1229 2247 1318 2269 esse.
1365 2237 1513 2270 Effundit
1531 2240 1618 2271 inter
1641 2240 1896 2275 declamandum
1920 2245 2083 2277 interdum
2107 2247 2225 2278 absur-

1228 2281 1291 2312 das
1314 2283 1510 2321 sententiaS,
1540 2294 1615 2315 cum
1639 2292 1822 2328 exaggerat
1851 2287 2077 2320 immoderatis
2103 2289 2225 2335 hyper-

1228 2323 1315 2356 bolis
1341 2335 1489 2365 causam,
1513 2337 1612 2369 quam
1635 2328 1786 2368 instituit,
1814 2329 1854 2361 Ut
1880 2331 1922 2362 de
1944 2332 2062 2373 poenis
2081 2331 2224 2366 Canoni-

1229 2368 1279 2400 cis
1303 2369 1482 2401 admodum
1506 2371 1632 2403 duriter
1655 2372 1791 2411 scribit,
1826 2373 1872 2405 ait
1895 2385 1962 2406 non
1986 2374 2100 2408 valere
2124 2378 2225 2410 abso-

1227 2410 1400 2451 lutionem,
1425 2413 1487 2445 nisi
1507 2412 1587 2446 illae
1610 2425 1740 2456 poenae
1758 2415 1881 2449 fuerint
1904 2416 2109 2459 persolutae.
2150 2420 2224 2453 Hoc

1228 2456 1350 2488 dictum
1385 2463 1544 2499 quantum
1577 2458 1701 2491 habeat
1734 2460 1953 2501 incommodi,
1987 2473 2055 2494 non
2089 2470 2140 2496 est
2164 2466 2224 2498 ob·

1228 2509 1376 2532 scurum.

1319 2585 1544 2619 Vehementer
1556 2589 1654 2621 etiam
1678 2588 1868 2623 declamitat
1887 2591 1930 2624 de
1949 2591 2132 2633 coelibatu,
2158 2597 2222 2629 etsi

1201 2645 1204 2668 5
1230 2640 1307 2662 eum
1330 2631 1464 2673 quidem
1485 2630 1599 2665 locum
1620 2633 1763 2676 mitigat,
1794 2635 1885 2667 iubet
1914 2637 2117 2670 contrahere
2142 2649 2223 2672 con·
2260 2678 2263 2680 v

2013 2697 2068 2723 39·
