2383 2990
162 119 225 152 711

495 217 647 269 Quinta
689 217 820 259 Ratio.

251 302 286 333 ln
312 302 375 333 hac
397 303 552 343 opinione
576 307 626 332 est
651 300 826 332 manifesta
851 306 884 332 et
895 298 1064 341 multiplex
1082 299 1152 331 ido-

163 343 306 383 lolatria,
330 356 433 387 quare
458 344 535 376 talis
560 344 666 376 Missa
689 343 882 386 simpliciter
906 350 959 375 est
982 344 1152 374 abomina-

164 389 246 463 tin,b
263 399 282 419 a
305 399 371 430 qua
403 399 518 420 omnes
542 389 585 430 pii
610 387 793 419 abhorrere
818 388 958 426 debent,
991 387 1079 428 quod
1103 386 1152 418 sic

162 442 223 475 pro
250 442 285 463 0:

250 517 406 549 Primum.
453 517 644 549 Idololatria
670 524 722 549 est
745 518 920 549 instituere
949 515 1073 548 cultum
1097 527 1152 548 ex-

163 568 215 593 tra
234 562 392 600 verbum,
429 568 460 592 et
486 562 557 592 sine
582 563 685 592 verbo
711 560 792 600 Dei,
826 567 858 592 et
883 561 1015 603 quidem
1040 559 1151 598 talem,
1180 561 1181 584 1

164 606 219 647 qui
243 605 286 635 sit
310 603 419 636 cultus
444 615 485 635 ex
510 615 612 646 opere
636 603 787 646 operato.
839 604 874 635 ld
900 603 990 635 clare
1013 610 1155 635 testatur

163 648 228 680 hoc
253 648 392 679 dictum:
416 648 556 679 Frustra
581 647 693 679 colunt
716 659 767 680 me
788 648 952 679 mandatis
975 646 1153 678 hominum.

164 691 205 723 Et
235 691 423 732 Prophetae
457 697 582 723 vocant
615 690 835 722 idololatriam
869 690 1035 722 sacrificia
1069 700 1154 732 quae

163 735 290 766 fiebant
325 741 417 766 extra
452 736 589 767 verbum
625 741 658 766 et
693 735 881 766 mandatum
916 734 998 772 Dei,
1040 734 1152 775 qualia

163 785 258 810 erant
280 778 447 810 sacrificia
472 777 685 810 excelsorum
705 784 736 809 et
759 779 791 809 in
815 776 913 816 lucis,
938 776 1047 808 cultus
1074 778 1152 808 vitu-

163 820 271 853 lorum
309 822 342 853 in
378 822 564 860 Bethaven,
596 822 670 853 item
702 820 812 853 cultus
848 821 943 852 aenei
977 821 1152 861 serpentis.

163 866 231 897 Sed
255 864 339 897 haec
363 865 488 897 oblatio
513 872 545 896 et
568 865 748 906 applicatio
760 864 887 895 Missae
911 869 963 895 est
986 862 1061 894 talis
1086 861 1153 894 cul-

164 915 229 948 tus,
265 910 320 950 qui
354 919 421 940 non
457 910 559 940 habet
583 909 774 940 mandatum
798 907 875 947 Dei,
911 918 974 938 nec
998 907 1153 938 convenit

164 963 238 984 cuni
262 953 466 984 institutione
486 952 623 990 Christi,
647 953 711 983 imo
736 950 892 993 neglecto
916 951 1022 982 verbo
1046 956 1153 981 trans-

162 995 268 1027 fertur
298 997 487 1028 ceremonia
517 996 549 1026 in
580 994 843 1035 usu1n,altenun1
866 996 908 1026 ab
933 994 1153 1026 institutione:

164 1039 256 1083 Ergo
280 1039 355 1071 talis
380 1040 486 1071 Missa
510 1048 591 1071 vere
615 1044 667 1070 est
690 1037 922 1071 idololatricus
946 1036 1069 1069 cultus.

252 1126 420 1158 Secu-ndo.
467 1125 686 1157 Sacramenta
721 1131 815 1156 extra
849 1134 946 1156 usum
974 1134 994 1154 a
1018 1123 1152 1155 Christo

163 1171 346 1201 institutum
381 1180 448 1201 non
483 1174 561 1200 sunt
596 1169 830 1206 Sacramenta,
865 1169 942 1209 quia
972 1165 1047 1198 talis
1070 1177 1153 1199 usus

165 1224 230 1245 non
255 1213 356 1245 habet
379 1214 532 1251 verbum,
566 1218 598 1244 et
622 1219 785 1254 repugnat
808 1211 1014 1243 institutioni.
1061 1211 1154 1243 Sicut

162 1268 252 1289 nunc
287 1256 504 1288 Circumcisio
529 1255 662 1287 Iudaica
681 1262 738 1287 autv
763 1255 905 1286 'l‘nrcica
927 1265 994 1286 non
1018 1261 1070 1286 est
1094 1254 1152 1285 Sa-

164 1307 382 1338 cramentum,
420 1306 453 1331 et
487 1300 574 1331 sicut
597 1310 684 1341 aqua
708 1299 863 1341 baptismi
887 1309 952 1330 non
978 1304 1069 1330 esset·
1093 1297 1153 1329 Sa-

165 1350 383 1381 cramentum,
407 1344 435 1374 si
460 1342 680 1375 transferetur
703 1343 745 1374 ad
769 1341 855 1373 alios
881 1352 961 1373 usus
975 1348 1069 1373 extra
1081 1351 1153 1373 ver-

163 1388 242 1420 bum
266 1397 306 1418 ac
329 1387 579 1425 institutionem,
600 1397 641 1418 ac
660 1387 687 1417 si
712 1384 983 1418 circumferretur
1012 1386 1054 1417 ad
1078 1395 1153 1426 spe-

164 1431 332 1469 ctandum,
357 1430 411 1462 vel
434 1431 477 1462 ad
500 1431 735 1472 aspergendos
759 1429 923 1461 homines.
969 1429 1037 1460 Aut
1067 1429 1154 1460 sicut

163 1474 323 1517 Episcopi
348 1473 463 1506 lavant.
486 1480 519 1506 et
542 1475 672 1517 tingunt
697 1471 804 1504 nolas.
850 1473 886 1504 ld
910 1470 1153 1514 spectaculum,

164 1519 321 1561 quianon
336 1524 490 1550 servatur
512 1518 686 1555 institutio,
709 1528 776 1549 non
801 1522 913 1557 potest
936 1516 1000 1547 dici
1023 1516 1154 1557 Baptis-

164 1572 250 1601 mus·‚
275 1562 337 1593 sed
361 1567 412 1594 est
436 1560 548 1594 illusio
572 1567 603 1592 et
628 1559 829 1592 contumelia
855 1559 1076 1591 Sacramenti.
1107 1558 1155 1590 lta

163 1605 282 1644 Missa,
317 1606 348 1636 in
379 1616 444 1647 qua
480 1604 516 1636 fit
539 1604 677 1643 oblatio,
702 1610 733 1635 et
756 1603 945 1646 applicatur
967 1601 1054 1641 aliis,
1087 1612 1154 1633 non

165 1655 280 1681 servat
304 1649 544 1680 institutionem
569 1647 705 1686 Christi,
727 1658 815 1689 quae
838 1648 929 1678 iubet
951 1657 1018 1677 non
1043 1645 1155 1677 offerri

165 1703 227 1735 pro
258 1691 350 1731 aliis,
374 1693 433 1723 sed
457 1692 651 1723 manducari
675 1698 707 1723 et
727 1691 793 1722 bibi
819 1701 941 1731 corpus
966 1696 996 1721 et
1022 1689 1155 1732 sangui-

165 1747 241 1767 nem
264 1735 418 1775 Domini,
452 1736 513 1768 sed
536 1734 738 1767 transfertur
760 1735 804 1766 ad
827 1733 951 1766 cultum
970 1732 1112 1765 alienum
1136 1743 1157 1764 a

166 1780 281 1812 verbo.

252 1865 343 1908 Ergo
366 1865 452 1897 haec
475 1866 578 1897 missa
601 1875 668 1896 non
691 1870 743 1896 est
766 1864 1031 1902 Sacramentum,
1054 1872 1158 1905 quare

167 1909 279 1953 palam
304 1916 375 1948 est,
410 1908 601 1941 horribilem
626 1907 845 1940 idololatriam
870 1907 1046 1945 committi,
1082 1916 1156 1937 cuin

168 1964 228 1995 pro
255 1953 486 1991 SacramentO,
510 1953 565 1984 ubi
589 1952 852 1984 distribuendum
877 1957 947 1982 erat
978 1960 1101 1991 corpus
1126 1955 1158 1980 et

169 1998 308 2039 sanguis
338 1996 491 2035 Domini,
526 1996 722 2038 proponitur
745 1994 852 2025 Missa
877 1994 1062 2026 sacerdotis
1086 1999 1157 2024 tan-

170 2051 268 2083 quam
289 2050 389 2082 opuS,
423 2040 513 2082 quod
547 2046 713 2071 mereatur
743 2038 972 2069 remissionem
1002 2042 1158 2078 peccato-

169 2095 258 2122 rum,
293 2086 370 2115 item
405 2085 511 2125 prosit
544 2083 643 2114 etiam
677 2082 837 2119 mortuis,
868 2081 909 2112 ad
947 2079 1156 2111 redimendas

171 2137 301 2170 poenas
324 2127 519 2169 purgatorii.
577 2125 669 2157 Haec
692 2131 769 2157 sunt
794 2124 966 2156 mendacia
990 2124 1159 2164 impuden-

171 2178 222 2203 ter
245 2170 391 2202 conficta
427 2171 469 2202 ab
492 2167 680 2201 idololatris
705 2175 737 2200 et
767 2169 874 2209 impiis
898 2165 1095 2199 sacrificulis
1119 2176 1159 2197 ac

170 2215 359 2253 monachis,
383 2214 438 2256 qui
461 2213 705 2244 sanctissimam
725 2212 942 2244 ceremoniam
955 2209 1108 2253 polluunt
1121 2220 1161 2240 ac

172 2257 378 2290 transferunt
401 2258 441 2289 ad
467 2255 673 2288 manifestam
698 2254 932 2293 idololatriam,
955 2265 996 2286 ac
1020 2254 1049 2285 ei
1067 2263 1161 2295 prae-

172 2308 289 2334 texunt
312 2312 431 2333 nomen
452 2300 671 2338 Sacramenti,
695 2306 727 2330 et
751 2299 815 2330 lios
838 2297 1069 2330 idololatricos
1093 2295 1161 2328 cul-

173 2351 227 2378 tus
250 2344 432 2377 defendunt
454 2349 594 2386 propter
617 2350 804 2386 quaestum.

262 2432 331 2463 Has
355 2431 618 2463 abominationes
638 2430 734 2461 etiam
749 2429 898 2471 cogitare
916 2425 1076 2459 horribile
1100 2432 1163 2464 est,

176 2486 280 2518 quare
305 2486 420 2507 omnes
444 2475 486 2516 pii
510 2473 597 2505 hanc
620 2472 917 2515 prophanationem
940 2472 1018 2503 totis
1046 2470 1162 2501 animis

177 2520 324 2551 execrari
360 2520 494 2550 dehent.
559 2517 631 2548 Nec
665 2523 715 2547 est
739 2517 891 2553 dubium,
925 2516 1003 2557 quin
1026 2519 1163 2556 propter

177 2569 290 2595 tantas
325 2561 611 2604 prophanationes
645 2559 740 2592 Deus
769 2557 975 2591 horribiliter
996 2559 1164 2589 irascatur

179 2613 211 2639 et
232 2607 346 2649 puniat
368 2606 534 2638 mundum.

801 119 913 151 enm.
935 117 1040 151 MEL.
1065 116 1252 151 SCRIPTA
1270 96 1557 150 noGMA'ncA.

1177 541 1182 556 7

1179 585 1181 602 i

1185 2279 1190 2334 1

1351 64 1380 94 fl

2129 117 2194 149 712

1293 212 1447 244 Breviter
1479 212 1687 243 ostendimus
1718 211 1920 244 oblationem
1944 218 1977 244 et
1999 211 2193 254 applicatio-

1205 265 1280 286 nem
1304 256 1335 286 in
1361 255 1466 286 Missa
1494 265 1645 298 pugnare
1670 266 1743 287 cum
1775 261 1844 287 tota
1867 256 2018 288 doctrina
2040 256 2194 299 Evange-

1205 297 1238 329 lii
1269 299 1310 329 de
1344 297 1480 329 Christo
1517 305 1549 330 et
1572 299 1643 330 eius
1668 298 1853 337 sacrificiO,
1881 309 1955 331 cum
1978 301 2130 331 doctrina
2153 300 2194 331 de

1206 342 1295 373 veris
1326 340 1468 372 cultibus
1503 348 1535 373 et
1560 343 1601 373 de
1620 342 1704 380 tide,
1739 342 1816 373 item
1841 343 2014 374 adversari
2037 344 2141 375 verbo
2161 347 2195 374 et

1205 385 1400 416 institutioni
1435 384 1575 416 Christi:
1611 386 1752 427 denique
1774 396 1842 416 non
1866 386 1999 417 dubium
2023 393 2071 418 est
2092 385 2196 418 idolo-

1205 427 1336 460 latriam
1355 429 1401 459 ibi
1420 428 1593 467 committi,
1620 440 1693 459 cuni
1718 428 1937 460 Sacramenta
1962 436 2055 460 extra
2085 440 2193 469 usum,

1205 472 1248 503 ad
1272 482 1370 513 quent
1392 472 1543 503 instituta
1565 477 1655 510 sunt,
1689 482 1757 503 non
1780 472 1846 503 sint
1869 472 2098 511 Sacramenta,
2133 473 2194 505 sed

1206 516 1317 546 inania
1341 514 1547 555 spectacula.

1294 600 1378 632 Cum
1400 601 1500 642 igitur
1524 607 1655 633 constet
1669 601 1875 633 manifestam
1898 602 2097 643 impietatem
2116 601 2193 633 hae-

1205 655 1280 676 rere
1303 645 1336 675 in
1361 643 1481 676 talibus
1505 644 1632 683 Missis,
1655 644 1850 686 simpliciter
1873 655 1989 677 omnes
2012 643 2092 677 illae
2114 644 2194 676 Mis-

1206 699 1264 719 sae
1288 688 1502 719 sacerdotum
1525 687 1693 720 tollendae
1718 695 1749 719 et
1767 687 1956 720 abolendae
1979 695 2066 720 sunt.
2102 688 2194 720 Abii-

1207 732 1345 762 ciendus
1384 737 1435 762 est
1469 730 1598 770 Canon,
1635 742 1732 773 quem
1756 738 1890 770 vocant,
1920 733 1952 762 in
1983 742 2050 773 quo
2069 733 2194 773 apertis

1205 775 1319 807 verbis
1345 774 1380 806 fit
1404 774 1528 806 oblatio
1553 781 1584 806 et
1606 775 1786 817 applicatio
1811 786 1872 817 pro
1896 774 1986 813 aliis,
2009 775 2195 807 et'adtlitur

1205 816 1420 850 idololatrica
1453 819 1620 850 invocatio
1657 824 1859 850 sanctorum.
1927 818 2074 851 Econtra
2097 829 2194 850 revo-

1207 862 1333 893 candus
1357 868 1410 892 est
1434 867 1466 893 et
1484 862 1675 893 reddendus
1688 860 1851 893 Ecclesiis
1874 872 1976 893 verus
1999 871 2082 893 usus
2105 862 2196 893 iuxta

1206 905 1458 943 institutionem,
1494 904 1662 943 videlicet,
1685 911 1720 937 ut
1744 906 1786 937 sit
1812 906 1996 937 communis
2021 915 2138 943 coena,
2162 905 2195 936 in

1206 960 1272 991 qua
1297 949 1503 992 distribuitur
1527 958 1650 990 corpus
1673 955 1706 980 et
1729 950 1867 991 sanguis
1887 949 2039 987 Domini,
2073 949 2128 980 ubi
2152 948 2196 990 pii

1205 998 1383 1023 vescentes
1407 992 1639 1030 admonentur,
1662 997 1696 1023 ut
1719 997 1867 1023 statuant
1890 993 1952 1023 sibi
1965 993 2088 1034 pignus
2111 992 2195 1030 dari,

1207 1036 1295 1078 quod
1320 1041 1460 1067 testetur
1483 1035 1577 1077 ipsos
1602 1045 1679 1066 esse
1703 1034 1829 1066 Christi
1852 1037 2011 1073 membra,
2037 1036 2079 1067 ad
2102 1036 2196 1077 ipsos

1207 1090 1287 1111 vere
1322 1080 1490 1121 pertinere
1526 1079 1687 1110 beneficia
1711 1077 1846 1117 Christi,
1882 1079 2046 1121 sanguine
2069 1077 2194 1111 Christi

1206 1123 1299 1165 ipsos
1322 1121 1458 1155 ablutos
1482 1132 1570 1153 esse.

1296 1208 1472 1241 Postremo
1497 1209 1701 1250 repudianda
1722 1214 1773 1240 est
1796 1209 2006 1251 imaginatio,
2040 1218 2126 1249 quae
2147 1205 2196 1240 sa-

1207 1254 1251 1284 cit
1274 1253 1452 1284 discrimen
1472 1253 1557 1284 inter
1581 1263 1666 1294 opus
1691 1253 1883 1284 Sacerdotis·
1907 1258 1940 1283 et
1963 1251 2076 1289 Laici,
2100 1251 2196 1293 quasi

1207 1297 1394 1328 sacerdotis
1418 1306 1503 1337 opus
1528 1296 1570 1326 sit
1582 1296 1761 1336 peculiaris
1783 1293 1892 1327 cultus
1915 1296 1948 1326 in
1960 1294 2116 1326 Ecclesia
2139 1305 2196 1326 ne-

1208 1340 1388 1378 cessarius,
1414 1346 1447 1370 et
1470 1340 1525 1381 qui
1550 1349 1611 1380 pro
1634 1338 1708 1370 aliis
1728 1338 1801 1370 fieri
1824 1339 1962 1370 debeat:
1992 1338 2078 1374 Quia
2102 1336 2196 1369 Chri-

1208 1390 1280 1415 stus
1304 1394 1370 1415 non
1391 1381 1472 1415 facit
1495 1383 1686 1420 discrimen,
1709 1383 1771 1413 sed
1790 1381 1860 1413 vult
1884 1387 1920 1413 ut
1943 1382 1987 1412 sit
2011 1381 2197 1412 communis

1209 1438 1331 1466 coena,
1368 1427 1423 1459 ubi
1457 1426 1599 1468 quisque
1634 1435 1717 1457 suae
1747 1424 1823 1456 fidei
1859 1424 2070 1456 exercendae
2092 1434 2196 1456 causa

1207 1477 1319 1503 utatur
1343 1470 1578 1508 Sacramento,
1602 1479 1676 1500 cum
1699 1469 1820 1510 inquit:
1855 1468 2009 1509 Accipite
2033 1468 2198 1499 comedite

1208 1520 1272 1546 etc.
1338 1513 1411 1545 Etsi
1435 1514 1523 1555 quod
1548 1518 1600 1544 est
1633 1513 1830 1550 discrimen,
1864 1517 1991 1542 tantum
2024 1510 2198 1542 ministerii

1209 1564 1274 1595 est,
1293 1558 1381 1599 quod
1401 1557 1571 1588 Sacerdos
1594 1562 1631 1587 ut
1654 1556 1803 1587 minister
1825 1553 2001 1586 Ecclesiae
2023 1553 2097 1586 aliis
2120 1564 2199 1595 por-

1208 1602 1312 1643 rigit,v
1340 1601 1462 1632 caeteri
1496 1600 1674 1640 accipiunt.
1743 1599 1812 1629 Sed
1846 1599 1920 1639 ipsa
1950 1597 2139 1629 ceremonia
2166 1601 2200 1628 et

1207 1655 1303 1683 usus,
1327 1644 1510 1675 communis
1535 1649 1588 1674 est
1610 1643 1669 1674 toti
1692 1641 1881 1679 Ecclesiae,
1904 1651 1925 1672 a
1948 1640 2084 1672 Christo
2107 1640 2199 1672 insti-

1209 1694 1302 1720 tutus
1326 1694 1359 1719 et
1382 1687 1534 1718 traditus.
1580 1685 1623 1717 Et
1646 1686 1809 1717 sacerdos
1829 1685 1977 1716 minister
2001 1690 2063 1723 est,
2082 1694 2123 1715 ac
2135 1683 2201 1715 Ec·

1210 1730 1335 1763 clesiae
1358 1731 1473 1769 servit,
1496 1740 1564 1762 non
1587 1735 1623 1760 ut
1646 1729 1764 1760 offerat
1787 1734 1843 1759 aut
1855 1733 2014 1760 vescatur
2024 1737 2087 1769 pro
2111 1725 2199 1765 aliu,

1210 1775 1271 1807 sed
1293 1781 1330 1807 ut
1352 1775 1501 1817 porrigat
1521 1773 1674 1805 omnibus
1698 1773 1754 1815 qui
1777 1778 1903 1814 petunt.

1210 1920 1464 1954 RESPONSIO
1500 1920 1564 1952 AD
1600 1917 1902 1953 ARGUMENTA,
1938 1916 2062 1954 QUAE
2097 1916 2199 1949 0311-

1320 1980 1517 2014 ClUNTUR
1540 1979 1602 2012 DE
1634 1978 1886 2012 SACRIFICIO
1916 1977 2091 2010 MISSAE.

1520 2096 1657 2136 Prima
1691 2094 1904 2136 Obiectio„

1301 2206 1394 2240 Sicut
1417 2206 1448 2238 in
1469 2204 1544 2248 lege
1563 2210 1658 2236 erant
1681 2204 1873 2246 quotidiana
1896 2201 2081 2240 sacrificia,
2116 2211 2203 2243 quae

1213 2252 1337 2283 fiebant
1361 2261 1421 2292 pro
1446 2248 1537 2287 aliis,
1573 2247 1672 2290 quale
1702 2254 1772 2278 erat
1797 2247 1885 2289 quod
1913 2247 2101 2277 vocabatur
2124 2246 2202 2287 iuge

1214 2294 1421 2327 Sacrificium
1455 2300 1519 2325 etc.
1567 2292 1613 2323 lta
1650 2292 1683 2323 in
1712 2301 1801 2321 novo
1825 2290 2039 2321 Testamento
2069 2293 2201 2330 oportet

1215 2349 1292 2370 esse
1327 2336 1394 2369 tale
1429 2336 1655 2378 quotidianum
1681 2345 1741 2366 scu
1764 2335 1841 2376 iuge
1865 2332 2077 2368 sacrificium,
2112 2331 2202 2373 quod

1215 2382 1373 2413 effetatur
1395 2391 1455 2422 pro
1469 2378 1630 2411 Ecclesia.
1656 2378 1727 2409 lloc
1752 2378 1978 2419 quotidianum
2003 2374 2202 2406 sacrificium

1215 2432 1266 2457 est
1298 2425 1414 2456 Missa.
1481 2422 1522 2454 Et
1557 2423 1621 2454 huc
1654 2421 1820 2463 allegatur
1843 2419 1939 2451 iocus
1964 2417 2136 2460 Epistulae
2159 2418 2201 2449 ad

1215 2469 1367 2500 Ebraeos
1390 2467 1421 2498 5.
1467 2467 1583 2497 Omnis
1610 2465 1761 2497 Pontifex
1786 2475 1826 2495 ex
1852 2464 2041 2495 hominibus
2073 2471 2202 2493 assum-

1215 2518 1305 2554 ptus,
1330 2522 1391 2552 pro
1414 2510 1602 2542 hominihus
1629 2508 1852 2546 constituitur,
1887 2508 1917 2537 in
1943 2507 1995 2537 his
2017 2516 2102 2547 quae
2126 2510 2203 2535 sunt

1215 2556 1300 2597 apud
1326 2555 1455 2593 Deum,
1484 2560 1518 2585 ut
1541 2553 1658 2584 offerat
1684 2553 1771 2583 (lona
1796 2559 1826 2582 et
1849 2550 2017 2581 sacrificia
2040 2559 2101 2590 pru
2125 2558 2201 2588 pec-

1217 2601 1301 2631 catis
1325 2605 1390 2630 etc.
1458 2597 1544 2629 Hinc
1567 2596 1806 2641 ratiocinanttu·
1829 2593 2026 2626 adversarii:
2058 2591 2140 2623 Cum
2169 2591 2200 2621 in

2334 2182 2349 2237 «κ’.
2341 2151 2344 2158 -
