2383 2990
121 129 187 162 599
754 129 866 162 PHIL.
885 130 989 162 MEL.
1010 130 1197 163 SCRIPTA
1214 130 1496 164 DOGMATICA.
2098 136 2166 169 600

122 224 244 263 Stolos,
267 224 458 266 Prophetas
483 230 546 257 etc.
603 224 713 257 Docet
737 226 821 257 enim
841 236 913 257 eam
937 235 1015 258 esse
1038 237 1115 268 pro-

120 269 191 310 prie
212 266 413 307 Ecclesiam,
436 269 468 299 in
493 279 558 310 qua
581 267 734 300 Christus
755 274 806 300 est
829 268 968 308 efficax,
1003 276 1037 302 et
1061 271 1114 302 cui

121 312 179 343 dat
201 321 302 344 veros
328 313 498 343 doctores.

204 398 282 429 Ideo
319 409 393 430 cum
424 398 578 429 obiicitur
611 399 709 430 nohis
743 409 865 430 nomen
889 404 922 430 et
950 400 1112 432 autoritas

117 440 302 480 Ecclesiae,
326 442 467 483 primum
492 442 755 481 consideremus,
774 453 816 474 an
840 442 897 474 fiat
920 445 1043 475 mentio
1057 454 1113 475 ve-

116 496 175 516 rae
200 484 396 524 Ecclesiae,
432 495 473 516 an
494 495 575 517 vero
600 492 717 517 coetus
741 486 957 525 Pontificum,
981 494 1014 519 et
1037 497 1112 519 suc-

118 529 283 559 cessionis
308 527 397 559 111105
422 534 454 559 01
473 528 623 570 politiae,
646 540 709 560 nec
734 540 797 561 nos
822 530 972 561 sinamus
996 541 1016 562 a
1039 541 1113 562 ver-

116 572 159 603 bo
182 571 247 603 Dei
270 572 432 603 deterreri
455 570 543 604 falso
567 578 742 614 praetextu
764 574 905 606 nominis
924 573 1110 606 Ecclesiae.

203 658 377 696 Secundo,
402 658 586 700 Postquam
606 660 728 691 dictum
747 666 818 697 est,
853 670 940 701 quae
964 660 1006 691 sit
1031 671 1113 692 vera

115 701 282 741 Ecclesia,
305 703 369 733 iam
393 703 582 734 addendum
596 709 658 742 est,
681 703 769 735 hanc
783 713 898 735 veram
910 702 1111 743 Ecclesiam,

116 756 202 787 quae
220 752 272 777 est
292 746 426 788 exigua,
450 756 492 777 30
512 752 639 778 tantum
658 753 866 785 sanctorum,
890 747 1033 778 retinere
1056 758 1113 778 ve·

115 800 186 820 ram
211 790 398 821 doctrinam
422 789 612 831 Evangelii,
633 800 694 822 seu
713 789 875 822 articulos
896 790 990 828 fidei,
1026 791 1113 822 sicut

114 832 241 864 Paulus
266 844 339 864 cam
364 839 466 864 vocat
490 834 605 865 sedem
629 834 791 865 veritatis.
837 833 905 865 Sed
929 833 1015 864 haec
1038 834 1113 875 ipsa

114 887 195 907 vera
207 875 364 908 Ecclesia
387 875 489 908 habet
512 877 696 908 doctrinam
716 876 802 908 alias
825 877 931 917 magis
956 876 1041 907 alias
1055 877 1111 907 mi*

114 930 178 951 nus
202 931 319 961 puram
343 925 376 951 et
398 921 621 961 perspicuam.
668 920 777 952 Habet
800 926 832 951 et
856 918 958 950 multa
982 919 1112 951 infirma

113 965 274 1001 membra,
298 970 334 995 ut
357 963 514 1004 Apostoli
538 970 632 995 erant
655 962 829 1001 Ecclesia,
854 973 917 993 nec
935 969 1045 994 tamen
1064 964 1112 994 in-

1136 992 1139 1005 1

1168 225 1308 269 stipulas
1334 232 1397 258 etc.
1427 226 1692 259 Fundamentum
1715 227 1871 271 intelligit
1889 229 2052 262 articulos
2076 231 2165 272 fidei,

1167 272 1232 303 hoc
1256 277 1318 309 est,
1342 281 1503 302 summam
1527 271 1698 303 doctrinae
1723 271 1952 312 Christianae,
1988 280 2020 306 et
2045 275 2165 308 doctri-

1166 324 1243 345 nam
1267 315 1308 345 de
1332 314 1503 346 beneficiis
1529 313 1665 353 Christi,
1689 316 1750 346 sed
1775 317 1815 347 ad
1840 316 1940 356 hanc,
1964 317 2081 360 inquit,
2106 320 2164 351 ad-

1166 358 1244 388 dent
1268 357 1323 388 alii
1343 357 1455 389 utilem
1480 359 1667 389 doctrinam
1690 365 1722 389 et
1742 359 2017 401 explicationem,
2053 368 2085 394 et
2109 373 2165 395 ve-

1166 411 1223 432 ros
1244 400 1355 433 cultus
1375 400 1577 442 spirituales,
1602 402 1695 433 Haec
1718 409 1829 441 vocat,
1853 414 1980 435 aurum.
2016 404 2083 437 Alii
2106 407 2165 438 ad-

1166 445 1244 476 dent
1267 443 1422 486 stipulas,
1445 446 1478 476 id
1503 451 1565 483 est,
1590 446 1764 487 opiniones
1789 447 2031 486 incommodaS,
2056 455 2088 480 et
2106 449 2164 480 ali-

1165 489 1244 529 quid
1268 489 1393 519 erroris
1417 489 1601 527 habentes,
1636 490 1731 520 Sicut
1754 490 1846 521 initio
1871 491 1982 522 statim
2007 493 2164 525 conditae

1165 538 1242 562 sunt
1266 533 1489 571 ceremoniae,
1512 542 1598 574 quae
1622 542 1738 564 secum
1761 539 1935 565 traxerunt
1963 533 2070 566 falsas
2093 537 2163 578 opi-

1164 584 1293 606 mones.

1252 660 1296 692 Ut
1318 660 1534 693 Ambrosium
1558 663 1707 693 existimo
1737 672 1815 694 esse
1837 673 1954 695 verum
1978 666 2163 698 membrum

1164 703 1351 736 Ecclesiae.
1397 705 1429 736 Is
1464 712 1574 737 tamen
1609 707 1713 748 inquit
1737 707 1778 737 de
1802 707 1922 738 ieiunio
1944 709 2161 752 quadragesi-

1165 759 1253 779 mae:
1278 747 1422 780 Caetera
1445 749 1566 781 iciunia
1589 757 1667 781 sunt
1690 749 1891 789 voluntatis,
1926 750 1990 782 1100
2014 753 2163 784 11000551-

1165 792 1243 866 ἕιόῑί5
1264 797 1326 823 051.
1374 792 1468 824 Η300
1492 793 1606 834 opinio
1627 800 1680 825 est
1703 793 1827 840 stipula
1851 795 1965 826 addita
1989 796 2163 829 doctrinae

1213 845 1253 866 01.

1253 920 1310 952 Sic
1334 919 1484 951 Basilius
1507 921 1634 952 addidit
1657 925 1883 961 monasticen,
1920 931 2079 964 tanquam
2103 926 2161 955 sti-

1163 963 1272 1005 pulas,
1297 970 1328 995 et
1351 963 1464 994 laudat
1488 964 1554 996 hoc
1580 975 1686 1006 genus
1710 966 1797 997 vitae
1816 967 2001 998 immodicis
2021 972 2053 997 et
2065 966 2160 998 falsis

114 1005 311 1049 telligebant
334 1012 412 1038 ante
435 1006 559 1038 Christi
580 1008 873 1045 resurrectionem,
899 1005 997 1047 quale
1020 1012 1112 1038 esset
1136 1007 1139 1049 Ι
1163 1008 1367 1049 praeconiis,
1392 1018 1466 1038 cum
1489 1008 1621 1049 quidem
1645 1009 1686 1039 ab
1700 1008 1870 1050 Episcopo
1894 1021 1955 1041 suo
1981 1009 2159 1051 reprehen-

112 1049 258 1082 futurum
288 1060 426 1093 regnum
447 1049 582 1082 Christi.
630 1050 749 1082 Petrus
779 1051 876 1081 etiam
899 1056 977 1091 post
999 1051 1111 1081 datum

113 1095 270 1135 Spiritum
306 1100 458 1125 531101001
492 1093 602 1126 adhuc
626 1094 870 1136 imaginabatur
889 1092 1000 1125 cultus
1023 1093 1110 1136 legis

114 1138 328 1169 necessarios
365 1147 455 1176 esse,
492 1138 554 1168 sed
585 1138 626 1168 de
662 1136 760 1169 coelo
784 1137 971 1168 admonitus
996 1138 1111 1169 didicit

113 1192 130 1212 r

114 1205 224 1256 cultus
248 1224 454 1266 spirituales,
473 1235 515 1256 ac
537 1230 732 1266 perpetuOS,
756 1224 832 1256 Act.
859 1224 908 1255 10.

200 1311 326 1342 Postea
344 1310 502 1342 inchoata
514 1311 764 1353 praedicatione
781 1309 1037 1352 Apostolorum,
1059 1309 1109 1343 lu-

113 1356 210 1386 cebat
232 1355 265 1386 in
283 1355 366 1395 ipsis
391 1355 544 1386 doctrina
566 1366 651 1395 pura
674 1360 707 1386 et
730 1355 918 1396 perspicua,
941 1360 974 1386 et
998 1360 1108 1386 tamen

111 1399 239 1430 interea
263 1403 359 1429 erant
381 1397 473 1429 multi
497 1398 629 1437 infirmi,
654 1399 710 1440 qui
733 1399 865 1430 tametsi
890 1404 1005 1429 essent
1028 1409 1109 1430 vera

111 1440 455 1480 membraEcclesiae,
480 1447 513 1474 et
535 1448 688 1473 tenerent
710 1441 871 1473 articulos
891 1442 978 1481 fidei,
997 1447 1109 1473 tamen

110 1485 235 1527 aliquid
259 1486 427 1516 addebant
449 1486 586 1524 erroris,
608 1491 644 1517 ut
668 1486 723 1527 qui
746 1486 976 1517 observabant
997 1484 1108 1517 cultus

110 1527 209 1572 legis,
228 1539 290 1560 nec
315 1530 398 1560 satis
418 1527 650 1571 intelligebant
669 1529 922 1571 abrogationem
945 1528 1051 1571 legis,
1076 1535 1109 1561 et

112 1583 212 1605 veros
236 1571 358 1604 cultus.
397 1572 460 1603 Hic
479 1583 574 1603 error
592 1583 659 1604 11011
684 1579 755 1603 0131
778 1572 875 1611 levis,
910 1578 943 1604 et
962 1572 1108 1614 aliquam

111 1616 288 1658 caliginem
323 1615 516 1647 offundebat
544 1615 695 1648 articulis
729 1615 817 1647 fidei.
873 1618 919 1648 113
953 1615 1107 1648 Christus

110 1660 271 1702 praedicit
301 1660 342 1690 de
377 1658 531 1691 Ecclesia
565 1659 727 1701 postremi
762 1661 943 1701 temporis,
976 1658 1106 1691 futuras

109 1714 249 1745 magnas
273 1704 443 1741 tenebras,
468 1713 553 1744 quae
572 1704 671 1734 etiam
690 1702 818 1735 electos
831 1704 1021 1745 impedient,
1041 1715 1107 1745 quo

109 1748 217 1779 minus
240 1757 358 1789 puram
382 1747 566 1778 doctrinam
589 1745 733 1778 habituri
752 1747 828 1778 sint.

197 1833 314 1865 Manet
337 1833 437 1876 igitur
456 1832 568 1875 aliqua
602 1843 684 1864 vera
717 1831 888 1872 Ecclesia,
923 1843 1009 1875 quae
1032 1834 1108 1865 reti-

109 1883 166 1909 net
189 1876 351 1909 articulos
376 1876 472 1915 fidei,
507 1877 569 1908 sed
592 1877 757 1908 interdum
786 1878 894 1908 minus
918 1887 1041 1918 puros,
1076 1883 1109 1909 et

111 1922 313 1952 obscuratos
347 1919 513 1962 aliquibus
548 1920 770 1952 incommodis
806 1921 1034 1961 opinionibuS,
1076 1927 1108 1952 et

109 1963 312 1996 habentibus
342 1963 468 2005 aliquid
503 1965 640 1996 erroris.
685 1964 738 1995 Ac
771 1962 894 2005 loquor
928 1963 1037 1996 adhuc
1066 1966 1108 1996 de

109 2008 198 2040 veris
221 2007 399 2039 Ecclesiae
418 2007 593 2045 membris,
627 2013 660 2038 et
684 2007 831 2045 Sanctis,
865 2017 933 2039 non
957 2008 998 2039 de
1021 2006 1107 2047 aliis,

110 2052 165 2093 qui
183 2052 306 2082 amissa
329 2050 405 2083 luce
429 2051 543 2089 verbi,
577 2051 730 2082 amittunt
753 2050 911 2092 Spiritum
941 2057 1107 2090 sanctum,

110 2100 143 2126 et
176 2101 362 2135 sequuntur
394 2095 532 2125 rationis
556 2094 730 2132 iudicium,
764 2100 798 2125 et
834 2105 908 2126 cum
930 2101 1045 2136 putent
1068 2105 1107 2126 se

110 2138 288 2169 admodum
311 2138 365 2178 pia
389 2138 534 2176 tradere,
558 2137 671 2168 dicunt
693 2136 803 2168 aliena
822 2143 855 2169 et
878 2139 987 2178 impia.
1034 2138 1106 2170 Sic-

110 2187 146 2212 ut
180 2191 270 2212 nunc
305 2191 438 2222 quoque
471 2180 565 2212 multi
600 2187 677 2212 511111
699 2186 912 2222 praestantes
942 2182 1104 2219 doctrina,

110 2225 208 2256 bonis
232 2225 394 2263 moribus,
418 2224 532 2266 specie
545 2224 691 2265 pietatis,
703 2225 759 2265 qui
778 2224 931 2255 videntur
947 2225 1010 2255 sibi
1028 2235 1106 2255 san-

110 2268 260 2299 ctissima
283 2268 406 2306 dicere,
430 2279 503 2299 cum
523 2267 642 2309 procul
666 2268 777 2299 absint
800 2278 914 2299 avera
925 2265 1013 2306 luce,
1037 2269 1104 2300 hoc

110 2317 175 2350 est,
197 2322 218 2342 a
237 2322 319 2343 vero
344 2310 515 2343 intellectu
538 2311 631 2342 verbi
645 2310 719 2343 Dei.
738 2311 792 2342 De
811 2310 933 2343 talibus
956 2312 1104 2343 nondum

110 2353 244 2396 loquor,
276 2366 392 2388 verum
425 2355 535 2387 adhuc
568 2360 695 2386 tantum
729 2354 765 2386 fit
801 2356 924 2387 mentio
949 2355 991 2386 de
1013 2356 1103 2387 veris

109 2399 268 2429 membris
289 2397 481 2436 Ecclesiae,
511 2408 597 2440 quae
630 2409 753 2441 magna
776 2408 818 2429 ex
840 2405 936 2441 parte
958 2405 1036 2431 sunt
1058 2399 1104 2429 in-

110 2441 217 2473 firma.

198 2527 256 2559 Sic
279 2527 380 2570 igitur
407 2528 513 2570 inquit
542 2526 687 2560 Paulus:
727 2528 991 2560 Fundamentum
1014 2527 1103 2560 aliud

111 2580 209 2602 nemo
232 2576 345 2612 potest
367 2582 511 2613 ponere,
546 2576 681 2612 practer
703 2571 736 2603 id
760 2572 850 2613 quod
872 2573 1016 2613 positum
1040 2578 1102 2604 est.

112 2613 181 2646 Sed
203 2613 290 2646 alius
309 2614 567 2657 superaedificat
589 2614 724 2654 aurum,
740 2614 826 2646 alius
849 2613 994 2658 lignum,
1017 2614 1102 2648 alius

132 1191 254 1212 ewnum
289 1180 414 1212 Christi
448 1191 515 1212 non
546 1191 625 1212 esse
658 1179 805 1222 politiam
839 1180 1025 1220 Iudaicam,
1048 1182 1136 1219 50117

1164 1052 1307 1082 11010101.
1355 1050 1453 1086 Quod
1476 1057 1585 1083 autem
1610 1062 1676 1082 non
1700 1054 1743 1082 sit
1766 1052 1841 1084 leve
1866 1060 2031 1091 erratum,
2066 1055 2159 1085 insti-

1163 1100 1258 1126 tuere
1281 1104 1391 1126 novos
1416 1093 1538 1133 cultus,
1562 1105 1665 1136 saepe
1689 1103 1801 1128 monet
1824 1098 2001 1138 scriptura,
2026 1102 2058 1128 et
2077 1098 2160 1129 satis

1163 1138 1330 1180 significat
1360 1137 1447 1169 haec
1477 1149 1544 1170 una
1578 1140 1761 1170 sententia:
1808 1140 1948 1171 Frustra
1972 1139 2085 1171 colunt
2108 1151 2161 1172 me

1162 1182 1326 1213 mandatis
1362 1180 1542 1213 hominum.
1597 1182 1709 1214 Grave
1743 1191 1919 1225 peccatum
1954 1189 2007 1215 est
2041 1189 2160 1216 contra

1160 1226 1302 1267 primum
1336 1232 1563 1266 praeceptum,
1599 1225 1708 1257 cultus
1744 1238 1811 1258 non
1842 1228 2017 1259 mandatos
2041 1238 2061 1258 a
2084 1227 2159 1259 Deo

1161 1270 1344 1307 instituere,
1380 1275 1437 1300 aut
1470 1270 1672 1309 approbare.
1728 1270 1813 1301 Nam
1846 1273 1987 1312 primum
2020 1281 2159 1312 praece—

1160 1319 1253 1354 ptum
1288 1322 1364 1344 cum
1393 1311 1552 1352 prohibet
1575 1312 1704 1344 alienos
1728 1312 1844 1353 Deos,
1879 1315 1977 1346 etiam
2001 1314 2159 1356 prohibet

1160 1355 1287 1387 alienos
1312 1355 1432 1387 cultus.

1249 1441 1440 1484 Cyprianus
1473 1447 1572 1484 urget
1601 1453 1729 1484 poenas
1765 1444 1970 1482 canonicas,
2018 1454 2158 1486 quarum

1161 1492 1241 1518 tunc
1265 1491 1337 1517 erat
1360 1496 1455 1524 usus,
1487 1492 1518 1517 et
1543 1486 1718 1517 confirmat
1742 1487 1937 1528 opiniones,
1972 1488 2068 1529 quasi
2091 1488 2159 1519 siut

1161 1530 1387 1568 necessariae,
1412 1536 1445 1560 et
1467 1536 1605 1571 propter
1628 1541 1686 1561 035
1710 1531 1919 1562 remittantur
1932 1538 2083 1572 peccata,
2108 1531 2158 1562 ln-

1160 1574 1291 1605 terdum
1314 1573 1419 1615 inquit
1442 1573 1688 1604 absolutionem
1712 1575 1783 1605 sine.
1808 1573 1874 1605 illis
1894 1573 2042 1606 inutilem
2067 1584 2156 1607 esse.

1159 1616 1321 1648 Fortasse
1355 1617 1522 1648 sentiebat
1556 1618 1781 1655 commodius,
1816 1629 1914 1659 quam
1937 1617 2070 1650 locutus
2095 1624 2156 1650 est.

1160 1660 1285 1692 Tamen
1316 1659 1362 1691 illi
1396 1670 1529 1692 errores
1553 1671 1621 1691 non
1645 1668 1722 1692 sunt
1746 1660 1855 1699 leves,
1892 1663 1953 1692 sed
1977 1662 2157 1693 admodum

1161 1705 1286 1736 densae
1320 1702 1481 1744 stipulae,
1516 1705 1736 1735 obscurantes
1759 1715 1876 1745 puram
1906 1705 2091 1737 doctrinam
2114 1705 2157 1736 de

1160 1748 1332 1779 beneficiis
1358 1747 1496 1786 Christi,
1521 1753 1553 1778 et
1573 1747 1614 1778 de
1638 1747 1714 1778 fide.

1248 1833 1355 1865 Porro
1391 1844 1494 1875 saepe
1518 1834 1709 1875 Scriptores
1735 1835 1942 1865 commodius
1967 1839 2156 1873 senserunt,

1161 1888 1260 1919 quam
1284 1877 1478 1919 loquuntur,
1503 1879 1579 1919 quia
1603 1876 1754 1919 plerique
1777 1876 1909 1909 fuerunt
1922 1878 2099 1909 admodum
2122 1879 2156 1909 in

1161 1922 1313 1952 docendo
1338 1920 1549 1963 negligentes
1573 1928 1604 1952 et
1628 1922 1810 1963 improprii,
1836 1929 1867 1953 et
1887 1920 2008 1953 multas
2022 1927 2156 1952 senten-

1161 1966 1224 1996 tias
1248 1976 1289 1996 ac
1312 1963 1475 1996 formulas
1497 1976 1518 1996 a
1536 1964 1638 2007 vulgo
1663 1971 1872 2002 mutuantur,
1908 1966 1939 1995 111
1964 1966 2084 2007 quibus
2096 1963 2155 1996 ali-

1161 2010 1240 2050 quid
1263 2009 1351 2040 10051
1374 2020 1535 2047 0110111111,
1559 2008 1602 2040 Ut
1622 2019 1742 2040 nomen
1768 2008 2032 2040 satisfactionum
2057 2009 2156 2040 sumit

1159 2053 1371 2094 Augustinus
1394 2063 1414 2083 a
1437 2051 1553 2094 vulgO,
1579 2053 1707 2083 etiamsi
1732 2062 1865 2083 errores
1889 2053 1930 2083 de
1953 2050 2155 2083 satisfactio-

1159 2097 1256 2127 nibus
1291 2095 1402 2137 palam
1437 2095 1660 2137 reprehendit.
1706 2095 1854 2137 Torquet
1874 2106 1912 2127 se
1936 2097 1968 2127 in
1993 2095 2056 2127 hac
2079 2106 2154 2127 sen-

1158 2141 1260 2171 tentia
1293 2140 1560 2180 interpretanda,
1592 2140 1698 2170 Omne
1728 2146 1902 2180 peccatum
1927 2137 2154 2170 0511010013-

1157 2183 1253 2221 rium,
1278 2184 1334 2214 ubi
1358 2183 1502 2224 disputat
1527 2184 1568 2213 (10
1587 2188 1728 2222 peccato
1753 2183 1910 2224 originis,
1944 2193 2019 2214 cum
2043 2189 2153 2214 tamen

1157 2227 1322 2257 sententia
1340 2226 1383 2256 sit
1402 2224 1499 2257 civile
1522 2225 1658 2264 dictum,
1692 2226 1733 2256 de
1758 2226 1906 2257 externis
1932 2224 2062 2257 delictis
2086 2232 2153 2257 tra-

1158 2269 1271 2300 ditum.

1244 2355 1301 2387 Sic
1325 2361 1449 2387 vocant
1472 2365 1611 2386 coenam
1636 2354 1769 2386 Domini
1794 2355 2012 2393 oblationem,
2037 2355 2152 2397 populi

1156 2409 1261 2437 more,
1296 2410 1370 2430 cnm
1405 2409 1471 2430 non
1505 2399 1548 2429 sit
1571 2400 1723 2430 instituta
1746 2397 1889 2437 oblatio,
1913 2400 1971 2431 sed
1997 2399 2151 2432 Christus

1156 2442 1228 2483 ipse
1252 2441 1351 2474 suerit
1370 2442 1552 2481 Sacerdos,
1574 2453 1670 2474 suum
1694 2442 1839 2473 offerens
1863 2443 2074 2475 sacrificium.
2099 2443 2152 2474 Ac

1157 2496 1200 2517 ne
1223 2485 1321 2517 fiebat
1337 2486 1469 2527 quidem
1490 2484 1567 2516 olim
1590 2487 1623 2517 in
1648 2488 1838 2517 ceremonia
1852 2486 1999 2523 Coenac,
2023 2486 2149 2518 oblatio

1157 2529 1309 2570 corporis
1333 2536 1364 2560 et
1387 2530 1580 2572 sanguinis,
1605 2530 1665 2560 sed
1688 2536 1766 2561 ante
1789 2531 2077 2561 consecrationem
2101 2527 2150 2561 of-

1156 2571 1350 2604 ferebantur
1372 2583 1491 2614 panes,
1515 2578 1548 2604 et
1570 2571 1656 2604 aliae
1676 2583 1741 2608 105,
1765 2582 1797 2604 et
1821 2573 1991 2605 Sacerdos
2016 2573 2149 2605 dicebat

1155 2626 1194 2647 se
1217 2615 1339 2648 offerre
1361 2626 1494 2659 preces,
1518 2617 1699 2659 gratiarum
1716 2618 1894 2655 actionem,
1917 2623 1950 2648 et
1962 2623 2067 2649 totum
2081 2614 2148 2649 cul-

2361 1382 2368 1396 ν
2354 1142 2368 1350 suh-sam..
