2383 2990
211 121 274 152 719
840 119 952 152 PissL.
977 119 1080 151 MEL.
1104 119 1293 153 SCRIPTA
1315 120 1598 153 DOGMATlc-A.
2175 123 2239 156 720

521 218 709 260 Secunda
734 219 864 260 Ratio„
1248 226 1418 258 nunquam
1442 216 1484 247 de
1507 216 1738 248 emendatione
1760 215 1830 248 ulla
1852 218 2097 259 cogitaverunt.
2127 218 2239 254 Quan-

1249 266 1317 290 tum
1357 265 1468 290 autem
1502 258 1616 291 scelus
1651 260 1694 291 sit
1726 260 1853 291 abusus
1886 260 1986 292 huius
2020 261 2238 301 Sacramenfi,

1249 301 1375 333 Paulus
1397 312 1465 333 non
1489 303 1635 334 obscure
1657 302 1842 345 significat,
1877 314 1950 335 cum
1979 305 2021 336 ad
2045 304 2238 337 Corinthios

294 345 399 387 Finge
433 350 541 376 autem
564 354 668 386 posse
690 343 761 375 tolli
785 344 975 386 opinionem
997 342 1195 385 applicatio·
1249 345 1372 386 inquit:
1397 344 1519 376 Probet
1542 356 1581 377 se
1599 347 1708 388 ipsum
1726 346 1842 377 homo:
1867 348 1922 389 qui
1944 348 2079 386 indigne
2103 349 2238 380 mandu-

206 389 270 427 nis,
294 394 405 419 tamen
428 386 552 419 vellent
575 386 622 419 illi
645 388 839 419 conservari
863 386 1086 426 oblationem,
1110 397 1197 430 quae
1251 389 1389 426 caverit,
1422 399 1502 420 reus
1537 390 1598 420 erit
1632 390 1782 431 corporis
1817 396 1850 421 et
1884 382 2057 434 sanguiiiis
2092 391 2237 424 Domini.

206 434 305 465 etiam
338 442 405 463 non
441 438 492 463 est
523 432 673 463 instituta
702 432 735 462 in
758 430 810 462 his
834 432 947 462 verbis
971 430 1107 462 Christi.
1154 430 1196 462 Et
1248 432 1319 463 Nec
1342 432 1476 463 dubium
1500 438 1564 470 est,
1588 431 1699 464 multis
1722 431 1864 474 publicis
1889 439 1921 464 et
1944 425 2083 475 privatis
2107 433 2239 466 calami-

206 476 362 508 Clu-istus
385 473 480 507 solus
504 475 576 516 ipse
599 485 676 506 sese
700 474 837 513 obtulit,
868 485 936 505 non
959 473 1029 505 vult
1053 484 1073 505 a
1096 475 1195 506 nobis
1249 475 1373 506 tatibus
1407 475 1495 507 hunc
1528 476 1669 507 abusum
1693 477 1822 518 puniri:
1866 475 1961 508 Deus
1985 477 2070 508 enim
2093 478 2240 519 graviter

206 520 327 552 offerri.
373 519 466 557 Item,
499 518 574 550 Non
597 517 677 549 licet
698 518 824 550 institui
862 516 986 549 cultum
1010 518 1083 549 sine
1106 528 1196 549 man·
1248 517 1470 550 idololatriam
1494 520 1610 560 punire
1634 518 1733 550 solet.
1779 518 1891 555 Quare
1914 526 1984 551 toto
2004 526 2142 562 pectore
2165 531 2239 553 ora·

206 564 283 595 dato
307 562 381 594 Dei.
430 563 470 593 At
505 560 563 592 tali
586 561 692 593 Missa
724 567 863 599 retenta,
898 567 1050 592 maneret
1084 560 1196 592 cultus
1249 572 1323 593 mus
1337 561 1455 597 Deum,
1479 569 1514 594 ut
1537 569 1680 594 mentem
1704 563 1759 593 det
1783 563 1880 594 etiam
1903 562 1991 601 aliis,
2014 569 2052 595 ut
2063 563 2239 596 Ecclesiae

204 617 273 638 non
297 606 486 644 mandatus,
508 611 656 636 maneret
679 605 765 636 enim
790 615 874 646 opus
898 604 1087 636 distinctum
1105 615 1195 645 apo·
1249 605 1281 636 in
1305 604 1370 636 hac
1392 611 1485 637 tanta
1508 616 1544 637 re
1568 604 1747 637 consulere
1769 606 1937 647 incipiant.

228 649 273 682 uli
297 649 539 686 communione,
562 649 651 690 quod
676 658 792 680 omnes
812 649 974 680 haberent
997 658 1058 688 pro
1083 648 1195 689 singu-

203 661 266 725 lari
301 699 332 724 et
365 693 560 724 necessan'o
595 691 686 723 cultu
709 692 743 723 in
766 690 932 724 Ecclesia.
978 691 1063 722 Cum
1085 698 1196 722 autem
1338 691 1535 734 Quanquam
1569 698 1677 723 autem
1711 691 1796 723 haec
1829 692 1903 734 ipsa
1935 702 2038 724 causa
2058 693 2099 724 de
2129 692 2236 725 Missa

204 747 273 769 non
295 737 338 768 sit
360 736 582 768 instituendus
604 736 688 766 ritus
711 736 783 767 sine
802 735 970 772 mandato,
994 734 1195 765 retineamus
1249 733 1413 774 prolixius
1447 736 1608 776 disputari
1642 742 1770 776 posset,
1805 742 1915 767 tamen
1948 736 2003 767 hic
2026 735 2239 768 fundamenta

204 779 345 812 formam
368 780 522 811 traditam
544 780 576 810 in
590 777 787 821 Evangelio,
812 778 1007 820 praesertim
1025 788 1099 809 cum
1112 776 1196 808 Pau·
1250 779 1395 809 breviter
1430 777 1594 820 complexi
1624 789 1751 810 sumus.
1806 777 1903 810 Ritus
1937 785 2055 811 noster
2086 780 2240 822 congruit

204 823 257 856 lus
281 824 451 865 expressis
475 823 587 854 verbis
610 823 804 864 praecipiat,
827 829 862 853 ut
884 820 1029 863 plurium
1052 821 1095 851 sit
1107 830 1196 851 com·
1251 832 1327 853 cum
1349 822 1556 854 institutione
1579 821 1716 860 Christi,
1751 832 1826 853 cum
1850 821 1968 860 Paulo,
1993 834 2067 855 cum
2090 829 2161 854 tota
2182 834 2239 855 ve·

204 868 330 905 munio,
366 874 399 899 et
432 873 564 898 utamur
597 876 704 897 coena
727 865 861 897 Domini
895 871 1054 906 tanquam
1076 864 1197 896 Sacra-
1219 887 1226 1031 Ι
1250 865 1311 896 teri
1346 863 1512 896 Ecclesia.
1558 864 1656 896 Ratio
1690 866 1731 896 dc
1764 876 1829 896 usu
1852 865 2060 897 Sacramenti
2094 876 2137 897 ex
2159 877 2241 898 vera

204 917 316 942 mento
351 910 393 942 ad
418 911 516 941 fidem
535 909 745 941 excitandam
770 915 802 940 et
825 908 1019 950 erigendam
1042 907 1196 938 recorda·
1250 908 1413 946 doctrina,
1447 909 1489 939 de
1523 908 1691 940 sacrificio
1715 907 1851 947 Christi,
1875 915 1908 940 et
1938 910 1980 941 de
2002 910 2126 941 iustitia
2149 909 2240 948 fidei,

204 955 294 986 tione
320 953 557 985 beneficiorum
581 952 716 990 Christi,
750 962 790 983 ac
815 952 934 983 deinde
958 960 1097 992 agamus
1121 960 1197 992 gra·
1248 958 1381 993 sumpta
1404 957 1465 982 est.
1511 951 1604 982 Haec
1626 957 1703 982 sunt
1727 959 1831 989 certa,
1865 951 1960 984 firma
1994 959 2026 984 et
2048 953 2242 994 perspicua,

204 998 268 1029 tias
293 996 444 1035 Christo,
480 1006 541 1037 pro
564 994 762 1027 liberatione
786 1001 887 1027 tanta.
933 994 1007 1026 Non
1032 993 1196 1036 fingamus
1248 1005 1311 1025 nec
1335 995 1440 1026 everti
1462 1001 1617 1036 possunt,
1640 995 1768 1026 etiamsi
1791 994 1949 1026 fortassis
1973 994 2073 1037 aliqui
2086 995 2241 1038 sophisti-

204 1041 427 1073 ceremoniam
461 1041 566 1081 ipsam
601 1050 642 1070 ex
672 1049 776 1080 opere
806 1044 945 1079 operato
969 1047 1048 1069 esse
1072 1036 1196 1068 cultum
1219 1032 1224 1063 l
1249 1039 1297 1069 cis
1331 1038 1536 1080 argumentis
1568 1048 1732 1070 excusare
1766 1044 1799 1068 et
1821 1038 1938 1070 fucare
1967 1038 2093 1070 Missas
2115 1037 2241 1071 volent.

205 1090 260 1116 aut
283 1084 495 1115 sacrificium.
543 1082 635 1114 Haec
668 1081 728 1113 fuit
752 1081 959 1113 consuetudo
984 1081 1108 1112 veteris
1132 1079 1196 1112 Ec·
1248 1081 1381 1113 Scimus
1406 1082 1492 1112 enim
1515 1081 1667 1112 homines
1692 1080 1834 1112 callidos
1859 1080 1971 1113 solere
1994 1092 2128 1113 errores
2153 1081 2240 1114 fucis

200 1125 345 1159 'clesiae2
374 1127 459 1158 Nam
483 1125 554 1158 fere
577 1136 683 1168 usque
702 1127 743 1157 ad
769 1125 969 1167 Gregorium
992 1123 1104 1156 nullae
1126 1122 1195 1154 fue·
1219 1151 1224 1179 5
1248 1125 1447 1166 quibusdam
1482 1125 1632 1167 pingere.
1683 1125 1752 1155 Sed
1782 1125 1838 1166 qui
1867 1123 1983 1156 volent
2017 1124 2146 1167 gloriae
2174 1124 2240 1157 Dei

203 1176 280 1203 runt
302 1171 455 1212 privatae
479 1169 615 1201 Missae.
661 1169 857 1200 Adversam'i
881 1169 987 1200 nostri
1011 1167 1195 1205 clamitant,
1218 1181 1224 1231 Ι
1248 1169 1388 1207 servire,
1412 1174 1446 1199 et
1457 1167 1632 1199 Ecclesiae
1651 1167 1751 1198 saluti
1775 1166 1966 1206 consulere,
1989 1169 2162 1200 veritatem
2183 1179 2241 1201 an-

202 1225 292 1247 nunc
315 1224 378 1246 nos
402 1214 576 1245 discedere
600 1213 642 1244 ab
666 1212 844 1244 Ecclesiae
868 1212 1126 1249 consuetudine,
1162 1216 1195 1241 et
1247 1210 1391 1244 teserant
1413 1210 1543 1243 fucosis
1565 1218 1598 1243 et
1621 1210 1817 1252 sophisticis
1840 1212 2036 1243 rationibus·
2082 1210 2117 1243 ld
2143 1213 2241 1244 decet

202 1257 387 1300 magnifieri
411 1255 562 1299 exempla
586 1255 760 1288 Ecclesiae
781 1257 959 1298 postulant.
1005 1255 1073 1286 Sed
1097 1254 1194 1285 nobis
1218 1234 1224 1285 i
1248 1265 1365 1286 omnes
1389 1255 1445 1296 qui
1470 1255 1577 1286 Deum
1600 1252 1727 1293 timent,
1751 1255 1807 1296 qui
1831 1261 1922 1286 recte
1944 1256 2102 1287 invocare
2118 1254 2239 1294 Deum,

203 1301 353 1333 iniuriam
377 1299 517 1332 faciunt:
541 1300 626 1331 Nam
650 1300 713 1341 ipsi
737 1310 756 1331 a
780 1309 880 1330 verae
903 1297 1079 1330 Ecclesiae
1103 1307 1194 1329 more
1248 1304 1281 1330 et
1305 1296 1482 1330 consulere
1506 1296 1683 1330 Ecclesiae
1705 1298 1853 1339 cupiunt.

204 1351 235 1376 et
259 1342 411 1386 exemplo
444 1344 681 1381 discesserunt,
715 1352 824 1374 novos
849 1341 959 1374 cultus
983 1346 1194 1382 receperunt,

203 1388 349 1420 humana
372 1388 554 1419 temeritate
578 1387 808 1429 excogitatos,
837 1386 973 1429 ignotos
999 1385 1105 1416 veteri
1131 1383 1194 1415 Ec·
1338 1383 1443 1416 Valde
1473 1384 1580 1415 mirati
1614 1393 1729 1415 sumus
1753 1382 1932 1425 Anglicum
1952 1384 2135 1423 decretum,
2164 1394 2241 1416 curn

205 1431 340 1464 elegiae,
1246 1426 1340 1459 nulla
1374 1427 1562 1459 emendatio
1596 1428 1761 1458 abusuum
1783 1426 1911 1458 Missae
1933 1433 2160 1468 proponatur,
2191 1433 2241 1459 ta-

1247 1481 1321 1502 men
1346 1469 1540 1512 simpliciter
1561 1470 1606 1502 ibi
1627 1469 1795 1501 stabilitur
1822 1471 1954 1511 privata
1977 1469 2095 1502 Missa.
2140 1469 2242 1502 Mira-

290 1517 477 1560 Dionysius
501 1516 699 1548 describens
723 1516 820 1547 ritum
844 1515 1035 1558 SynaxeoS‚
1057 1523 1101 1546 nc
1123 1514 1194 1556 qui·
1247 1525 1321 1546 mur
1343 1514 1532 1555 Episcopus
1566 1512 1735 1544 affirmare
1757 1512 1898 1544 Missam
1932 1513 2160 1545 necessariam
2188 1523 2242 1544 es·

205 1563 279 1594 dem
303 1563 451 1593 nominat
475 1559 690 1598 oblationem,
715 1569 789 1590 cum
812 1559 943 1601 quidem
956 1559 988 1589 in
1002 1557 1194 1589 describen-
1247 1568 1298 1595 se,
1332 1569 1407 1589 cum
1431 1557 1564 1589 circiter
1587 1567 1695 1588 annos
1718 1556 1983 1598 quadringentos
2006 1554 2105 1588 suerit
2126 1557 2243 1598 ignota

205 1607 256 1638 dis
281 1604 479 1637 ceremoniis
503 1604 680 1635 admodum
705 1601 848 1645 diligens
872 1601 980 1634 fuen‘t.
1026 1601 1069 1632 Et
1091 1599 1194 1642 appli-
1247 1601 1373 1643 primae
1402 1606 1435 1632 et
1462 1601 1589 1642 puriori
1612 1598 1799 1632 Ecclesiae.
1845 1600 1899 1630 An
1923 1598 1981 1631 illa
2003 1609 2059 1630 res
2082 1609 2242 1632 necessa-

206 1650 292 1682 catio
327 1658 469 1691 prorsus
502 1648 618 1689 ignota
641 1652 693 1678 est
718 1647 905 1678 veteribus:
946 1645 1030 1677 Nam
1053 1643 1194 1676 Latinus
1248 1645 1316 1676 rias
1339 1645 1541 1686 ignorabat?
1565 1646 1599 1675 ln
1613 1643 1769 1676 Ecclesia
1792 1643 2014 1675 verecundius
2027 1643 2242 1684 pronuntian-

205 1692 321 1725 Canon
345 1702 434 1723 nova
456 1691 619 1733 quaedam
643 1689 837 1731 Bhapsodia
861 1694 929 1727 est,
952 1687 1110 1730 paulatim
1133 1698 1195 1719 au·
1249 1689 1325 1719 du'm
1349 1694 1440 1718 erat:
1465 1687 1500 1718 Si
1523 1687 1674 1729 privatae
1691 1685 1820 1718 Missae
1842 1692 1921 1717 sunt
1943 1686 2169 1725 necessariae,
2191 1691 2242 1718 to-

206 1742 271 1774 cta,
294 1742 328 1767 ut
353 1735 537 1778 Gregorius
560 1739 718 1772 testatur,
748 1733 801 1775 qui
821 1732 908 1764 hanc
928 1732 1067 1764 sormam
1091 1731 1195 1773 inquit
1219 1704 1224 1784 Ι
1247 1738 1280 1762 ta
1314 1737 1412 1762 vetus
1436 1729 1590 1762 Ecclesia
1624 1731 1812 1761 damnatur.
1859 1728 1958 1764 Quod
1991 1739 2074 1760 vero
2096 1730 2240 1767 additur,

206 1778 380 1811 collectam
414 1789 491 1810 esse
527 1788 547 1809 a
570 1777 733 1819 quodam,
768 1786 865 1818 quem
889 1782 988 1807 vocat
1012 1773 1197 1806 Scholasti-
1219 1791 1224 1819 ι
1248 1773 1372 1816 populo
1396 1784 1455 1805 eas
1479 1773 1604 1805 Missas
1628 1774 1670 1804 ad
1695 1774 1849 1815 pietatem
1868 1773 2052 1813 prodesse,
2085 1773 2243 1815 ambigue

1219 1821 1224 1835 l

1219 1839 1224 1855 l

207 1833 292 1855 cum.
338 1822 379 1853 Et
415 1821 523 1853 differt
547 1821 579 1852 in
602 1819 688 1852 locis
712 1820 901 1862 insignibus
925 1830 945 1850 a
968 1818 1109 1849 Graecis
1133 1816 1196 1849 Ca·
1248 1818 1357 1860 posita
1379 1823 1430 1848 est
1455 1817 1634 1855 sententia,
1650 1823 1698 1855 ut,
1723 1817 1785 1848 etsi
1806 1815 1983 1857 applicatio
2007 1826 2074 1846 non
2093 1817 2242 1848 nomina·

207 1867 360 1904 nonibus,
385 1871 461 1896 sunt
485 1865 571 1896 enim
595 1864 679 1902 duo,
704 1863 761 1905 qui
785 1870 817 1894 et
841 1863 902 1904 ipsi
922 1863 1006 1894 inter
1029 1872 1068 1892 se
1091 1861 1124 1892 in
1147 1860 1196 1892 lo·
1249 1868 1314 1899 tur,
1336 1867 1446 1892 tamen
1469 1871 1565 1892 error
1587 1861 1620 1891 in
1640 1860 1758 1892 animis
1782 1857 1895 1901 populi
1919 1860 2143 1891 confirmetur.
2174 1859 2240 1891 De·

207 1910 255 1942 cis
278 1910 464 1951 insignibus
488 1908 653 1940 differunt.
699 1906 782 1938 lllud
806 1913 913 1938 autem
938 1905 1029 1947 quod
1052 1905 1085 1935 in
1108 1904 1197 1935 Lati·
1250 1905 1326 1936 inde
1361 1904 1491 1936 etiamsi
1524 1914 1592 1935 non
1611 1902 1727 1934 volunt
1752 1904 1950 1934 confirmare
1973 1901 2244 1944 applicationem,

206 1964 249 1985 no
273 1952 412 1984 Canone
435 1952 581 1994 ponitur,
601 1950 712 1982 offerri
733 1949 797 1982 boc
816 1949 1033 1987 sacrificium,
1057 1954 1093 1980 ut
1112 1948 1196 1978 redi-
1250 1948 1312 1980 sed
1346 1954 1474 1979 tantum
1507 1948 1552 1978 ita
1575 1947 1738 1988 prodesse
1768 1944 1952 1987 exemplum
1972 1951 2129 1983 censent,
2163 1946 2242 1987 quia

205 2003 336 2028 mantur
358 1996 425 2027 vivi
448 2002 480 2027 et
503 1995 635 2033 mortui,
659 2004 823 2036 nusquam
847 1999 899 2024 est
921 1994 953 2023 in
979 1991 1110 2023 Graeco
1135 1990 1197 2022 Ca·
1251 1989 1394 2034 populus
1418 1991 1625 2028 admonetur,
1647 1997 1682 2021 ut
1707 1990 1830 2031 cogitet
1855 1990 1896 2020 de
1919 1989 2080 2030 passione
2104 1987 2240 2028 Christi,

206 2050 305 2072 noue.
349 2039 590 2080 Repudiandus
624 2043 677 2069 est
706 2038 806 2079 igitur
836 2036 973 2067 Latinus
996 2034 1130 2073 Canon,
1164 2035 1197 2065 in
1221 2031 1226 2061 Ι
1251 2044 1360 2067 tamen
1384 2033 1462 2076 plus
1488 2040 1585 2065 nocet
1608 2033 1673 2064 hoc
1696 2031 1941 2074 spectaculum,
1970 2032 2049 2074 quia
2070 2032 2102 2062 in
2126 2031 2241 2064 Missis

207 2094 272 2126 quo
295 2083 434 2114 traditur
456 2081 647 2123 applicatio,
668 2087 785 2112 contra
807 2080 994 2111 doctrinam
1018 2079 1059 2109 de
1072 2078 1197 2109 sacrifi·
1222 2068 1226 2118 Ι
1253 2077 1427 2119 Papisticis
1461 2076 1551 2108 haud
1587 2077 1686 2108 dubie
1721 2075 1891 2118 multiplex
1927 2076 2011 2106 inest
2036 2073 2239 2114 idololatria,

206 2127 258 2158 cio
283 2125 418 2164 Christi,
441 2131 474 2157 et
496 2126 537 2156 de
559 2125 682 2156 iustitia
707 2124 801 2155 fidei:
825 2129 856 2154 et
880 2123 991 2154 insunt
1015 2120 1080 2152 alia
1098 2132 1198 2163 quae·
1222 2121 1226 2166 Ι
1250 2131 1354 2164 quare
1377 2118 1520 2162 populus
1543 2120 1588 2151 ibi
1611 2120 1757 2162 adigitur
1792 2120 1834 2150 ad
1858 2117 2101 2150 idololatricam
2123 2119 2241 2150 adora-

207 2170 282 2201 dam
305 2169 465 2208 absurda,
490 2169 612 2200 mentio
636 2166 888 2199 intercessionis
907 2172 1110 2197 sanctorum.
1157 2164 1197 2195 Et
1222 2178 1226 2223 Ι
1251 2166 1393 2196 tionem:
1418 2164 1502 2194 Nam
1527 2163 1780 2194 Sacramentum
1804 2169 1897 2194 extra
1920 2173 2017 2193 usum
2042 2162 2240 2199 institutum,

207 2213 377 2245 Sacerdos
402 2223 478 2244 cum
502 2213 590 2243 dicat
612 2222 651 2243 se
675 2211 795 2242 oss'crre
818 2208 935 2242 Filium
958 2209 1034 2247 Dei,
1059 2209 1139 2250 petit
1164 2214 1197 2239 ut
1250 2219 1316 2240 non
1351 2213 1403 2239 est
1427 2207 1691 2238 Sacramentum.
1738 2206 1831 2238 Haec
1865 2205 2031 2237 sententia
2065 2206 2242 2236 verissima

207 2256 332 2288 oblatio
365 2256 450 2287 haec
483 2255 621 2297 perinde
643 2254 792 2296 placeat,
816 2259 851 2284 ut
874 2252 1075 2284 sacrificium
1098 2250 1197 2283 Abel.
1221 2226 1226 2292 i
1251 2259 1313 2283 est.
1359 2251 1436 2282 ldeo
1462 2257 1627 2291 optamus,
1652 2257 1684 2281 ut
1710 2248 1869 2281 liberetur
1892 2247 2047 2280 Ecclesia
2070 2249 2112 2279 ab
2136 2247 2241 2280 idolo·

207 2300 299 2332 Haec
322 2298 461 2331 confuse
485 2305 518 2331 et
541 2299 703 2330 inerudite
726 2299 768 2329 ab
792 2297 927 2328 indocto
950 2295 1060 2338 aliquo
1074 2306 1196 2337 conge·
1222 2297 1225 2329 Ι
1250 2294 1365 2333 latria,
1400 2300 1432 2325 et
1455 2293 1524 2324 veri
1548 2292 1656 2325 cultus
1680 2295 1905 2330 restituantur,
1940 2297 2076 2334 propter
2099 2289 2239 2335 gloriam

209 2350 260 2376 sta
294 2350 443 2384 apparet,
477 2349 509 2374 et
543 2352 629 2384 opus
664 2342 789 2373 habere
824 2340 1057 2372 emendatione
1080 2349 1197 2370 omnes
1222 2332 1225 2357 ¹
1251 2339 1313 2370 Dei
1336 2344 1369 2369 et
1390 2335 1533 2369 salutem
1555 2336 1678 2378 populi.

209 2388 328 2418 eruditi
351 2385 548 2429 intelligunt.
596 2386 646 2417 Ac
670 2383 823 2426 profecto
847 2382 1123 2425 reprehendenda
1147 2388 1198 2412 est

208 2430 450 2472 Episcoporum
475 2428 690 2472 negligentia,
713 2430 767 2470 qui
791 2433 840 2459 tot
863 2425 999 2465 seculis,
1019 2437 1093 2458 cum
1107 2426 1198 2456 vide·

209 2479 283 2505 rent
315 2472 510 2505 manifestos
546 2483 623 2504 esse
647 2472 829 2504 Missarum
862 2471 990 2502 abusus
1025 2468 1197 2511 plurimos,

1615 2424 1659 2466 τῷ
1682 2424 1750 2466 θεῷ
1773 2422 1856 2461 δόξα.
