2383 2990
158 135 222 168 237

155 230 267 263 omnia
289 238 363 260 mea
385 233 530 270 peccata
550 234 690 269 propter
711 227 820 260 lesum
842 227 1009 259 Christum
1032 225 1151 258 Filium

154 279 246 307 tuum
268 271 450 304 Dominum
472 277 636 311 nostrum,
661 272 858 304 crucifixum
880 283 942 314 pro
971 271 1087 309 1101115,
1117 277 1150 302 61

153 317 404 354 resuscitatum,
418 315 504 356 λόγον
523 318 574 346 καὶ
587 316 687 346 εἰκόνα
703 327 757 347 σου
778 315 888 355 ἀΐδιον,
902 325 999 356 quem
1012 314 1149 346 voluisti

154 371 216 403 pro
240 360 338 391 nobis
362 369 441 391 esse
464 360 632 391 victimam
654 362 705 390 καὶ
726 363 850 399 μεσίτην
872 361 923 389 καὶ
947 360 1058 396 ἱκέτην,
1092 359 1150 389 1111-

153 403 260 437 1311ᾱο
295 409 328 435 et
348 402 564 435 inenarrabili
589 401 748 441 consilio,
783 408 816 434 et
838 401 1025 439 sanctifica,
1051 402 1148 440 doce,

155 448 325 491 guberna,
359 447 509 478 accende
532 447 638 478 corda
661 452 693 478 et
715 446 842 477 animas
866 451 1000 476 nostras
1025 445 1149 486 Spiritu

155 497 275 523 sancto
298 496 367 529 tuo,
392 489 516 533 collige
539 491 597 522 tibi
620 500 754 531 semper
765 487 952 520 Ecclesiam
978 495 1149 520 aeternam

153 535 241 567 inter
263 544 339 573 1105,
364 540 397 565 61
416 544 490 566 63111
513 534 634 576 regim,
657 539 689 564 et
714 533 756 564 da
775 533 805 564 ei
829 532 1010 574 tranquilla
1034 538 1065 563 et
1089 531 1149 563 ho-

153 583 252 610 nesta
275 576 430 619 hospitia,
455 578 568 619 mitiga
591 587 731 618 poenas,
755 582 787 607 et
809 576 842 607 in
865 576 915 607 ira
933 582 990 608 tua
1008 576 1147 608 iustissi-

153 632 220 661 ma,
242 622 424 652 immensae
449 620 700 652 misericordiae
722 620 930 658 recorderis,
964 625 1000 651 ut
1023 620 1065 651 sit
1090 619 1149 651 ali-

153 675 222 708 qua
243 663 400 696 Ecclesia
428 670 461 696 te
490 674 570 696 vere
592 664 756 695 invocans
779 669 812 695 et
836 661 1033 702 celebrans,
1062 664 1149 695 sicut

153 708 346 750 promisisti,
369 708 542 750 inquiens:
577 706 721 748 Propter
739 717 860 738 nomen
883 717 991 738 meum
1015 717 1149 739 amove-

154 753 199 783 bo
222 750 369 783 furorem
392 761 511 790 meum,
535 757 569 782 et
591 749 691 782 laude
715 761 790 782 mea
802 750 943 782 frenabo
968 756 1012 790 te,
1035 762 1078 783 ne
1101 752 1149 782 in-

152 800 275 827 tei-eas,
320 794 464 836 Propter
496 804 560 832 me,
595 800 734 837 propter
755 804 809 826 me
838 792 976 833 faciam,
1000 801 1036 827 ut
1060 793 1150 827 blas-

153 837 265 880 phemi
290 836 546 870 confundantur.

241 914 334 948 Talis
364 914 473 947 forma
507 916 667 948 discernit
695 926 811 948 veram
834 916 1083 948 invocationem
1106 917 1148 947 ab

153 959 299 998 ethnica,
323 959 467 991 Turcica
491 965 524 991 61
547 960 696 998 Iudaica,
721 965 754 991 et
777 960 819 991 de
837 958 950 992 multis
974 959 1050 991 fidei
1075 960 1150 991 arti-

153 1002 256 1042 culis,
284 1008 317 1034 et
340 1003 528 1044 praecipuis
547 1003 828 1046 promissionibus
852 1009 885 1035 et
909 1002 1149 1035 consolationi-

152 1046 216 1078 bus
240 1047 313 1088 pias
337 1052 467 1079 mentes
492 1045 759 1079 commonefacit.

237 1142 415 1175 Postremo
446 1148 479 1174 et
502 1141 569 1174 hoc
593 1148 687 1174 certo
711 1148 910 1181 statuamus,
940 1152 1003 1174 nec
1033 1141 1148 1184 plures

149 1195 317 1227 personas
341 1186 534 1224 divinitatis,
559 1196 658 1228 quam
681 1191 752 1218 tres
775 1196 865 1224 esse,
888 1196 950 1217 nec
970 1187 1147 1227 pauciores

151 1238 242 1267 esse,
265 1240 330 1262 nec
352 1228 447 1261 alias.
495 1229 615 1270 Sitque
639 1239 773 1271 semper
796 1230 828 1261 in
853 1235 1039 1271 conspectu
1062 1230 1148 1261 haee

151 1272 316 1303 doctrina.
362 1272 437 1304 Non
463 1271 559 1304 aliter
582 1273 624 1304 de
647 1273 795 1304 essentia
830 1279 862 1304 et
885 1273 1060 1304 voluntate
1083 1273 1149 1304 Dei

151 1316 360 1347 sentiendum
379 1326 468 1355 esse,
495 1326 593 1357 quam
616 1317 703 1347 sicut
725 1327 763 1347 se
787 1315 945 1358 patefecit
966 1317 1054 1357 ipse,
1078 1318 1149 1349 iux-

150 1365 185 1390 ta
207 1357 305 1390 illud:
330 1359 465 1391 Patrem
488 1370 586 1391 nemo
610 1361 716 1398 novit,
739 1359 802 1390 nisi
821 1359 938 1398 Filius,
965 1367 997 1391 et
1021 1360 1072 1391 cui
1097 1360 1149 1391 Fi-

149 1401 214 1434 lius
237 1401 327 1434 volet
350 1400 512 1434 revelare.
536 1402 628 1440 Item,
653 1403 751 1434 Hunc
774 1404 896 1434 audite.
937 1403 1073 1435 Certum
1097 1409 1149 1435 est

150 1451 260 1477 autem
279 1456 320 1477 ex
343 1447 511 1488 baptismo
536 1445 672 1485 Christi,
696 1452 728 1478 et
749 1457 791 1478 ex
814 1445 926 1478 multis
949 1448 1147 1479 testimoniis

151 1489 272 1529 citatis,
297 1495 367 1522 tres
390 1499 556 1531 personas
581 1490 738 1522 divinitus
769 1489 957 1531 patefactas
981 1501 1077 1529 esse,
1115 1497 1147 1522 et.

150 1542 215 1565 nec
248 1532 363 1575 plures
397 1544 462 1565 1166
495 1532 578 1565 alias
609 1533 800 1574 patefactas
825 1544 901 1566 esse
926 1541 1059 1576 praeter
1082 1534 1145 1566 has

150 1577 259 1618 ipsas,
293 1587 380 1618 quae
413 1578 446 1609 in
481 1578 594 1609 verbis
619 1578 772 1619 baptismi
796 1585 1024 1610 recensentur.
1070 1578 1146 1610 Non

149 1621 249 1663 igitur
278 1619 381 1660 aliae,
414 1626 471 1653 aut
505 1620 621 1663 plures
655 1627 712 1653 aut
743 1622 921 1663 pauciores
945 1623 1146 1665 cogitandae

150 1670 239 1696 sunt.

237 1750 281 1783 Et
318 1751 374 1783 hic
407 1762 427 1783 a
469 1752 532 1793 piis
569 1752 746 1783 damnandi
785 1758 818 1784 et
851 1753 1031 1784 execrandi
1067 1759 1145 1785 sunt

151 1793 267 1827 omnes
291 1793 436 1834 furores,
460 1796 609 1838 gentium
633 1802 666 1827 et
690 1795 830 1827 aliarum
853 1802 1035 1834 sectarum,
1060 1807 1145 1838 quae

149 1839 237 1870 113116
274 1839 462 1870 doctrinam
496 1845 739 1880 corruperunt,
780 1845 815 1871 ut
849 1839 984 1872 Ethnici
1019 1840 1145 1872 infinita

148 1881 240 1914 idola
269 1882 487 1921 invocarunt,
519 1893 606 1925 quae
635 1884 698 1914 etsi
727 1881 828 1924 aliqui
863 1882 1143 1926 philosophantes

148 1931 259 1959 astute
281 1926 490 1969 interpretati
513 1933 603 1964 sunt,
628 1933 741 1959 tamen
765 1928 1056 1968 interpretationes
1076 1938 1143 1959 non

148 1975 340 2012 congruunt
366 1970 410 2002 ad
439 1980 553 2002 veram
577 1971 765 2002 doctrinam
782 1971 823 2002 de
846 1970 941 2010 Deo,
967 1978 1144 2004 sonantem

147 2013 181 2046 in
200 2013 367 2047 Ecclesia.
414 2013 471 2045 Sic
495 2013 680 2053 Hesiodus,
709 2015 759 2046 sic
783 2014 1010 2046 Valentiniani
1038 2015 1144 2046 infini-

149 2063 218 2090 tam
236 2058 368 2090 turbam
392 2057 531 2090 deorum
554 2059 799 2101 excogitarunt,
834 2057 1023 2090 Manichaei
1047 2059 1144 2099 duos,

148 2100 282 2134 Bonum
295 2107 328 2133 et
338 2100 476 2140 Malum,
499 2111 562 2133 seu
585 2103 652 2143 φῶς
674 2104 724 2133 καὶ
748 2102 870 2142 σκότος,
898 2103 1024 2144 pariter
1048 2114 1145 2134 coae-

147 2146 264 2177 ternos
296 2145 501 2178 conditores,
556 2145 787 2185 Mahometus,
822 2151 858 2178 ut
891 2146 1144 2187 Samosatenus,

150 2188 321 2221 contendit
331 2189 463 2221 unicam
481 2199 560 2221 esse
577 2200 771 2232 personam,
794 2189 904 2222 Deum
923 2191 1142 2230 conditorem,

152 2237 185 2264 et
207 2238 310 2275 negat
333 2242 411 2265 6556
433 2238 581 2274 patrem,
615 2233 750 2266 Domini
773 2235 882 2267 nostri
911 2234 988 2266 lesu
1018 2233 1144 2266 Christi

150 2276 301 2308 crucifixi
323 2287 385 2318 pro
408 2277 520 2316 nobis,
541 2283 573 2308 et
596 2278 799 2310 resuscitati.
843 2277 886 2309 Et
917 2278 1088 2310 contendit
1110 2279 1144 2310 in

149 2319 285 2352 Christo
320 2326 447 2352 tantum
490 2330 567 2352 esse
591 2320 770 2353 humanam
792 2328 967 2361 naturam,
1001 2332 1065 2354 nec
1088 2332 1142 2353 as-

150 2364 290 2396 sentitur
314 2363 472 2406 Spiritum
495 2370 647 2397 sanctum
670 2376 851 2407 personam
875 2376 968 2405 esse,
1002 2366 1065 2397 sed
1089 2376 1144 2398 co-

149 2408 233 2450 gitat
255 2417 334 2439 esse
355 2407 572 2450 agitationem
596 2414 743 2441 creatam
765 2410 798 2441 in
821 2408 976 2449 homine,
1000 2416 1037 2442 ut
1065 2410 1144 2442 dici-

149 2461 224 2484 mus
246 2451 406 2484 heroicos
429 2457 540 2484 motus
562 2451 596 2483 in
619 2453 700 2485 viris
722 2451 876 2486 fortibus.

238 2538 395 2581 Longum
418 2544 511 2571 esset
541 2539 684 2571 recitare
707 2540 852 2573 omnium
875 2547 1063 2583 temporum
1094 2539 1143 2573 fu-

150 2592 267 2622 rores,
301 2593 388 2624 quos
417 2583 541 2625 sparsit
575 2582 730 2615 diabolus
763 2584 796 2616 in
831 2595 958 2627 genere
985 2584 1143 2624 humano,

803 132 861 165 lv.
884 130 1146 164 ENARRATIO
1169 128 1372 165 SYMBOLI
1394 129 1556 164 NICENI.

2131 134 2197 168 238

1201 229 1439 269 ἐπιχαιρέκακος,
1465 225 1649 258 delectatur
1669 226 1821 259 horribili
1850 228 1984 260 miseria
2014 227 2195 271 hominum,

1203 281 1278 302 cum
1307 281 1366 302 605
1398 272 1569 302 erroribus
1598 269 1785 303 fascinatos
1820 270 1947 313 impulit
1980 273 2012 304 in
2048 274 2192 307 exitium.

1203 314 1271 345 Sed
1294 320 1403 346 tamen
1427 324 1569 346 neeesse
1599 320 1650 346 est
1680 316 1753 356 pios
1779 317 1906 347 moneri
1936 316 1976 347 de
2009 314 2074 347 illis
2105 315 2195 349 furo-

1202 358 1308 396 ribus,
1331 364 1365 389 ut
1385 358 1549 390 adversus
1570 368 1630 390 eos
1648 369 1730 390 vera
1754 359 1905 391 doctrina
1928 360 2118 391 muniantur
2140 371 2194 402 pe·

1203 407 1310 439 ctora,
1333 401 1398 432 imo
1421 408 1456 433 ut
1480 403 1577 433 etiam
1601 403 1794 434 ardentibus
1819 404 1905 434 votis
1925 404 2062 435 assidue
2085 403 2194 436 Deum

1202 455 1354 483 oremus,
1388 451 1423 476 ut
1447 451 1584 486 propter
1608 445 1744 484 Filium,
1780 446 1906 487 Spiritu
1936 453 2054 479 sancto
2078 458 2194 480 veram

1202 489 1387 520 doctrinam
1411 489 1453 519 ab
1477 489 1551 529 ipso
1575 488 1793 529 patefactam,
1817 496 1849 521 et
1872 501 1987 522 veram
2011 491 2194 522 invocatio-

1201 542 1276 563 nem
1305 533 1338 563 in
1366 532 1532 563 mentibus
1555 533 1680 563 nostris
1705 534 1884 572 accendat,
1919 545 1982 566 nec
2015 535 2102 565 sinat
2130 545 2193 567 nos

1202 577 1244 607 ab
1268 576 1342 617 ipso
1367 576 1536 614 aberrare,
1559 576 1620 607 sed
1643 583 1782 617 propter
1800 587 1894 608 suam
1918 576 2057 620 gloriam
2075 579 2195 619 guber-

1201 625 1258 650 net
1281 629 1356 657 1105,
1381 625 1415 650 111
1438 629 1517 651 vere
1540 620 1647 660 ipsum
1672 630 1908 662 agnoscamus„
1934 628 1965 652 et
1985 622 2193 661 invocemus,

1203 663 1291 704 quod
1319 668 1357 695 ut
1383 663 1417 694 in
1440 664 1538 695 nobis
1569 663 1712 702 efficiat,
1743 670 1812 696 toto
1846 672 1986 706 pectore
2016 675 2090 698 eum
2121 676 2192 705 010,

1202 707 1323 738 Α111611.

1290 784 1380 816 Η366
1416 786 1458 817 de
1495 785 1600 826 primo
1634 784 1775 817 articulo
1811 785 1978 828 Symboli,
2015 786 2125 818 Credo
2160 788 2193 818 in

1202 839 1304 861 unum
1338 828 1446 860 Deum
1487 829 1757 869 omnipotentem.
1821 830 1979 871 Sequitur
2022 831 2192 863 secundus

1202 871 1376 904 Articulus
1401 874 1442 904 de
1466 871 1653 904 Creatione.

1233 1083 1527 1126 SECUNDUS
1558 1083 1880 1126 ARTICULUS
1906 1084 2162 1127 SYMBOLi

1466 1162 1541 1203 DE
1588 1161 1924 1204 CREATIONE.

1442 1266 1634 1321 Sequitur
1665 1268 1706 1307 in
1738 1266 1952 1322 Symbolo:

1201 1359 1238 1405 F
1236 1366 1409 1407 actorem
1438 1360 1537 1406 coeli
1573 1366 1611 1406 et
1641 1366 1788 1414 terrae,
1822 1361 2025 1407 visibilium
2066 1367 2104 1407 et
2135 1363 2191 1408 in-

1486 1430 1689 1476 re'se'ltilizme
1721 1431 1900 1476 omm'um.

1287 1549 1329 1582 Et
1353 1552 1394 1582 de
1416 1550 1491 1583 Deo
1515 1549 1677 1583 illustrior
1699 1551 1815 1583 notitia
1838 1550 1983 1594 fulgeret
2018 1553 2052 1584 in
2074 1553 2189 1584 menti—

1200 1595 1264 1626 bus
1287 1593 1467 1634 hominum,
1491 1596 1518 1627 si
1538 1595 1622 1627 haec
1641 1595 1811 1627 hominum
1830 1602 1948 1627 natura
1967 1606 2033 1628 non
2054 1596 2191 1639 langue-

1199 1637 1290 1670 facta
1323 1646 1415 1670 esset
1450 1645 1528 1681 post
1562 1640 1658 1671 Adae
1691 1638 1839 1681 lapsum,
1882 1646 1914 1671 et
1948 1639 2110 1672 articulus
2152 1640 2193 1671 de

1200 1682 1378 1714 Creatione
1401 1684 1508 1725 magis
1531 1682 1784 1725 intelligeretur,
1808 1690 1839 1715 et
1863 1683 1895 1714 in
1920 1693 1959 1714 eo
1982 1685 2089 1726 magis
2114 1694 2192 1715 con-

1199 1727 1388 1767 spiceretur
1410 1726 1517 1758 Deus.
1570 1727 1668 1759 Nunc
1692 1738 1773 1759 vero
1798 1734 1830 1758 et
1854 1728 1885 1758 in
1908 1726 1973 1758 hac
1997 1733 2090 1758 tanta
2113 1726 2192 1760 cali-

1199 1771 1276 1811 gine
1305 1776 1335 1801 et
1371 1769 1598 1802 imbecillitate
1632 1770 1800 1803 hominum
1834 1772 2020 1802 intueamur
2053 1772 2192 1804 verbum

1198 1813 1279 1852 Dei,
1314 1824 1380 1856 quo
1411 1815 1557 1846 traditur
1586 1813 1641 1845 hic
1669 1813 1829 1847 articulus
1859 1821 1891 1846 et
1922 1815 1998 1845 inde
2022 1814 2189 1846 discamus

1198 1857 1384 1888 doctrinam
1414 1859 1455 1889 de
1478 1857 1658 1890 Creatione
1683 1865 1714 1890 et
1743 1860 1783 1889 de
1807 1858 1999 1900 praesentia
2022 1857 2099 1897 Dei,
2135 1859 2189 1900 qui

1198 1901 1294 1933 adest
1319 1902 1499 1940 creaturis,
1533 1908 1565 1933 et
1591 1903 1631 1933 (16
1654 1902 1694 1933 iis
1730 1903 2011 1941 circumstantiis,
2042 1912 2126 1943 quas
2155 1902 2189 1933 in

1196 1944 1261 1977 hac
1285 1946 1481 1987 quaestione
1505 1944 1664 1987 explicari
1684 1956 1827 1978 necesse
1851 1951 1915 1977 est.

1284 2014 1338 2047 Ac
1361 2015 1501 2056 primum
1525 2014 1589 2046 hae
1613 2015 1698 2046 duae
1718 2026 1841 2047 causae
1859 2016 2037 2047 creationis
2057 2024 2191 2057 semper

1196 2059 1230 2090 in
1260 2065 1446 2101 conspectu
1475 2060 1555 2098 sint,
1590 2058 1749 2090 Efficiens
1780 2065 1812 2091 et
1846 2058 1983 2091 Finalis.
2029 2058 2190 2091 Efficiens

1197 2108 1250 2134 651
1271 2103 1367 2134 Deus
1386 2109 1543 2134 aeternus
1568 2103 1669 2135 Pater
1691 2102 1825 2135 Domini
1855 2104 1962 2134 nostri
1991 2104 2066 2135 Iesu
2095 2102 2190 2135 Chri·

1197 2147 1251 2186 sti,
1276 2157 1343 2178 una
1367 2158 1441 2179 cum
1456 2145 1538 2178 Filio
1562 2157 1624 2178 suo
1649 2153 1840 2181 coaeterno,
1865 2147 1920 2188 qui
1934 2153 2077 2179 vocatur
2100 2146 2190 2186 λόγος

1196 2193 1247 2221 καὶ
1270 2190 1360 2222 εἰκών
1382 2190 1482 2222 α’ϊὸίου
1506 2190 1637 2233 πατρὸς,
1673 2197 1705 2223 61
1729 2202 1803 2223 611111
1828 2190 1952 2232 Spiritu
1976 2201 2038 2222 suo
2058 2196 2188 2222 sancto.

1196 2234 1350 2267 Vocatur
1383 2240 1494 2266 autem
1530 2234 1665 2267 Creatio
1700 2235 1835 2277 proprie
1870 2234 2047 2266 fabricatio
2077 2245 2189 2270 rerum

1197 2277 1350 2318 aliarum,
1375 2288 1461 2321 quae
1485 2284 1562 2310 sunt
1586 2284 1681 2311 extra
1704 2280 1884 2310 essentiam
1907 2277 1983 2317 Dei,
2009 2288 2050 2310 ex
2072 2276 2190 2317 nihilo,

1196 2321 1371 2362 videlicet,
1406 2321 1504 2361 coeli,
1534 2328 1660 2362 terrae,
1701 2321 1909 2365 angelorum,
1934 2321 2120 2359 hominum,
2156 2326 2191 2353 61

1198 2367 1342 2398 omnium
1366 2377 1564 2407 corporum,
1599 2377 1639 2397 ac
1661 2368 1803 2408 partium
1825 2365 1955 2404 mundi,
1986 2375 2071 2407 quae
2090 2363 2189 2397 fabri-

1198 2410 1298 2450 catio,
1319 2415 1355 2441 ut
1377 2416 1497 2452 postea
1521 2410 1691 2451 copiosius
1711 2410 1830 2449 dicam,
1853 2420 1922 2441 non
1939 2414 1993 2440 est
2010 2413 2192 2440 coaeterna

1196 2453 1283 2493 Deo,
1308 2454 1370 2485 sed
1393 2460 1524 2495 tempus
1547 2454 1703 2485 traditum
1728 2460 1778 2486 est
1793 2455 1824 2485 in
1838 2453 1957 2491 Moise,
1982 2458 2015 2484 et
2036 2458 2087 2484 est
2100 2450 2191 2484 sacta

1197 2497 1368 2530 liberrima
1390 2496 1563 2529 voluntate
1584 2497 1662 2536 Dei,
1685 2503 1722 2529 ut
1743 2503 1864 2539 postea
1887 2497 2005 2529 dicam.
2036 2496 2189 2528 Necesse

1198 2547 1251 2573 est
1281 2542 1367 2573 enim
1389 2542 1529 2573 iunioris
1551 2542 1697 2580 moneri,
1728 2547 1764 2573 ut
1787 2541 1980 2572 discernant
2002 2540 2188 2572 doctrinam

1197 2595 1218 2616 a
1237 2584 1312 2617 Deo
1334 2586 1500 2624 traditam,
1525 2595 1545 2617 a
1566 2586 1668 2617 variis
1687 2585 1909 2627 opinionibus,
1932 2595 2017 2627 quas
2040 2582 2188 2625 philoso-

152 2626 230 2669 quia
258 2627 369 2662 studet
390 2626 501 2660 Deum
524 2626 726 2660 contumelia
754 2626 909 2668 afficere,
939 2634 973 2662 et
1004 2639 1079 2661 cum
1102 2628 1146 2660 sit
1168 2639 1175 2664 1
1196 2629 1255 2670 phi
1288 2630 1450 2662 audacter
1475 2629 1659 2669 finxerunt,
1687 2639 1772 2672 quae
1806 2628 1907 2661 fidem
1942 2634 1975 2661 et
2002 2627 2187 2661 invocatio-
