2383 2990
133 161 200 195 469
225 136 229 141 A
772 160 815 193 V.
838 159 1109 193 EXPLICATIO
1138 161 1340 193 SYMBOLI
1366 161 1527 194 NlCENl.
2107 165 2175 196 470

135 257 356 293 dilectionem,
381 262 414 287 et
434 255 591 287 laetitiam
615 257 647 287 in
671 255 760 294 Deo,
782 266 847 288 1100
870 256 1124 295 invocationem,
1149 264 1153 315 Ι
1178 262 1257 287 nent
1282 262 1440 297 peccata,
1477 257 1668 288 testimonia
1691 263 1767 288 sunt
1792 256 1945 296 illustria,
1980 258 2069 289 Psal.
2094 260 2170 291 ¹147.

133 312 197 333 nec
221 302 403 343 gratiarum
427 300 590 331 actionem
615 301 696 331 satis
720 301 891 332 ardentem
943 306 975 331 et
1004 299 1125 331 multas
1178 299 1252 330 Non
1290 300 1392 331 intres
1418 302 1448 331 in
1474 302 1627 332 iudicium
1653 312 1725 332 cum
1757 311 1856 332 servo
1892 308 1960 339 tuo,
1996 304 2071 343 quia
2107 314 2173 334 non

134 355 213 376 0550
238 344 387 375 flammas
413 344 592 375 errantium
625 344 854 385 cupiditatum,
890 342 988 374 valde
1023 343 1126 375 multa
1178 343 1370 374 iustificabit
1386 355 1414 375 ir
1437 345 1470 375 in
1496 352 1679 386 conspectu
1705 351 1760 375 tuo
1783 346 1887 375 onmis
1904 346 2032 376 vivens.
2059 345 2127 376 11111.
2142 347 2171 378 t).

132 394 273 430 peccata
298 388 506 429 ignorantiae
531 393 564 418 et
592 388 800 418 omissionis:
837 394 868 418 et
900 398 978 418 vere
1003 387 1126 425 doleat,
1150 402 1154 425 1
1179 386 1269 417 Vere
1293 388 1377 424 scio,
1402 389 1491 428 quod
1517 400 1582 418 non
1614 390 1652 418 sit
1681 389 1786 419 iustus
1813 389 1911 419 homo
1946 400 2061 420 coram
2087 389 2173 421 Deo.

131 437 258 463 tantam
293 441 372 462 0550
397 429 515 462 111010111
539 432 668 472 peccati
693 430 852 472 reliquam
877 431 907 462 in
931 431 1037 468 nobis,
1063 441 1126 461 nec
1151 428 1154 448 ¹
1179 429 1219 460 Et
1242 429 1342 471 longa
1366 431 1550 461 (lectaratio
1576 438 1661 461 extat
1700 431 1790 462 Rom.
1817 433 1848 462 7.
1897 433 2048 463 Sciamus
2075 434 2174 474 igitur

133 481 285 506 naturam
321 474 407 505 hanc
445 475 573 516 integre
607 474 742 505 obedire
774 473 866 512 Deo,
900 484 961 505 nec
996 475 1126 515 integre
1179 481 1337 514 oportere
1361 476 1482 505 abesse
1512 476 1751 515 arrogantiam,
1782 474 1890 517 qualis
1919 482 1969 507 est
2001 477 2032 507 in
2061 476 2173 507 l‘hari-

131 517 247 549 laetari
262 519 292 548 in
318 529 369 556 eo,
395 524 425 549 et
444 519 569 549 habere
594 517 697 549 inulta
721 523 871 558 peccata,
896 528 982 558 quae
1008 528 1125 548 revera
1179 527 1258 548 saeo
1284 517 1395 548 Lucae
1424 518 1472 548 13.
1508 519 1561 559 qui
1589 525 1676 558 putat
1714 529 1751 561 se
1777 519 1856 561 Legi
1894 519 2105 557 satisfacere,
2142 526 2174 551 et

131 561 206 593 Deo
231 560 418 602 displicent,
442 568 472 592 et
495 560 745 603 languefaciunt
768 560 1027 599 invocationem,
1062 562 1126 591 sic·
1178 561 1250 591 sine
1275 567 1413 601 peccato
1438 571 1514 591 esse
1530 584 1538 597 ‚
1574 562 1640 591 Sed
1677 563 1829 593 addenda
1855 570 1905 593 est
1931 565 2029 594 eriam
2053 574 2173 594 conso-

131 611 168 637 ut
193 604 315 636 l'aulus
346 606 505 647 queritur,
542 615 580 636 se
615 606 784 646 captivum
818 605 888 646 rapi
920 605 1012 646 Lege
1048 615 1124 646 pec·
1178 603 1270 641 latio,
1297 603 1449 635 vides-cet
1480 603 1583 635 altera
1614 607 1813 645 propositio:
1850 606 2013 637 (louvet-si
2040 606 2173 647 placent

133 649 210 680 cati.
1178 646 1265 684 Deo,
1291 655 1321 678 et
1345 649 1567 679 exaudiuntur
1591 658 1609 678 a
1638 648 1721 681 Deo,
1746 650 1873 679 etiamsi
1900 651 2009 680 adhuc
2035 651 2174 681 haerent

1177 691 1210 721 in
1236 692 1283 721 eis
1319 690 1478 732 reliquiae.
1504 692 1643 731 peccati.
1690 691 1891 723 Testimonia
1917 692 2059 724 illustria
2084 699 2172 731 sunt,

219 733 332 766 Tertio
356 735 441 765 sciat
465 743 663 769 conversus,
700 744 889 776 quanquam
924 745 990 765 non
1027 735 1124 765 satis·
1177 733 1316 765 Roman.
1342 734 1372 765 S.
1421 734 1521 765 Nulla
1546 746 1633 765 nunc
1659 737 1798 766 condem
1814 737 1890 767 tatio
1927 743 1977 767 est
2012 737 2082 775 1115,
2118 738 2173 778 qui

132 776 274 809 facimus
298 778 380 820 Legi
407 777 480 814 Det,
516 783 624 808 tamen
650 777 758 808 Deum
796 788 881 808 vere*
910 784 942 809 et
977 779 1125 809 immuta·
1149 762 1153 825 Ξ
1178 778 1209 808 in
1237 778 1311 809 lesu
1337 777 1471 809 Christo
1497 777 1681 816 amhulint,
1717 780 1811 820 quasi
1843 780 1947 810 dicut:
1985 791 2173 822 qumquam

132 820 242 853 biliter
266 821 371 859 velle,
408 827 441 852 ut
477 821 650 852 inchoetur
679 821 879 859 obedientia,
915 828 947 852 et
982 822 1024 852 ad
1053 822 1125 852 eius
1149 828 1153 863 t
1178 822 1285 852 sentio
1310 820 1409 852 aliam
1437 822 1560 863 Legem
1585 823 1615 852 in
1642 823 1798 853 mensu-ts
1826 824 1906 853 meis
1932 832 2173 865 repignantem

130 865 388 903 inchoationem,
414 863 582 896 effundere
607 865 637 895 in
663 865 766 895 corda
781 865 938 905 Spiritum
958 872 1124 903 sanctum,
1149 867 1153 894 l
1178 865 1260 906 Legi
1292 866 1409 895 mentis
1440 876 1544 902 meae,
1580 871 1688 896 tamen
1726 864 1813 896 nulla
1852 868 2084 897 condemnatio
2121 872 2174 898 est

132 915 163 940 et
187 907 323 950 placere
348 908 419 939 Deo
454 908 645 938 inchoatam
679 909 914 946 obedientiam,
949 919 1014 939 non
1051 919 1125 950 pro·
1178 907 1360 939 0010111011ῐί
1386 910 1417 940 in
1443 908 1589 947 Christo,
1626 909 1656 939 id
1694 916 1756 947 est,
1792 920 1970 947 converso,
2005 912 2068 941 iam
2103 910 2174 952 pla-

132 958 208 994 pter
232 953 437 993 dignitatem,
461 952 521 982 secl
548 951 627 982 Fide
652 959 791 992 propter
815 951 1045 989 mediatorem,
1070 952 1124 994 qui
1150 977 1153 990 ,
1179 953 1267 983 centi
1304 952 1368 982 fide
1404 961 1540 993 propter
1583 952 1807 989 llcdiatorem,
1844 960 1873 984 et
1910 955 2078 985 vivificato
2115 964 2174 994 pet·

131 1002 165 1027 et
188 996 362 1026 intercedit
388 1006 447 1036 pro
473 996 569 1026 nobis
595 996 744 1032 assidue,
771 1002 801 1025 et
822 1002 870 1025 est
896 994 1125 1026 umbrat-ulum
1149 993 1154 1033 ζ
1179 1005 1265 1026 eum.
1316 995 1353 1026 Et
1383 996 1475 1026 Rom.
1501 996 1532 1026 5.
1569 995 1737 1026 iustificati
1764 996 1843 1027 Fide
1867 1008 1986 1038 pacem
2010 998 2174 1028 habemus

131 1044 250 1081 tegens
286 1038 507 1069 infirmitatem
544 1045 705 1075 nostram,
741 1039 824 1070 sicut
853 1039 971 1070 Petrus
1007 1039 1125 1080 inquit:
1150 1037 1154 1070 l
1178 1039 1267 1079 apud
1292 1038 1420 1069 DEUM
1451 1050 1510 1080 per
1545 1038 1724 1070 Dominum
1760 1047 1911 1071 nostrum
1947 1041 2055 1072 1051101
2080 1040 2174 1071 Chri-

131 1082 259 1113 Offerte
282 1081 410 1113 hostias
430 1080 633 1123 spirituales,
656 1088 814 1122 acceptas
834 1081 908 1113 Deo
933 1093 993 1124 per
1018 1082 1126 1114 lesum
1150 1072 1154 1094 ¹
1178 1088 1276 1119 stum,
1312 1093 1372 1121 per
1397 1094 1493 1124 quem
1519 1088 1549 1113 et
1574 1094 1750 1113 accessum
1780 1083 1940 1114 hahemus
1977 1086 2008 1115 in
2034 1085 2174 1126 gratiam

131 1124 314 1157 Christum.-
371 1125 443 1156 Hac
480 1127 570 1156 brevi
609 1126 830 1166 responsione
872 1125 1126 1164 conr-‚lectimur
1178 1126 1277 1161 hanc,
1310 1127 1432 1168 inqua
1456 1134 1592 1157 stamus.
1643 1127 1670 1157 l.
1698 1127 1785 1157 l'etri
1810 1128 1840 1157 2).
1889 1127 2014 1158 ()ll‘erte
2047 1129 2174 1158 hostias

131 1169 316 1200 doctrinam
337 1170 379 1200 de
402 1168 465 1200 hac
489 1170 694 1211 quaestione,
716 1168 892 1204 Quomodo
913 1168 1043 1210 placeat
1067 1180 1125 1200 110-
1177 1168 1369 1209 spirituales
1414 1168 1587 1210 placentes
1627 1169 1702 1200 Deo
1750 1181 1808 1211 per
1845 1170 1952 1202 lesum
1990 1172 2173 1209 (juri-tuin,

131 1223 174 1243 va
199 1213 400 1250 obedientia,
425 1223 499 1243 cum
525 1214 567 1243 sit
586 1212 699 1243 mutila
724 1219 753 1243 et
780 1211 948 1253 languida.
985 1212 1038 1243 De
1062 1214 1125 1245 hac
1150 1223 1154 1241 ι
1178 1214 1273 1254 quasi
1299 1214 1401 1244 dicat:
1429 1212 1601 1254 placentes
1627 1224 1692 1244 11011
1717 1221 1854 1255 propter
1875 1216 2043 1255 propriam
2068 1215 2174 1256 digni-

132 1257 341 1298 quaestione,
366 1267 441 1287 cum
466 1262 616 1286 vetustas
639 1254 740 1287 multa
765 1257 910 1287 obscure
934 1257 1124 1298 disputave-
1150 1250 1153 1277 Ι
1177 1262 1291 1293 tatem,
1328 1257 1387 1287 sed
1425 1264 1560 1297 propter
1597 1268 1761 1288 summum
1798 1259 2010 1289 sacerdotem
2042 1257 2173 1296 Filium,

131 1300 185 1337 rit,
212 1298 322 1329 fontes
347 1297 521 1341 diligenter
546 1300 781 1330 considerandi
807 1306 896 1338 snut,
920 1300 975 1341 qui
1000 1301 1125 1341 passim
1178 1300 1244 1340 qui,
1269 1300 1346 1340 quid
1372 1301 1478 1331 maius
1503 1307 1616 1341 petere
1641 1308 1763 1340 potest,
1789 1312 1886 1342 qnam
1912 1312 1986 1333 cum
2007 1302 2102 1332 dicit:
2124 1302 2174 1332 Sit

132 1342 164 1373 in
186 1342 362 1383 Prophetis
388 1348 627 1380 monstrantur,
663 1349 696 1373 et
719 1343 762 1373 ad
782 1342 954 1375 Romanos
978 1344 1010 1375 6.
1037 1344 1067 1375 7.
1092 1350 1125 1375 et
1177 1341 1311 1374 dilectio
1336 1350 1391 1374 tua
1411 1344 1442 1373 in
1468 1344 1529 1381 eis,
1561 1354 1626 1385 qua
1651 1355 1702 1374 me
1727 1343 1848 1386 diligis.
1896 1345 1952 1376 Sic
1983 1352 2013 1381 et
2047 1344 2171 1376 Paulus

130 1385 163 1417 8.
188 1396 262 1427 cap.
289 1387 427 1427 copiose
450 1384 603 1417 illustrati
628 1392 717 1417 sunt.
1177 1387 1297 1427 inquit:
1324 1386 1447 1418 Dilexit
1474 1398 1536 1418 nos
1562 1389 1591 1417 in
1617 1388 1746 1418 dilecto.
1797 1388 1891 1419 Rom.
1916 1388 1946 1419 6.
1994 1388 2069 1419 Non
2090 1389 2174 1419 estis

1176 1431 1239 1461 sub
1264 1429 1369 1471 Lege,
1401 1430 1461 1461 sed
1481 1431 1543 1461 sub
1570 1430 1696 1461 Gratia.
1745 1431 1791 1461 lbi
1828 1431 1893 1462 1100
1928 1436 2035 1472 ipsum
2071 1442 2174 1474 quae-

216 1470 363 1503 Primum
382 1476 512 1503 taxatur
534 1471 704 1503 horribilis
740 1471 894 1514 impietas
930 1478 964 1504 et
998 1473 1123 1504 securi·
1176 1474 1270 1513 gitur,
1301 1484 1343 1504 an
1368 1472 1499 1515 placeat
1524 1475 1726 1512 ohedientia,
1762 1486 1836 1506 cum
1858 1475 1938 1517 Legi
1973 1486 2039 1506 non
2075 1476 2174 1507 satis-

128 1520 195 1554 tas,
221 1526 307 1556 quac
331 1515 424 1557 fingit
447 1526 515 1547 non
544 1516 772 1547 necessariam
796 1526 875 1548 0550
899 1527 1020 1548 novam
1044 1518 1123 1548 obe·
1175 1515 1350 1548 faciamus.
1400 1517 1593 1558 Respondet
1625 1516 1769 1559 placere,
1804 1519 1881 1560 quia
1902 1529 2017 1549 sumus
2041 1520 2073 1550 in
2098 1529 2174 1561 gra·

129 1559 295 1590 dientiam.
1175 1561 1221 1591 tia
1251 1567 1389 1601 propter
1415 1561 1646 1598 Mediator-em,
1683 1572 1743 1603 per
1778 1572 1875 1603 quem
1911 1561 2073 1594 habemus
2109 1563 2174 1594 iam

655 1634 657 1637 ,
1175 1603 1241 1634 1100
1267 1603 1477 1642 beneficium,
1501 1615 1542 1635 ne
1567 1605 1670 1635 simus
1691 1607 1753 1636 sul)
1769 1605 1872 1648 Lege,
1896 1606 1928 1636 id
1953 1612 2014 1644 est,
2052 1606 2174 1646 captivi

216 1645 382 1683 Secundo,
407 1650 540 1676 taxatur
563 1646 755 1687 arrogantia
772 1645 1043 1688 Hypocritarum‚
1068 1647 1124 1688 qui
1175 1653 1207 1678 et
1232 1648 1454 1679 condemnati.
1501 1648 1586 1679 Nam
1621 1649 1684 1679 sub
1712 1648 1803 1691 Lege
1838 1660 1927 1687 esse,
1964 1656 2014 1680 est
2050 1650 2174 1680 conde-

128 1694 248 1731 putant
272 1699 310 1719 50
335 1689 417 1731 Legi
443 1687 652 1727 satisfacere,
684 1695 717 1720 et
741 1700 779 1720 se
803 1696 835 1721 et
859 1700 963 1732 opera
987 1697 1123 1731 propter
1175 1698 1322 1721 innatum
1346 1701 1424 1722 0550
1447 1702 1466 1722 a
1481 1691 1582 1733 Lege.
1610 1691 1705 1722 Rom.
1720 1692 1751 1723 8.
1777 1692 1859 1728 Quis
1884 1703 1947 1724 nos
1973 1694 2173 1724 condemna-

129 1733 299 1773 propriam
322 1732 518 1774 (lignitatem
548 1730 695 1774 placere,
730 1733 817 1765 sicut
840 1743 918 1765 sese
942 1734 1124 1766 admiratur
1178 1735 1246 1765 bit:
1271 1733 1427 1765 Christus
1448 1745 1508 1775 pro
1533 1736 1629 1766 nohis
1651 1743 1801 1767 mortuus
1827 1742 1890 1774 051,
1922 1744 1954 1768 et
1979 1737 2174 1776 resurrexit,

128 1775 334 1807 Pharisaeus
358 1775 471 1807 Lucae
498 1775 548 1807 18.
1176 1779 1232 1819 qui
1256 1784 1309 1809 est
1332 1778 1374 1809 ad
1400 1779 1571 1810 dexteram
1595 1778 1659 1809 Dei
1695 1786 1726 1810 et
1755 1780 1931 1811 intercedit
1965 1791 2025 1821 pro
2063 1781 2173 1819 nobis,

1146 1790 1152 1854 l
1176 1822 1209 1852 id
1234 1827 1296 1859 est,
1331 1820 1466 1862 placent
1502 1823 1656 1853 conxersi
1682 1830 1817 1864 propter
1842 1823 2081 1862 Ctlffls'rml,
2118 1825 2173 1866 qui

216 1861 353 1900 Tertio,
400 1872 573 1893 monemur
607 1862 649 1894 de
683 1873 764 1894 vera
797 1861 1005 1900 humilitate,
1048 1873 1123 1895 cum
1176 1872 1209 1896 et
1233 1865 1365 1895 victima
1390 1863 1460 1904 fuit,
1485 1872 1517 1897 et
1538 1877 1624 1897 nunc
1644 1877 1777 1908 semper
1802 1866 1897 1898 ol'fert
1933 1868 1984 1898 sui
2015 1868 2172 1898 sacrificii

128 1906 347 1947 agnoscimus
376 1904 599 1937 infirmitatem
635 1912 806 1937 nostram:
842 1907 929 1938 sicut
964 1906 1021 1938 lob
1058 1906 1124 1938 cla·
1177 1907 1454 1945 satisfactionem,
1475 1916 1507 1941 et
1530 1921 1592 1951 pro
1617 1911 1713 1941 nobi-s
1738 1921 1841 1951 preca
1858 1922 1905 1948 ur,
1930 1912 2015 1942 sicut
2036 1912 2172 1942 dicitur:

128 1949 237 1980 mitat:
273 1948 364 1980 Vere
399 1949 483 1988 scio,
517 1949 608 1992 quod
642 1960 710 1981 non
741 1950 784 1981 sit
807 1950 914 1982 iustus
937 1949 1037 1982 homo
1069 1961 1123 1982 co·
1176 1951 1226 1983 Tu
1257 1962 1293 1983 es
1329 1953 1492 1983 sacerdos
1528 1954 1559 1983 in
1595 1962 1766 1985 aeternum
1802 1954 1987 1986 secundum
2021 1956 2172 1986 ordinem

127 2002 199 2024 ram
222 1991 309 2024 Deo.
1177 1994 1442 2028 Melchisedech.
1487 1996 1615 2038 Ephes.
1636 1997 1666 2028 3.
1714 1997 1780 2028 Per
1805 2009 1903 2040 quem
1923 1998 2085 2029 habemus
2114 2008 2172 2029 au-

1177 2039 1307 2070 daciam
1342 2046 1375 2070 et
1407 2050 1586 2071 accessum
1621 2041 1653 2071 in
1690 2040 1807 2072 fidncia
1851 2052 1910 2083 per
1947 2041 2059 2073 Fidem
2097 2041 2172 2073 Iesu

217 2078 358 2117 Quarto,
377 2079 564 2111 ostenditur
583 2078 764 2121 amplitudo
784 2080 1035 2112 misericordiae
1046 2079 1122 2120 Dei,
1177 2081 1314 2121 Christi,
1339 2084 1372 2114 id
1396 2090 1460 2122 est,
1486 2083 1638 2115 fiduciam
1663 2085 1879 2116 accedentem
1902 2091 1935 2116 et
1960 2086 2172 2117 invocantem

128 2122 323 2164 recipientis
349 2128 483 2163 propter
507 2122 626 2154 Filium
661 2124 747 2155 hanc
782 2123 930 2155 mutilam
965 2130 998 2156 et
1034 2135 1122 2156 men-
1176 2125 1286 2157 Deum
1321 2134 1458 2168 propter
1483 2127 1700 2160 Mediatorem
1736 2128 1865 2167 Filium,
1902 2136 2039 2170 propter
2073 2139 2172 2171 quem

129 2166 236 2197 dicam
261 2166 482 2197 obedien-tiam
507 2167 538 2197 in
563 2168 627 2198 tuis
652 2168 814 2207 moribus,
848 2168 881 2199 in
905 2169 1025 2210 quibus
1050 2169 1122 2211 ipse
1176 2168 1260 2201 haec
1280 2170 1447 2201 invocatio
1471 2169 1592 2211 placet.
1638 2171 1774 2203 Coloss.
1797 2173 1828 2203 ⁶2.
1876 2174 1909 2204 ln
1934 2172 2068 2204 Christo
2093 2184 2172 2204 con·

129 2210 240 2241 cernis
264 2208 400 2241 multum
425 2220 503 2242 esse
526 2211 687 2242 sordium.
1176 2214 1329 2244 smnmati
1351 2214 1445 2252 estis,
1470 2215 1501 2244 id
1525 2221 1588 2253 est,
1613 2216 1743 2247 etiamsi
1770 2216 1875 2247 renati
1902 2217 2048 2248 nondum
2071 2217 2171 2248 satis-

1174 2255 1299 2288 faciunt
1325 2256 1419 2299 Legi,
1444 2263 1552 2290 tamen
1575 2265 1653 2290 sunt
1676 2260 1752 2291 iusti
1776 2267 1808 2291 et
1830 2258 1965 2301 placent
1982 2260 2071 2299 Deo,
2093 2271 2171 2302 pro-

217 2295 352 2335 Quinto,
387 2297 615 2328 accenduntur
649 2297 754 2329 corda
787 2298 829 2330 ad
863 2299 1121 2338 invocationem,
1173 2309 1249 2342 pter
1272 2300 1391 2332 Filium
1415 2301 1506 2333 Fide.

129 2345 162 2371 et
185 2340 227 2370 ad
262 2340 404 2371 studium
437 2342 521 2372 bene
546 2342 716 2382 operandi,
753 2353 828 2373 cum
852 2343 999 2374 sciamus
1034 2341 1122 2374 velle

128 2383 239 2414 Deum
274 2394 336 2414 nos
372 2394 436 2415 non
473 2384 633 2416 deterreri
668 2386 710 2416 ab
745 2386 961 2417 invocatione
986 2392 1122 2428 propter
1263 2387 1324 2419 Hic
1348 2398 1576 2430 agnoscamus
1607 2394 1640 2420 et
1677 2387 1887 2421 celebremus
1922 2389 2169 2431 amplitudinem

128 2432 278 2458 nostram
302 2426 534 2466 infirmitatem,
569 2434 601 2459 et
636 2427 723 2460 velle
747 2439 809 2460 nos
833 2441 898 2461 non
924 2431 1122 2472 005051110-
1174 2431 1425 2462 misericordiae
1458 2431 1530 2470 Dei,
1562 2433 1652 2473 quod
1688 2432 1843 2464 videlicet
1879 2434 1911 2464 in
1943 2434 2169 2465 reconciliatis

129 2480 186 2501 res
210 2480 287 2500 esse
311 2471 341 2501 in
367 2471 452 2502 bene
475 2473 658 2513 operando,
683 2473 760 2515 quia
777 2475 964 2516 cogitamus
984 2484 1122 2516 operum
1174 2474 1262 2506 hanc
1287 2474 1443 2514 mutilam,
1468 2476 1652 2507 mendicam
1678 2482 1710 2507 et
1734 2476 1920 2519 squalidam
1946 2477 2170 2509 obedientiam

129 2511 425 2555 imperfectionem.
1174 2524 1286 2549 tamen
1312 2520 1425 2560 recipit
1453 2526 1484 2550 et
1509 2520 1602 2561 ipsos
1628 2518 1731 2561 diligit
1758 2527 1789 2551 et
1815 2521 1963 2559 exaudit,
1989 2523 2074 2552 sicut
2100 2521 2169 2552 Do-

1175 2563 1282 2593 minus
1307 2563 1427 2604 inquit:
1465 2562 1563 2594 Pater
1598 2574 1690 2594 {neus
1728 2563 1843 2605 diliget
1874 2575 1958 2596 eos.-
1992 2564 2083 2603 Item,
2119 2566 2170 2596 Sit

217 2600 375 2632 Tenenda
397 2608 475 2633 sunt
493 2601 591 2644 igitur
611 2603 799 2635 testimonia
822 2604 863 2636 de
882 2609 1023 2646 utraque
1045 2614 1122 2645 pro·
1175 2605 1309 2637 dilectio
1334 2612 1389 2638 tua
1414 2607 1445 2637 in
1470 2607 1530 2644 eis,
1557 2618 1622 2648 qua
1647 2617 1697 2638 me
1722 2606 1844 2649 diligi-⁴.
1892 2608 1988 2639 Rom.
2017 2609 2065 2639 lt.
2103 2608 2168 2644 Qui

128 2644 306 2686 positione.
353 2644 405 2677 De
439 2646 567 2688 priore:
601 2646 638 2678 In
668 2648 795 2679 renatis
819 2648 852 2679 in
875 2648 940 2681 hac
963 2649 1031 2680 vita
1054 2659 1122 2680 ma-
1166 2649 1207 2680 in
1231 2649 1284 2681 his
1304 2650 1409 2682 servit
1433 2649 1579 2691 Christo,
1606 2650 1837 2693 beneplacebit
1860 2651 1946 2683 Deo.
1994 2652 2094 2684 Hebr.
2116 2652 2168 2684 12.

1908 2711 1958 2738 30·
