2383 2990
189 124 253 157 335
828 125 941 158 PHIL.
965 124 1069 156 MEL.
1095 124 1282 158 SCRIPTA
1306 126 1588 158 DOGMATtCA.
2159 129 2223 161 336

187 221 273 252 iecta
292 226 345 252 est
366 221 546 252 maioribus
571 220 831 259 calamitatibus,
866 231 963 263 quam
996 220 1052 252 alii
1073 221 1177 253 homi·
1203 227 1207 257 Ι
1232 223 1308 254 dum
1333 223 1543 254 adsumserat
1565 221 1743 253 humanam
1765 228 1929 254 naturam.
1959 223 2114 264 Oportuit
2137 227 2222 257 enim

186 265 275 297 nes?
1230 267 1319 297 hunc
1343 265 1459 297 filium
1483 276 1616 307 semper
1639 264 1811 297 Ecclesiae
1828 274 1942 298 notum
1967 278 2054 299 esse.
2100 268 2142 299 Et
2164 269 2223 300 hu-

1231 310 1281 340 ius
1317 308 1389 340 Filii
1423 309 1548 351 agnitio
1584 310 1761 341 discrimen
1796 309 1876 342 facit
1909 311 1994 342 inter
2022 322 2136 343 veram
2159 312 2223 344 Dei

273 333 492 374 Respondeo,
529 333 699 374 Expresse
736 333 857 364 dietum
882 339 933 365 est
957 334 991 364 in
1014 335 1178 365 sententia
1230 352 1431 391 Ecclesiam,
1457 358 1489 383 et
1513 351 1663 394 reliquos
1687 353 1850 385 homines·

187 378 296 419 capite
324 379 372 407 10.
403 377 520 414 Marci,
548 375 719 417 Recipient
740 375 940 418 centuplum,
966 388 1040 408 cum
1064 388 1177 419 perse-

186 423 328 452 cutione.
375 420 559 462 Utrumque
594 431 710 452 verum
745 426 808 459 est,
833 420 1019 452 Ecclesiam
1040 428 1177 463 propter

185 464 305 496 multas
331 474 466 500 causas,
492 470 526 493 ut,
550 474 612 494 suo
635 463 713 494 loco
738 464 876 502 dicetur,
902 466 1085 495 subiectam
1101 475 1177 496 esse

186 508 288 545 cruci,
313 514 344 538 et
368 505 529 548 singulari
554 506 695 538 consilio
710 507 784 545 Dei,
808 509 877 549 pati
900 507 1013 546 filium,
1034 508 1175 539 interfici

184 550 285 588 Abel,
310 551 455 587 Esaiam,
479 552 659 589 Ieremiam,
682 551 879 592 Riptistani,
895 550 1032 582 Paulum
1047 558 1077 583 et
1091 551 1176 583 alios

182 593 462 632 innumerabiles,
494 600 525 625 et
557 601 666 625 tamen
691 605 709 626 a
734 594 807 626 Deo
832 594 1024 626 mirabiliter
1047 595 1177 627 servari

183 639 289 679 ipsum
313 649 432 680 agmen
457 639 552 669 etiam
579 650 653 669 eum
677 637 768 670 multi
792 637 910 670 milites
924 638 1175 675 interficiuntur,

185 688 216 713 et
252 682 377 713 interea
413 682 464 713 his
500 682 686 713 viventibus
712 683 780 713 dari
804 693 825 714 a
848 683 922 713 Deo
947 683 1104 723 hospitia,
1129 683 1175 713 vi-

185 732 289 764 etum,
319 726 410 757 vires
435 727 605 766 corpoi·iS‚
641 725 786 767 politias,
811 728 1037 757 oeconomias.
1094 724 1176 756 Vult

185 770 269 800 enim
294 769 388 800 Deus
413 770 444 800 in
469 779 594 810 genere
617 770 760 801 humano
786 780 873 807 esse,
899 778 930 800 et
954 780 1088 800 manere
1111 768 1174 799 Ec-

184 812 333 851 clesiam,
363 820 399 844 vet
423 813 554 854 quidem
579 812 646 844 vult
669 824 739 844 eam
765 814 933 854 conspici,
957 819 989 844 et
1012 813 1173 850 exaudiri,

183 856 263 888 Ideo
288 858 449 898 seriptum
463 863 532 887 est:
551 857 626 888 Non
647 858 765 888 mortui
779 855 962 887 laudabunt
975 862 1006 887 te
1019 856 1173 887 Domine.

1317 421 1452 453 Tradita
1476 428 1526 453 est
1551 421 1706 453 Patribus
1725 424 1903 463 promissio
1928 423 1969 454 de
1992 430 2133 455 venturo
2156 424 2222 456 hoc

1230 465 1387 504 Domino,
1408 472 1439 496 et
1464 467 1661 497 adsumturo
1685 466 1863 497 humanam
1887 473 2051 504 naturam,
2076 474 2110 498 ut
2125 467 2221 499 fieret

1232 509 1374 540 victima.
1442 509 1570 539 Norant.
1605 510 1705 551 igitur
1736 509 1854 540 Patres
1885 515 1963 540 tune
1987 511 2109 541 adesse
2133 510 2222 543 huno

1230 552 1406 583 Dominum
1431 551 1607 584 Ecclesiae
1631 563 1725 590 suae,
1750 554 1804 594 qui
1827 559 1934 583 tamen
1949 560 2067 595 postea
2090 554 2222 585 adsum-

1231 604 1326 627 turus
1351 602 1440 627 esset
1464 595 1641 626 humanam
1668 603 1832 633 naturam,
1859 597 1943 628 sicut
1967 598 2126 639 scriptum
2151 604 2219 629 est:

1230 638 1400 670 Abraham
1436 640 1517 670 vidit
1542 640 1625 670 diem
1647 650 1772 678 meum,
1796 646 1828 671 et
1851 639 1995 671 laetatus
2021 649 2082 672 est.
2129 641 2221 681 Item,

1230 683 1440 724 Anteaquam
1464 682 1633 714 Abraham
1659 690 1757 715 natus
1782 690 1847 721 est,
1872 694 1936 726 ego
1960 694 2045 715 sum.

1316 751 1378 783 Hic
1400 752 1475 793 ipse
1498 752 1662 783 Dominus
1686 752 1860 784 manifesta
1886 754 1998 795 specie
2022 752 2082 785 suit
2106 755 2220 786 convi-

1229 806 1271 826 va
1295 794 1465 828 Abrahae.
1512 796 1553 827 Et
1576 795 1807 838 intelligebant
1819 798 1928 828 sancti
1954 798 2132 829 discrimen
2156 797 2220 830 Le-

1229 839 1280 880 gis
1306 845 1336 870 et
1361 840 1592 880 promissionis
1618 840 1658 871 (le
1682 842 1745 872 hac
1769 847 1909 871 ventura
1922 842 2065 879 victima,
2099 848 2220 873 norant

1230 883 1331 923 recipi
1363 883 1514 914 homines
1551 894 1570 914 a
1604 882 1678 914 Deo
1709 891 1846 925 propter
1876 884 1964 915 hunc
1988 884 2230 923 Mettiatorenis

1229 936 1294 957 non
1321 933 1456 968 propter
1479 927 1617 968 Legem,
1641 934 1674 958 et
1697 927 1812 970 colligi
1837 934 2006 959 aeternam
2031 927 2219 960 Ecclesiam

1228 977 1364 1011 propter
1387 981 1461 1001 eum
1486 977 1518 1001 et.
1540 981 1600 1011 per
1624 982 1708 1002 eum.
1757 971 1803 1002 lta
1829 982 1967 1012 prorsus
1991 971 2108 1002 similis
2133 973 2218 1004 tides

1228 1014 1287 1044 tuit
1312 1024 1412 1044 verae
1435 1013 1609 1045 Ecclesiae
1633 1022 1710 1045 ante
1733 1016 2013 1046 resurrectionem
2028 1015 2165 1054 Christi,
2186 1021 2218 1047 et

1227 1055 1403 1088 Ecclesiae
1426 1064 1502 1098 post
1526 1059 1821 1096 resurrectionem,
1857 1059 1919 1090 nisi
1955 1060 2042 1100 quod
2068 1067 2218 1101 tempora

1227 1101 1446 1132 adsumtionis
1470 1108 1609 1132 naturae
1633 1102 1796 1132 humanae
1821 1102 1965 1134 discerni
1989 1104 2146 1145 oportuit.

270 925 314 957 Ut
338 927 437 968 igitur
460 927 560 958 vitam
584 927 636 957 sui
661 932 779 957 coetus
803 932 933 957 tueatur
962 926 1068 964 Deus,
1092 924 1174 956 mul-

182 970 225 1001 tis
245 970 417 1001 beneficiis
443 981 515 1001 eam
539 971 640 1008 iuvat,
666 976 696 1000 et
720 969 841 1000 multas
868 969 1073 1000 calamitates
1094 970 1175 1000 miti-

183 1019 250 1056 gat.
295 1013 335 1044 Et
372 1014 503 1055 quidem
526 1014 717 1047 exuscitarh
742 1014 903 1051 exerceri,
928 1020 960 1044 et
985 1013 1173 1044 confirmari

184 1056 252 1089 vult
290 1057 399 1095 fidem,
434 1068 539 1098 spem,
574 1065 603 1087 et
630 1057 870 1088 invocationem
890 1057 921 1087 in
947 1057 1104 1097 petitione
1125 1068 1174 1087 re-

182 1112 255 1132 rum
281 1099 515 1141 corporalium,
540 1099 621 1132 Vult
645 1101 743 1131 e²iam
768 1101 797 1131 in
823 1099 945 1142 politiis
971 1107 1002 1131 et
1027 1111 1172 1132 oecono-

182 1145 255 1175 miis
279 1143 391 1174 lacere
416 1143 674 1183 conse-sionem,
699 1151 732 1175 et
757 1144 908 1176 exerceri
932 1144 1040 1175 officia
1066 1145 1174 1175 since-

182 1198 239 1219 rae
263 1186 461 1219 dilectionis.

268 1257 361 1288 Haec
386 1258 495 1288 omnia
519 1258 686 1299 quomodo
712 1263 910 1300 congruant,
931 1262 1021 1290 reete
1044 1257 1174 1288 institu-

181 1301 205 1332 ti
230 1301 262 1332 in
287 1302 438 1332 doctrina
461 1301 648 1343 Evangelii,
673 1301 788 1333 dextre
818 1301 963 1333 iudicare
986 1307 1139 1343 possunt.
1319 1286 1384 1326 De
1417 1286 1645 1326 dlSCI'lmlsse
1678 1287 1800 1342 LegiS
1833 1293 1875 1327 ei]
1906 1287 2127 1342 Evangelii-

1229 1457 1317 1487 saria
1342 1456 1527 1493 Ecclesiae,
1563 1457 1603 1487 (le
1639 1457 1827 1487 discrimine
1852 1456 1953 1497 Legis
1979 1464 2008 1487 et
2034 1456 2218 1499 Evangelii.

1229 1499 1299 1530 Nec
1325 1511 1408 1540 opus
1433 1506 1482 1530 est
1508 1501 1569 1531 iam
1595 1500 1659 1530 dici
1684 1501 1724 1530 de
1749 1500 1860 1541 politia
1885 1500 1995 1537 Moisi,
2019 1507 2050 1531 et
2076 1502 2116 1532 de
2139 1500 2220 1543 legi-

1230 1544 1293 1574 bus
1337 1543 1526 1574 forensibus
1564 1550 1595 1574 et
1631 1542 1929 1581 ceremonialibus,
1974 1554 2058 1585 quae
2093 1550 2220 1575 tantum

1230 1588 1308 1618 certi
1333 1587 1489 1627 temporis
1515 1594 1545 1617 et
1570 1588 1666 1618 unlus
1688 1586 1821 1627 politiae
1846 1586 1994 1624 fuerant,
2030 1588 2070 1619 de
2099 1588 2220 1629 quibus

1229 1629 1314 1661 infra
1337 1641 1455 1661 rursus
1481 1631 1620 1669 dicetur,
1644 1630 1712 1662 Sed
1736 1631 1843 1662 dicam
1868 1631 1908 1662 de
1934 1630 2025 1673 Lege
2048 1630 2177 1662 morali.

305 1468 573 1511 SECUNDA
605 1468 751 1510 PARS
785 1468 1051 1510 SYMBOLI.

270 1579 440 1610 Hactenus
465 1580 588 1611 dietum
613 1585 664 1610 est
688 1578 829 1610 fideliter
854 1579 895 1609 de
912 1584 1008 1620 parte
1023 1576 1173 1620 Symboli

180 1623 298 1665 prima,
323 1623 363 1654 de
387 1623 492 1654 trihus
516 1623 684 1664 personis,
709 1623 750 1653 de
775 1624 940 1653 creatione
965 1621 1118 1659 hominis,
1143 1626 1175 1652 et

182 1666 320 1698 aliarum
345 1678 471 1705 rerum,
509 1668 549 1697 de
575 1665 673 1708 lapsu
704 1667 883 1707 primorum
908 1673 1101 1707 parentum,
1133 1665 1175 1696 de

181 1718 321 1752 peccato
358 1717 388 1741 et
418 1712 459 1741 de
494 1710 595 1752 Lege.
643 1711 740 1741 Nunc
771 1710 961 1741 accedimus
985 1710 1028 1740 ad
1053 1709 1175 1740 doetri-

182 1765 258 1785 nam
283 1755 323 1785 de
347 1753 431 1785 Filio
456 1754 653 1792 Mediatore‚
688 1760 719 1785 et
744 1754 786 1785 de
811 1754 1014 1785 redemtione
1038 1752 1173 1784 humani

182 1799 327 1840 generis,
353 1798 392 1828 tle
417 1799 613 1829 remissione
636 1803 863 1839 peccatorum,
900 1798 940 1828 de
967 1796 1175 1827 restitutione

181 1842 325 1873 iustitiae
351 1848 380 1872 et
405 1843 492 1873 vitae
515 1847 683 1879 aeternae,
709 1842 749 1872 ‹le
774 1840 975 1873 collectione
999 1839 1175 1871 Ecclesiae

183 1892 359 1923 aeternae,
394 1891 425 1917 et
460 1886 600 1918 caeteris
624 1884 773 1916 artic-ulis
799 1886 853 1927 qui
879 1885 910 1915 in
936 1883 1099 1926 Symbolo
1123 1893 1176 1914 se-

184 1936 338 1971 quentur.

1460 1798 1571 1849 Quid
1603 1799 1654 1839 sit,
1685 1799 1776 1839 Lex
1806 1798 1994 1839 moralis?

1320 1942 1394 1975 Una
1416 1949 1447 1974 et
1471 1943 1586 1975 eadem
1610 1950 1663 1974 est
1686 1942 1757 1974 Lex
1780 1942 1929 1981 moralis,
1964 1943 2058 1974 cuius
2094 1953 2223 1975 summa

1230 1988 1262 2018 in
1297 1986 1474 2029 Decalogo
1509 1986 1754 2028 comprehensa
1783 1993 1852 2025 est,
1887 1997 1974 2028 quae
1999 1993 2050 2018 est
2073 1993 2221 2025 aeterna,

1232 2041 1424 2073 congruens
1449 2042 1523 2062 cum
1548 2038 1656 2062 mente
1669 2031 1789 2068 (lixina,
1816 2031 1909 2061 cuius
1935 2031 2049 2061 notitia
2075 2031 2106 2061 in
2131 2040 2223 2061 crea-

1231 2076 1323 2106 tione
1345 2075 1458 2116 generi
1484 2073 1626 2105 humano
1651 2075 1749 2105 insit-a
1774 2081 1836 2112 est,
1861 2074 1947 2105 sicut
1971 2074 2086 2105 notitia
2111 2085 2222 2105 nume-

1231 2129 1356 2149 rorum.
1401 2118 1545 2159 Ideoque
1570 2128 1702 2159 semper
1726 2125 1804 2149 nota
1830 2116 1885 2148 fuit
1914 2117 2068 2149 Patribus
2093 2123 2125 2148 et
2147 2115 2223 2148 aliis

1231 2162 1433 2200 hominihus,
1464 2169 1493 2192 et
1531 2160 1591 2191 fuit
1619 2172 1660 2192 ac
1690 2162 1748 2192 erit
1776 2162 1892 2193 eadem
1915 2162 1946 2192 in
1972 2161 2059 2192 omni
2083 2161 2223 2192 aeterni-

1231 2211 1309 2244 tate,
1334 2215 1420 2248 quae
1442 2205 1618 2246 praecipit,
1653 2204 1770 2247 quales
1795 2216 1858 2236 nos
1884 2215 1974 2242 esse,
2009 2211 2041 2236 et
2066 2214 2151 2246 quae
2176 2201 2223 2236 fa-

1232 2259 1308 2281 cere
1332 2255 1475 2291 oportet,
1502 2255 1534 2279 et
1558 2249 1689 2290 quidem
1710 2248 1858 2290 postulat
1881 2249 2044 2290 integram
2068 2248 2224 2280 obedien-

1232 2293 1320 2331 tiam,
1346 2299 1378 2324 et
1402 2293 1536 2324 (lanmat
1559 2303 1625 2323 non
1650 2299 1861 2333 praestantes
1885 2293 2049 2334 integram
2069 2292 2224 2323 obedien-

1230 2337 1319 2375 tiam,
1354 2337 1443 2367 iuxta
1479 2334 1577 2366 illud:
1612 2335 1825 2374 Maledictus,
1861 2335 1915 2377 qui
1951 2346 2017 2367 non
2051 2341 2162 2369 manet
2189 2335 2223 2366 in

1232 2381 1399 2418 onmibus,
1422 2390 1507 2421 quae
1531 2386 1609 2411 sunt
1632 2380 1760 2420 scripta
1783 2380 1816 2410 in
1840 2377 1926 2422 lege.

271 2001 314 2030 Et
334 2002 366 2030 in
390 2009 489 2030 unum
502 2000 673 2030 Dominum
697 2003 842 2030 noslrum
864 2000 971 2029 Iesum
998 1998 1089 2029 Chri-

270 2048 354 2074 stum
386 2044 487 2082 sillum
522 2044 586 2073 Dei
620 2045 828 2081 uru'qem'tmn,
863 2046 895 2073 el
925 2051 968 2072 ea·
991 2042 1091 2072 Patre

274 2091 386 2117 nalum
417 2091 493 2118 (nete
521 2089 627 2117 omnia
653 2088 770 2117 secula.
818 2087 921 2117 Deum
945 2086 986 2116 cle
1010 2086 1088 2123 Deo,

270 2132 377 2162 lumen
401 2131 441 2161 (le
464 2132 591 2167 lumine,
617 2131 718 2161 Deum
745 2138 855 2161 verum
886 2131 926 2160 de
950 2129 1021 2159 Deo·
1040 2138 1091 2159 ve-

272 2184 325 2212 ro,
352 2177 497 2212 ,qenilnm
528 2183 593 2204 non
619 2175 753 2213 factam,
784 2174 1089 2205 consubstantialem

271 2219 372 2255 Patri,
405 2227 468 2257 per
500 2227 592 2257 quem
626 2220 736 2248 omnia
767 2220 860 2258 facta
893 2220 976 2248 sunt.
1031 2216 1093 2253 Qui

265 2266 406 2302 propter
435 2271 495 2292 nos
528 2262 672 2292 homines
710 2265 744 2292 et
771 2265 910 2302 propter
943 2264 1091 2292 nostram

272 2307 411 2337 salutem
434 2309 492 2336 etc.

275 2408 385 2450 Supra
409 2409 451 2440 de
475 2409 581 2440 tribus
604 2409 760 2450 personis
785 2408 908 2439 dictum
933 2412 994 2438 est.
1040 2404 1102 2439 Hic
1126 2417 1176 2438 re·

188 2452 340 2483 citandus
377 2459 428 2484 est
462 2451 624 2484 articulus
661 2453 701 2484 de
731 2453 860 2484 duabus
885 2451 1012 2482 naturis
1034 2451 1067 2481 in
1092 2449 1176 2482 Filio

187 2493 264 2533 Dei,
290 2496 448 2527 crucifixo
473 2507 533 2538 pro
558 2496 653 2528 nobis
679 2501 712 2527 et
739 2496 952 2527 resuscitato.
997 2493 1038 2525 Et
1067 2495 1178 2525 dicen-

189 2538 264 2569 dum
301 2545 364 2577 est,
406 2540 574 2580 quomodo
610 2539 664 2572 hie
699 2537 861 2571 articulus
896 2548 1031 2580 semper
1053 2539 1089 2569 in·
1116 2537 1178 2569 Ec-

188 2581 294 2613 clesia
316 2583 509 2624 propositus
533 2584 593 2622 sit,
628 2584 724 2614 etiam
751 2583 884 2614 Pau-um
906 2588 1068 2623 tempore,
1103 2591 1178 2612 cum

188 2624 303 2664 Filius,
327 2626 382 2667 qui
406 2632 458 2657 cst
480 2628 606 2658 aeterni
625 2627 735 2658 Patris
747 2632 931 2659 coaeterna
949 2626 1070 2668 imago,
1095 2635 1177 2656 non-

1319 2449 1361 2480 Et
1384 2459 1572 2492 quanquam
1598 2449 1730 2481 additae
1754 2455 1832 2480 sunt
1861 2447 2103 2490 promissiones
2127 2446 2223 2489 Legi,

1232 2498 1341 2525 tamen
1377 2493 1454 2535 quia
1479 2492 1652 2534 postulant
1682 2493 1907 2524 conditionem
1931 2490 2085 2533 impletae
2108 2491 2223 2533 Legis,

1233 2547 1306 2568 cum
1330 2546 1426 2568 nemo
1452 2535 1534 2578 Legi
1559 2535 1757 2575 satisfaciat,
1788 2536 1852 2568 bue
1877 2536 2119 2577 promissiones
2142 2533 2223 2566 nihil

1232 2586 1373 2622 prosunt
1395 2580 1536 2618 animae,
1561 2581 1623 2611 nisi
1647 2581 1739 2622 prius
1764 2581 1886 2612 donata
1907 2579 1951 2611 sit
1970 2578 2122 2610 remissio
2145 2588 2223 2620 pec-

1199 1318 1205 1634 ῐ
1317 1413 1367 1444 Sit
1390 1414 1489 1454 igitur
1513 1414 1616 1453 prima
1640 1413 1724 1444 haec
1748 1414 1926 1444 admonitio
1939 1415 2079 1444 maxime
2102 1424 2219 1445 neces-

1201 2532 1206 2648 i
1233 2631 1385 2657 catorum
1407 2630 1545 2666 propter
1569 2624 1798 2655 Mediatorem.
