2383 2990
155 124 195 156 91

153 219 266 250 nasius
307 224 339 248 et
373 216 520 258 Cyrillus
555 220 689 246 utuntur
721 213 900 255 particula,
939 215 1134 254 secundum,
1161 229 1163 247 ι

154 268 308 302 tanquam
331 261 529 291 distinctiva.
565 259 673 300 Saepe
690 258 740 288 sic
760 257 906 299 loquitur
918 256 1136 296 Athanasius,
1161 251 1163 282 l

154 311 189 335 ut
213 305 244 335 in
268 302 323 334 lib.
348 304 399 333 cui
424 302 538 333 titulus
563 309 625 338 est,
652 301 703 332 De
723 301 949 342 assumptione
980 300 1133 339 hominiS,

152 348 273 388 inquit:
300 346 417 377 Nonne
436 345 518 375 haec
544 345 651 375 omnia
674 344 857 375 secundum
879 343 1055 375 humanam
1078 355 1134 375 na-

152 396 257 421 turam
284 388 459 419 sustinuit?
483 395 544 419 etc.
591 388 644 419 Sic
673 393 703 418 et
736 386 958 429 Hieronymus
989 386 1134 429 loquitur

151 434 184 464 in
204 433 408 472 expositione
433 431 524 461 fidei:
549 431 676 461 Passus
701 437 751 461 est
776 431 959 461 seeundum
978 431 1022 469 id,
1046 430 1135 471 quod

150 476 218 517 pati
242 482 382 516 poterat,
407 474 559 505 videlicet
584 485 649 505 non
673 473 853 504 secundum
876 480 1025 504 naturam
1049 483 1134 514 quae

150 519 341 558 assumpsit,
366 518 426 548 sed
451 517 632 548 secundum
656 515 744 548 illam
769 527 853 557 quae
877 523 1047 557 assumpta
1071 522 1134 547 cst.

150 561 203 592 Ac
226 572 303 592 mox
327 562 434 591 addit:
458 560 611 591 Mortuus
636 566 686 591 est
710 559 771 590 Dei
796 558 916 596 Filius,
940 560 1030 590 iuxta
1053 560 1134 590 scri-

150 611 275 646 pturas,
299 604 480 635 secundum
504 604 547 641 id,
571 603 659 645 quod
683 603 765 634 mori
788 610 928 643 poterat.

237 671 379 714 Vigilius
409 671 538 714 Martyr
567 671 756 713 Episcopus
780 671 991 702 'Tridentinus
1016 670 1072 701 lib.
1101 671 1133 701 4.

149 716 268 757 inquit:
300 718 373 756 lpse
402 716 499 757 igitur
523 726 606 747 unus
626 715 776 756 idemque
796 714 859 745 Dei
887 713 998 752 Filius,
1022 714 1133 744 Domi-

148 770 211 790 nus
236 760 326 790 Iesus
355 758 507 790 Christus
532 765 681 789 mortuus
706 764 755 789 est
782 758 963 788 secundum
994 756 1131 788 formam

150 803 256 839 servi,
286 809 317 833 et
341 812 407 833 non
432 808 483 833 est
502 808 650 832 mortuus
677 802 859 832 secundum
889 799 1027 831 formam
1056 799 1131 831 Dei.

150 845 303 887 Denique
327 846 452 886 passim
477 846 574 876 obvia
597 851 673 875 sunt
698 843 773 875 talia
798 844 896 875 dicta.

236 914 407 955 Nusquam
439 920 547 945 autem
571 914 736 944 invenitur
764 912 847 943 haec
878 912 983 943 forma
1007 922 1133 943 sermo-

151 958 211 989 nis,
236 956 392 988 Christus
415 957 596 988 secundum
615 963 787 997 utramque
804 962 965 993 naturam,
991 956 1133 986 divinam

150 1006 181 1031 et
205 1000 381 1031 humanam
401 1006 451 1031 est
473 1006 634 1031 mortuus,

238 1068 425 1100 Discrimen
438 1075 628 1099 naturarum
641 1067 689 1098 sic
704 1065 823 1098 illustri
836 1066 942 1098 forma
955 1067 1134 1098 verborum

151 1119 311 1144 monstrat
336 1114 503 1149 Irenaeus,
527 1121 603 1152 pag.
621 1110 691 1141 185.
725 1111 812 1142 Sicut
834 1111 919 1141 enim
939 1110 1038 1141 homo
1052 1116 1133 1147 erat,

150 1163 185 1186 ut
208 1162 400 1189 tentaretur,
426 1155 475 1185 sic
499 1161 529 1185 et
555 1154 694 1185 verbum
712 1160 792 1187 erat,
817 1160 850 1184 ut
875 1152 1131 1193 glorificaretur,

150 1198 392 1240 Requieseente
415 1198 547 1239 quidem
570 1198 684 1231 verbo,
708 1203 743 1227 ut.
764 1203 879 1237 posset
903 1196 1036 1234 tentari,
1061 1206 1134 1226 cru-

151 1242 239 1283 cifigi
262 1247 294 1272 et
316 1241 409 1271 mori.
457 1240 547 1271 Usus
577 1247 627 1271 est
655 1242 809 1271 lrenaeus
839 1238 999 1281 singulari
1025 1239 1133 1270 consi-

150 1284 195 1316 lio
220 1285 283 1315 hac
306 1284 425 1325 insigni
456 1284 691 1324 descriptione.
718 1283 917 1318 Quiescente
950 1283 1069 1316 verbo,
1102 1282 1132 1312 id
1158 1293 1161 1317 l

151 1335 212 1366 est,
235 1327 328 1358 Tunc
340 1337 406 1358 non
425 1333 583 1357 exerente
596 1337 691 1357 suam
704 1328 881 1367 potentiam
896 1327 926 1356 in
942 1324 1134 1366 repellenda
1158 1320 1163 1637 Ι

150 1372 308 1412 passione
332 1376 364 1400 et
387 1376 511 1407 morte,
546 1370 631 1401 sicut
667 1370 710 1400 ad
741 1368 971 1410 Philippenses
1001 1369 1133 1399 dicitur:

150 1414 338 1446 Exinanivit
374 1423 470 1451 sese,
504 1420 568 1444 etc.
615 1412 690 1443 Non
719 1413 775 1453 ait,
806 1419 956 1443 naturam
991 1412 1134 1442 divinam

150 1464 311 1489 mortuam
335 1466 430 1494 esse,
460 1457 520 1487 sed
544 1456 728 1498 quievisse,
763 1462 798 1486 ut
822 1462 939 1486 natura
961 1460 1134 1495 assumpta

151 1501 236 1532 mori
259 1506 385 1541 posset.

237 1569 344 1600 Audio
375 1574 485 1599 autem
515 1578 593 1605 eos,
629 1568 683 1609 qui
715 1567 866 1598 dixerunt
891 1565 1060 1597 Christum
1083 1575 1135 1596 se-

153 1613 294 1644 cundum
328 1618 501 1652 utramque
535 1618 684 1642 naturam
719 1616 882 1641 mortuum
917 1619 1013 1646 esse,
1047 1618 1135 1640 nunc

152 1656 276 1687 addere
298 1656 602 1696 interpretationem
620 1653 696 1684 huic
719 1664 800 1684 suae
819 1651 945 1683 formae
963 1651 1133 1693 loquendi.
1160 1658 1162 1684 Ι

153 1699 220 1730 Sed
234 1697 387 1736 consulo,
398 1704 433 1729 ut
444 1698 580 1738 phrasin
590 1695 693 1734 Pauli,
713 1708 810 1738 quam
830 1703 859 1727 et
884 1702 998 1736 postea
1011 1696 1135 1726 imitata

153 1749 204 1773 est
226 1740 391 1779 Ecclesia,
416 1742 631 1778 retineamuS,
654 1750 716 1771 nec
741 1741 772 1771 in
803 1750 837 1770 re
862 1745 952 1770 tanta
976 1749 1083 1770 novae
1103 1745 1135 1769 et
1160 1744 1163 1779 ξ

153 1785 326 1826 ambiguae
350 1783 477 1816 formae
500 1783 656 1825 loquendi
681 1789 892 1825 spargantur.
938 1781 1003 1813 Ubi
1027 1788 1135 1813 autem
1161 1781 1163 1815 ἱ

152 1829 376 1869 praedicatum
405 1829 561 1858 convenit
583 1827 712 1868 utrique
735 1833 871 1857 naturae
895 1827 927 1856 in
952 1826 1135 1862 abstracto,
1159 1823 1164 1868 Ι

153 1872 197 1903 ibi
220 1878 311 1902 recte
340 1872 387 1902 sic
416 1870 601 1912 loquimur,
635 1876 687 1907 ut,
719 1869 871 1901 Christus
896 1875 947 1899 est
978 1869 1074 1899 w'vus
1102 1868 1136 1898 in

154 1913 248 1946 coelo
274 1915 457 1946 secundum
487 1921 660 1955 utramque
683 1920 831 1944 naturam
857 1919 920 1943 etc.

1164 2521 1168 2544 l

239 1983 323 2014 Tota
346 1982 430 2014 haec
455 1983 603 2014 doctrina
628 1982 668 2012 de
691 1982 797 2012 modis
817 1980 974 2022 loquendi
994 1986 1072 2010 nota
1086 1986 1137 2010 est

153 2026 222 2064 his,
255 2027 309 2067 qui
339 2026 491 2068 legerunt
516 2025 643 2067 Synodi
667 2024 855 2066 Ephesinae
885 2024 1137 2064 disputationes,

156 2080 292 2111 quarum
314 2069 475 2101 habemus
501 2078 646 2100 summas
670 2069 702 2099 in
726 2066 892 2109 Apologia
917 2065 1044 2109 Cyn-illi.

241 2138 283 2168 Et
306 2143 393 2169 extat
412 2137 521 2169 adhuc
544 2138 576 2168 in
600 2136 807 2168 Bibliotheca
832 2135 1014 2167 Phorcensi
1029 2135 1137 2177 Syno-

157 2182 218 2212 dus
240 2180 408 2222 Epliesina
431 2182 558 2222 integre
582 2180 705 2221 scripta
721 2179 862 2217 Graece,
885 2180 916 2210 in
937 2189 1001 2220 qua
1025 2179 1138 2220 singu-

156 2224 273 2262 lorum,
289 2226 342 2265 qui
361 2225 541 2255 sententias
561 2224 725 2261 dixerunt,
738 2224 888 2264 integrae
909 2223 1075 2253 orationes
1089 2231 1138 2251 re-

159 2268 307 2307 citantur,
328 2278 425 2308 quam
448 2274 523 2297 ante
543 2277 648 2297 annos
667 2265 793 2306 aliquot
810 2266 948 2306 inspexi,
974 2271 1006 2295 ut
1021 2263 1137 2295 melius

159 2319 397 2352 cognoscerem
422 2310 682 2341 controversiam
706 2309 865 2343 Nestorii,
901 2309 933 2339 in
958 2318 1021 2349 qua
1046 2306 1138 2338 multi

158 2360 233 2385 sunt
251 2352 441 2395 labyrinthi.

244 2421 312 2452 Nec
336 2429 462 2453 tantum
486 2422 577 2452 rixae
608 2422 648 2451 de
672 2421 778 2451 modis
807 2419 963 2461 loquendi
994 2418 1137 2455 fuerunt,

160 2464 220 2496 sed
244 2471 406 2495 certamen
427 2466 466 2495 de
486 2466 585 2495 rebus
610 2464 758 2494 maximis
782 2462 855 2494 suit:
881 2463 930 2493 An
955 2462 1040 2501 λόγος
1054 2462 1139 2492 adsit

160 2507 321 2538 humanae
355 2518 493 2538 naturae
522 2514 647 2538 tantum
683 2518 741 2547 per
771 2507 962 2536 societatem
998 2515 1057 2535 seu
1086 2515 1138 2534 as-

160 2551 354 2587 sistentiam,
376 2552 461 2581 sicut
474 2549 566 2581 Eliae
585 2556 639 2580 aut
653 2549 784 2580 Elisaeo
808 2548 910 2585 affuit,
935 2554 988 2578 aut
1007 2558 1049 2578 au
1072 2546 1138 2578 alio

160 2594 270 2630 modo,
301 2593 352 2623 An
376 2594 439 2624 sint
464 2594 527 2623 duo
551 2592 623 2626 filii,
654 2592 737 2631 λόγος
761 2598 791 2623 et
816 2599 912 2622 natus
936 2602 977 2621 ex
1001 2591 1140 2632 virgine,

787 119 900 151 PH1L.
922 118 1028 152 MEL.
1051 118 1239 152 SCRIPTA
1258 118 1536 152 DOGMATICA.

2127 120 2172 153 92

1188 214 1241 246 An
1266 215 1309 245 sit
1331 214 1495 245 sacerdos
1518 218 1644 244 tantum
1673 215 1858 246 secundum
1886 220 2035 246 naturam
2058 214 2171 247 huma-

1188 268 1274 289 nam.
1319 257 1489 298 Expresse
1512 257 1596 287 enim
1624 256 1656 287 in
1679 255 1849 299 Apologia
1871 256 1987 300 Cyriili
2010 256 2172 290 refutatur

1187 301 1272 332 haec
1296 301 1438 332 obiectio
1452 300 1744 331 Nestorianorum:
1769 299 1803 331 Si
1816 300 1970 332 Christus
1988 301 2171 333 secundum

1187 350 1336 375 naturam
1361 344 1502 374 divinam
1526 348 1617 373 esset
1638 342 1819 382 Sacerdos,
1855 345 1918 375 sibi
1941 345 2004 384 ipsi
2027 344 2172 376 offerret.

1187 389 1282 427 Item,
1316 388 1369 417 An
1393 397 1459 418 una
1483 386 1678 417 adoratione
1700 386 1892 418 adorandus
1927 388 1969 418 sit
1996 386 2111 425 Filius,
2140 393 2173 419 et

1186 430 1352 471 quomodo
1375 429 1584 461 invocandus
1607 429 1651 459 sit
1674 427 1787 460 Filius.

1271 489 1362 520 Fons
1386 495 1494 520 autem
1519 490 1691 520 doctrinae
1715 489 1756 520 de
1776 490 2073 521 communicatione
2089 490 2172 522 Idio-

1185 539 1317 567 matum,
1342 539 1392 564 est
1418 533 1569 563 doctrina
1600 533 1641 563 de
1668 533 1791 563 unione
1821 532 2048 575 Hypostatica.
2094 533 2172 564 Ideo

1185 576 1271 606 enim
1306 576 1495 616 praedicata
1532 576 1834 613 communicantur,
1869 576 1945 617 quia
1979 583 2029 607 est
2072 586 2172 607 unum

1186 617 1406 659 ὑφιστάμενον,
1429 625 1463 650 ut
1487 618 1644 656 dicimus,
1674 619 1735 649 Hic
1758 618 1856 649 homo
1880 625 2046 657 numerat,
2071 629 2171 660 quan-

1185 672 1283 702 quam
1307 667 1433 692 tantum
1456 667 1565 692 mente
1591 668 1751 693 numerat.
1800 660 2087 694 Considerandum
2111 663 2171 703 igi-

1185 711 1237 735 tur
1267 711 1317 735 est
1349 703 1460 746 aliquo
1496 704 1594 735 modo
1626 705 1803 735 discrimen
1827 705 1958 737 unionis
1989 704 2172 747 hypostati-

1186 757 1245 778 cae
1268 748 1302 821 iss
1324 746 1388 778 hac
1416 758 1578 789 persona,
1604 753 1636 778 et
1657 746 1799 779 aliorum
1823 748 1995 779 modorum
2013 758 2172 789 praesen·

1184 791 1250 822 tiae
1307 791 1345 821 ei.

1271 851 1415 881 Primum
1439 850 1537 891 igitur
1560 851 1732 882 sciendum
1756 857 1825 888 est,
1850 860 1927 882 esse
1948 849 2172 881 universalem

1183 894 1405 935 praesentiam
1430 893 1513 931 Dei,
1545 904 1609 934 qua
1632 900 1702 924 tres
1729 904 1896 934 personae
1926 894 2046 924 adsunt
2069 893 2171 924 omni-

1187 939 1248 968 bus
1273 937 1446 973 creaturis,
1470 937 1557 978 quod
1581 936 1623 967 ad
1642 937 1932 968 conservationem
1952 937 2172 975 substantiae,

1184 981 1347 1020 tantisper
1370 981 1477 1010 donec
1502 986 1757 1010 conservantur,

1271 1047 1312 1079 Et
1342 1047 1427 1079 hanc
1451 1059 1529 1079 esse
1552 1047 1773 1089 separabilem
1795 1048 2035 1089 praesentiam,
2069 1048 2170 1078 mani-

1185 1089 1307 1122 festum
1330 1098 1394 1164 pst,
1420 1092 1495 1133 quia
1509 1091 1604 1122 Deus
1628 1092 1767 1132 destruit
1786 1090 1993 1122 Pharaonem
2017 1096 2049 1122 et
2072 1089 2170 1128 alios,

1187 1145 1261 1166 cum
1284 1146 1327 1165 vu
1344 1140 1364 1164 t.

1273 1202 1448 1238 Secundo,
1472 1209 1522 1233 est
1546 1201 1612 1233 alia
1635 1203 1839 1243 praesentia,
1871 1212 1936 1243 qua
1958 1202 2054 1233 adest
2077 1200 2172 1232 Deus

1188 1247 1295 1277 beatis
1319 1244 1459 1287 Angelis
1483 1252 1513 1276 et
1538 1244 1741 1283 hominibus,
1773 1256 1837 1286 qua
1864 1255 1930 1275 non
1963 1244 2069 1276 solum
2094 1245 2172 1276 sub-

1187 1289 1328 1319 stantias
1358 1295 1553 1325 conservat,
1588 1289 1647 1319 sed
1682 1289 1778 1319 etiam
1808 1289 1946 1329 praebet
1976 1289 2024 1319 eis
2054 1286 2173 1326 lucem,

1188 1333 1231 1363 ita
1256 1338 1289 1362 ut
1314 1342 1425 1363 coram
1451 1337 1588 1362 cernant
1612 1331 1738 1369 Deum,
1764 1337 1795 1362 et
1820 1332 1862 1362 sit
1884 1330 1978 1362 Deus
2008 1331 2117 1361 omnia
2139 1331 2173 1362 in

1188 1375 1353 1413 omnibus,
1378 1375 1566 1406 accendens
1590 1373 1817 1411 dilectionem,
1840 1374 1996 1405 iustitiam
2023 1379 2056 1404 et
2079 1372 2172 1404 laeti-

1188 1419 1277 1449 tiam.
1325 1417 1520 1459 Quanquam
1543 1424 1652 1448 autem
1677 1427 1696 1447 a
1719 1417 1825 1447 beatis
1847 1427 1913 1447 non
1939 1416 2097 1453 discedit,
2125 1422 2172 1446 ta-

1188 1471 1261 1491 men
1291 1461 1377 1491 beati
1401 1466 1477 1491 sunt
1507 1466 1632 1491 tantum
1662 1460 1806 1500 hospitia
1837 1466 1868 1490 et
1899 1458 2021 1500 templa
2046 1458 2125 1495 Dei,
2154 1467 2174 1488 a

1187 1504 1306 1545 quibus
1331 1504 1505 1534 discedere
1529 1502 1624 1534 Deus
1648 1509 1780 1543 posset,
1806 1508 1836 1533 et
1860 1508 2001 1543 excepto
2025 1500 2172 1539 Christo,

1188 1545 1325 1589 quilibet
1349 1547 1466 1577 beatus
1491 1553 1541 1577 est
1565 1545 1779 1586 ὑφιστάμενον,
1803 1555 1869 1576 non
1893 1552 1944 1576 est
1963 1544 2069 1575 Deus.

1274 1614 1404 1655 Tertio,
1428 1621 1478 1646 est
1501 1615 1688 1655 praesentia
1713 1612 1797 1651 alia,
1827 1624 1893 1654 qua
1922 1613 2018 1644 adest
2047 1613 2176 1643 renatis

1187 1659 1219 1689 in
1247 1657 1312 1689 hac
1340 1659 1423 1696 vita,
1458 1668 1523 1689 non
1558 1663 1683 1688 tantum
1719 1667 1925 1688 conservans
1956 1656 2174 1692 substantias,

1189 1702 1249 1732 sed
1274 1702 1369 1732 etiam
1393 1712 1453 1742 per
1471 1699 1586 1732 Filium
1611 1711 1638 1730 e.
1655 1700 1811 1741 Spiritum
1834 1706 1986 1730 sanctum
2010 1698 2174 1729 inchoans

1188 1745 1220 1775 in
1245 1745 1293 1775 eis
1318 1754 1437 1774 novam
1461 1743 1571 1774 lucem
1595 1750 1626 1774 et
1656 1743 1820 1774 iustitiam.
1865 1742 1935 1773 Nec
1964 1749 2074 1772 tamen
2103 1751 2175 1771 cer-

1188 1788 1275 1819 nitur
1294 1786 1398 1825 Deus,
1424 1795 1455 1818 ut
1480 1788 1512 1817 in
1536 1787 1601 1817 vita
1625 1793 1770 1823 aeterna,
1794 1786 1854 1816 sed
1878 1786 2087 1826 perverbum
2108 1784 2174 1814 fide

1189 1832 1394 1872 agnoscitur.
1453 1829 1547 1861 Hanc
1580 1830 1803 1871 praesentiam
1838 1826 2058 1869 separabilem
2096 1836 2174 1857 esse

1189 1874 1330 1905 affirmat
1351 1873 1527 1914 scriptura,
1551 1879 1581 1903 et
1606 1873 1786 1903 ostendunt
1809 1871 1999 1902 tristissima
2012 1868 2173 1910 exempla.

1189 1919 1280 1950 Sicut
1313 1917 1432 1948 dicitur
1459 1915 1575 1947 Matth.
1603 1916 1652 1946 12.
1698 1915 1793 1946 Fiunt
1821 1914 2001 1945 novissima
2031 1912 2174 1944 hominis

1189 1960 1275 1992 illius
1300 1961 1411 2001 peiora
1436 1960 1610 2000 prioribus.

1277 2029 1417 2065 Quarto,
1441 2026 1542 2069 longe
1566 2026 1631 2058 alia
1650 2032 1699 2057 est
1723 2026 1933 2066 praesentia,
1959 2035 2026 2066 qua
2048 2029 2176 2055 tantum

1190 2073 1273 2104 haec
1296 2082 1440 2114 persona
1458 2071 1544 2110 λόγος
1567 2070 1705 2100 assumit
1730 2070 1902 2100 humanam
1923 2074 2084 2105 naturam,
2107 2077 2176 2098 non

1191 2115 1298 2147 solum
1321 2113 1602 2155 inseparabiliter,
1627 2114 1687 2143 sed
1712 2112 1809 2143 etiam
1827 2110 1883 2142 tali
1908 2111 2048 2148 unione,
2069 2115 2109 2147 *ut
2133 2110 2177 2140 sit

1190 2170 1289 2190 unum
1314 2157 1532 2198 ὑφιστάμενον,
1564 2162 1595 2187 et
1617 2161 1822 2186 sustentetur
1845 2160 2017 2194 assumpta
2047 2158 2176 2190 natura,

1191 2209 1223 2233 et
1252 2202 1348 2243 quasi
1380 2207 1529 2242 gestetur
1558 2200 1589 2230 in
1617 2199 1705 2241 λόγῳ.
1751 2197 1822 2228 Etsi
1849 2203 1957 2228 autem
1989 2194 2175 2236 exemplum

1192 2245 1288 2275 huius
1318 2244 1448 2275 unionis
1477 2241 1602 2273 nullum
1628 2243 1660 2272 in
1696 2241 1856 2273 creaturis
1891 2240 2022 2270 ostendi
2054 2243 2176 2280 potest,

1192 2289 1279 2329 quod
1304 2296 1442 2328 prorsus
1467 2291 1640 2327 congruat.
1667 2291 1774 2315 tamen
1800 2290 1831 2315 et
1858 2290 2004 2319 veteres,
2029 2281 2176 2312 Athana-

1192 2333 1281 2367 sius,
1311 2328 1458 2372 (Tyrillus
1491 2335 1521 2359 et
1554 2328 1713 2363 lustinus,
1749 2333 1783 2358 ut
1813 2326 1925 2368 aliquo
1955 2325 2054 2356 modo
2088 2323 2176 2354 hanc

1192 2375 1346 2405 unionem
1369 2371 1595 2408 declararent,
1621 2370 1784 2401 hominem
1809 2369 2035 2400 ostenderunt.
2081 2366 2177 2398 Sicut

1192 2419 1301 2448 anima
1336 2416 1475 2446 hominis
1508 2421 1539 2445 et
1568 2424 1702 2454 corpus.
1737 2419 1812 2443 sunt
1844 2423 1944 2443 unum
1978 2407 2176 2451 ὑφιστάμενον

1194 2458 1409 2501 completum,
1452 2464 1484 2488 et
1524 2468 1647 2497 corpus
1693 2455 1885 2486 dissolsimr
1927 2455 2093 2484 desertum
2132 2453 2176 2483 ab

1193 2504 1318 2533 anima:
1350 2504 1394 2533 lta
1426 2501 1510 2540 λόγος
1538 2507 1568 2531 et
1599 2506 1770 2540 assumpta
1799 2506 1935 2534 natura,
1968 2503 2043 2526 sunt
2076 2506 2175 2526 unum

1196 2546 1410 2587 ιῗφισῑιὶμενον,
1445 2551 1473 2574 ct
1501 2544 1706 2584 redigeretur
1729 2543 1760 2572 in
1792 2540 1926 2573 nihilum
1949 2540 2092 2570 humana
2120 2548 2176 2568 na-

1194 2598 1280 2626 tura,
1305 2589 1333 2619 si
1352 2598 1418 2618 non
1438 2587 1487 2618 sic
1512 2592 1699 2628 gestaretur
1719 2586 1749 2616 in
1772 2584 1862 2626 λόγῳ.
