2383 2990
192 887 858 1013 SENTENTIAE
884 936 1412 1010 VETERUM
1442 935 1930 1015 ALIQUOT
1958 936 2227 1010 SCRI-

459 1049 908 1124 PTORUM
955 1049 1098 1122 DE
1149 1046 1509 1123 COENA
1554 1047 1972 1123 DOMINI.

640 1233 967 1276 RECITATAE
999 1234 1042 1274 A
1074 1233 1341 1276 PHILIPPO
1376 1233 1788 1275 MELANTHONE.

850 1351 900 1384 Ex
925 1351 1078 1384 Editione
1101 1351 1351 1396 lvitebergensi
1374 1353 1451 1384 anni
1478 1353 1572 1384 1530.

574 1498 799 1531 CYRlLLUS
1236 1499 1406 1541 telligitur,
1430 1499 1600 1532 Christum
1625 1500 1657 1530 in
1681 1500 1778 1530 nobis
1802 1509 1897 1538 esse,
1932 1509 2048 1530 verum
2072 1498 2170 1529 etiam
2194 1504 2227 1530 et

1236 1543 1610 1576 PAR'HCIPATIONE
1633 1542 1870 1574 NATURALI.
1917 1542 2000 1574 Nam
2014 1543 2226 1583 quemadmo-

1236 1588 1313 1619 dum
1348 1588 1376 1618 si
1410 1589 1486 1629 quis
1509 1588 1585 1630 igne
1609 1586 1822 1628 liquefactam
1846 1596 1958 1617 ceram
1983 1584 2037 1617 alii
2062 1595 2159 1617 cerae
2182 1586 2226 1617 si-

1236 1630 1355 1662 militer
1377 1629 1576 1672 liquefactae
1600 1631 1644 1662 ita
1668 1631 1855 1668 miscuerit,
1891 1636 1924 1661 ut
1959 1640 2058 1661 unuin
2083 1629 2160 1670 quid
2184 1639 2226 1660 ex

1236 1676 1387 1716 utrisque
1400 1674 1523 1706 factum
1537 1674 1700 1712 videatur,
1724 1674 1773 1705 ¹sic
1793 1674 1974 1704 communit
1983 1673 2092 1704 atione
2106 1682 2225 1713 corpo-

1236 1719 1282 1750 ris
1308 1724 1340 1749 et
1363 1719 1535 1760 sanguinis
1559 1716 1682 1748 Christi
1704 1718 1777 1758 ipse
1801 1718 1834 1748 iu
1856 1717 1953 1748 nobis
1979 1722 2030 1747 est
2054 1722 2085 1747 et
2104 1726 2168 1747 nos
2192 1717 2226 1748 in

1236 1764 1320 1803 ipso.
1344 1762 1418 1793 Non
1442 1768 1571 1803 poterat
1586 1762 1670 1792 enim
1695 1760 1790 1792 aliter
1813 1758 2038 1802 corruptibilis
2060 1758 2144 1791 haec
2167 1770 2225 1790 na-

1236 1812 1310 1837 tura
1344 1806 1496 1846 corporis
1531 1805 1573 1837 ad
1597 1803 1940 1846 incorruptibilitatem
1972 1809 2003 1835 et
2027 1803 2127 1834 vitam
2159 1809 2225 1834 tra-

1236 1850 1325 1887 duci,
1348 1850 1411 1880 nisi
1435 1847 1595 1880 naturalis
1620 1849 1707 1879 vitae
1730 1858 1854 1889 corpus
1879 1849 1908 1878 ei
1933 1847 2201 1889 coniungeretur.

245 1579 280 1610 in
303 1577 385 1620 Cap.
410 1577 486 1609 XV.
511 1578 731 1616 Iohannis,
755 1577 812 1609 ubi
835 1583 1022 1608 tractamur
1045 1576 1129 1609 haec

382 1639 506 1670 verba:
531 1638 604 1682 Ego
628 1649 703 1670 sum
726 1638 802 1670 vitis
827 1648 907 1669 vera
930 1644 994 1669 etc.

279 1717 356 1749 Non
380 1723 490 1748 tamen
514 1726 676 1758 negamus
701 1723 792 1748 recta
816 1726 879 1748 nos
903 1715 982 1753 fide,
1006 1715 1183 1747 charitate-

194 1772 258 1804 que
281 1762 415 1792 sincera
438 1758 574 1791 Christo
598 1760 814 1801 spiritualiter
838 1760 1005 1801 coniungi,
1028 1759 1088 1789 sed
1112 1757 1184 1790 nul—

194 1805 261 1837 lam
294 1805 392 1836 nobis
427 1804 674 1836 coniunctionis
709 1805 870 1835 rationem
904 1802 1088 1834 secundum
1113 1812 1184 1833 car-

194 1858 269 1880 nem
294 1859 368 1879 eum
391 1846 448 1878 illo
473 1857 563 1885 esse,
587 1848 619 1878 id
642 1846 794 1889 profecto
818 1856 1059 1888 pernegamus,
1084 1846 1182 1887 idque

193 1902 213 1923 a
233 1892 352 1923 divinis
377 1892 555 1932 scripturis
579 1892 712 1922 omnino
737 1890 880 1922 alienum
904 1891 1054 1921 dicimus.
1100 1888 1182 1924 Quis
1208 1892 1211 1930 1

194 1935 281 1967 enim
305 1935 468 1966 dubitavit
491 1933 661 1965 Christum
681 1935 779 1966 etiam
802 1936 851 1965 sic
875 1935 973 1965 vitem
998 1943 1094 1970 esse,
1120 1942 1183 1963 nos
1208 1957 1211 1980 Ι

194 1988 275 2011 vero
308 1977 465 2020 palmites
500 1979 555 2019 qui
585 1978 685 2009 vitam
719 1978 796 2009 inde
829 1979 927 2009 nobis
958 1976 1182 2018 acquirimus?
1208 1988 1211 2009 ι

192 2022 281 2054 Audi
305 2020 445 2053 Paulum
471 2021 652 2059 dicentem,
692 2022 768 2063 quia
793 2031 909 2052 omnes
932 2031 1033 2052 unum
1058 2030 1182 2061 corpus
1209 2012 1212 2087 .
1617 2010 1844 2044 CYRlLLUS

194 2075 310 2097 sumus
329 2068 361 2098 in
381 2065 530 2105 Christo,
545 2065 619 2108 quia
635 2072 665 2097 et
679 2067 707 2096 si
720 2064 947 2100 multis-umus,
961 2074 1060 2094 unum
1074 2069 1183 2094 tamen
1209 2090 1211 2098 Α

194 2109 227 2140 Ῑῐῐ
240 2120 280 2141 ΘΟ
294 2121 424 2148 sumus,
448 2121 564 2142 omnes
577 2110 663 2141 enim
676 2119 741 2140 uno
756 2118 842 2150 pane
856 2107 1104 2149 participamus.
1129 2106 1183 2137 An
1209 2106 1211 2141 1
1236 2111 1267 2142 in
1292 2110 1374 2151 Cap.
1398 2116 1494 2141 sexto
1519 2108 1748 2146 Iohannis,
1777 2108 1832 2139 ubi
1863 2105 2150 2148 reprehenduntur
2173 2105 2225 2137 Iu—

193 2152 350 2186 fortassis
381 2159 477 2196 putat
500 2154 648 2195 ignotam
677 2153 775 2183 nobis
799 2152 959 2194 mysticae
981 2150 1183 2181 benedictio·
1209 2165 1211 2181 ;

193 2199 246 2230 nis
270 2200 425 2230 virtutem
449 2198 550 2229 esse?
584 2206 671 2238 quae
693 2206 767 2227 cum
791 2197 823 2226 in
847 2195 944 2226 nobis
968 2193 1037 2231 fiat,
1073 2202 1184 2224 nonne
1209 2205 1211 2238 ἓ

1332 2172 1395 2210 dei,
1420 2171 1508 2213 quod
1534 2169 1653 2202 offensi
1677 2174 1792 2200 essent
1816 2178 1970 2199 sermone
1995 2166 2130 2205 Christi,

194 2240 542 2275 CORPORALITER
589 2249 723 2281 quoque
762 2238 842 2270 facit
883 2237 1183 2269 communicatione
1209 2242 1211 2277 ζ
1496 2232 1538 2263 de
1560 2230 1818 2274 manducatione
1842 2229 1964 2260 carnis.

195 2287 305 2319 carnis
329 2284 467 2323 Christi,
490 2284 658 2316 Christum
682 2286 715 2315 in
738 2283 834 2314 nobis
859 2280 1031 2312 habitare?
1099 2279 1183 2311 Cum
1208 2280 1212 2302 ἰ

195 2331 282 2362 enim
305 2330 453 2362 membra
480 2326 624 2359 fidelium
648 2327 797 2358 membra
825 2324 950 2356 Christi
974 2322 1073 2355 sunt?
1117 2323 1183 2354 Ne-
1320 2319 1404 2350 Nam
1429 2328 1503 2349 cum
1527 2322 1696 2358 oporteret
1714 2326 1786 2354 θος,
1810 2316 1863 2357 qui
1894 2314 2039 2346 divinam
2069 2314 2224 2345 virtutem

194 2375 313 2414 scitis,
369 2373 498 2414 inquit,
551 2372 629 2413 quia
680 2370 830 2401 membra
880 2374 995 2399 vestra
1035 2367 1183 2397 membra
1235 2362 1415 2395 salvatoris
1436 2372 1475 2393 ac
1499 2366 1699 2402 potestatem
1730 2360 1903 2401 signorum
1926 2355 2086 2389 miraculo
2109 2366 2224 2407 perce·

194 2425 273 2450 sunt
297 2417 441 2450 Christi?
470 2409 618 2446 membra
640 2414 740 2454 igitur
764 2411 899 2449 Christi,
924 2410 1109 2441 meretricis
1135 2408 1182 2440 fa·
1234 2412 1365 2448 perunt,
1388 2414 1576 2436 sermonem
1596 2404 1665 2434 eius
1688 2401 1831 2434 libenter
1855 2402 2040 2442 suscipere,
2065 2406 2136 2431 etsi
2157 2409 2223 2441 qua

194 2463 279 2494 ciam
298 2460 470 2492 membra?
493 2459 590 2490 absit.
658 2453 813 2488 Salvator
832 2456 944 2487 etiam:
969 2454 1024 2495 qui
1047 2453 1183 2484 mandu-
1235 2448 1384 2482 difficilia
1414 2449 1626 2485 videbantur,
1662 2457 1777 2478 eorum
1812 2445 2013 2476 solutionem
2046 2452 2222 2485 quaerere,

194 2511 251 2537 cat
284 2515 417 2536 carnem
438 2513 557 2540 meam,
592 2501 648 2539 ait,
676 2506 708 2531 et
734 2500 814 2530 bibit
846 2498 1042 2540 sanguinem
1065 2507 1183 2535 meam,
1236 2500 1353 2525 contra
1376 2493 1509 2524 omnino
1532 2490 1670 2528 iaciunt,
1694 2497 1725 2521 et
1747 2489 1913 2530 quomodo
1937 2493 2047 2529 potest
2070 2486 2126 2518 hic
2150 2496 2221 2516 car—

193 2550 227 2580 in
251 2558 303 2580 me
326 2554 437 2579 manet
460 2552 493 2578 et
516 2555 579 2587 ego
603 2544 635 2574 in
655 2554 706 2575 eo.
774 2542 873 2574 Unde
904 2540 1183 2572 considerandum
1237 2548 1311 2569 nem
1345 2547 1440 2567 suam
1474 2535 1572 2567 nobis
1603 2534 1704 2566 dare?
1739 2534 1780 2564 de
1809 2531 1885 2563 Deo
1910 2542 1977 2562 non
2004 2531 2075 2562 sine
2099 2539 2221 2579 magna

195 2598 258 2631 est,
280 2602 348 2623 non
370 2590 563 2623 habitudine
586 2586 707 2625 solum,
730 2597 815 2627 quae
834 2595 895 2627 per
919 2584 1113 2615 charitatem
1137 2584 1184 2614 in·
1208 2605 1211 2615 ,
1235 2582 1403 2622 impietate
1438 2577 1666 2615 conclamant,
1694 2587 1759 2608 nec
1791 2576 1824 2607 in
1858 2580 2000 2607 mentem
2027 2574 2117 2605 venit
2141 2570 2222 2604 mhil
