2383 2990
21 379 34 453 ›uz-
21 323 34 365 14.-
21 269 31 304 τ*

21 522 35 649 Ἣ-

31 870 35 968 i

195 129 259 162 ²297
837 129 892 162 lV.
920 128 1178 160 ENARRATIO
1210 128 1411 160 SYMBULI
1435 128 1595 161 NiCENi.
2174 129 2238 160 298

196 227 295 258 sedes
331 225 504 256 docti-inae
534 231 696 266 perpetua
731 225 764 256 in
798 222 876 256 loeo
913 231 1006 256 certo
1037 230 1128 256 esset
1158 228 1217 270 et}
1332 222 1489 266 Aliquam
1524 225 1625 266 igitur
1659 222 1887 255 liberationem
1925 230 2055 255 restare
2094 234 2238 256 necesse

194 274 355 301 maneret.
425 267 576 309 Suntque
610 268 689 299 anni
713 269 755 299 ab
781 269 869 300 exitu
888 279 931 300 ex
955 269 1112 311 Aegypto
1136 278 1191 299 us·
1215 272 1217 285 '
1245 273 1309 305 est,
1334 269 1366 299 iii
1391 278 1456 309 qua
1481 267 1549 299 Lex
1574 268 1640 299 fiet.
1665 267 1779 299 Restat
1805 268 1905 309 igitur
1928 267 1993 299 alia
2015 268 2091 303 vita,
2116 269 2148 299 in
2173 279 2239 310 qua

196 322 261 355 que
283 312 326 344 ad
350 312 633 343 resurrectionem
656 311 791 343 Domini
827 313 933 343 nostri
954 311 1030 343 lesu
1054 311 1191 349 Christi,
1214 291 1217 354 i
1246 311 1351 343 eorda
1372 318 1488 342 nostra
1513 318 1608 343 erunt
1633 312 1704 343 sine
1725 319 1877 353 peccato,
1900 318 1931 343 et
1951 314 2169 353 praestabunt
2192 314 2239 344 in-

194 355 283 388 mille
307 356 479 398 quingenti
503 355 725 397 quadraginta
749 355 825 387 duo.
869 355 932 386 Tot
957 366 1065 386 annos
1090 356 1190 387 sedes
1215 356 1217 387 “,
1245 361 1376 396 tegi-am
1389 355 1621 393 obedientiam,
1643 357 1812 387 etinterea
1826 354 2005 387 Liberator
2022 354 2141 398 aliquis
2163 357 2235 395 erit,

194 397 251 431 illa
285 400 456 431 doctrinae
490 399 523 429 in
558 398 685 440 populo
712 406 743 430 et
768 398 844 430 loco
869 405 961 431 certo
987 406 1192 430 conservata
1245 397 1376 430 scilicet
1399 398 1502 430 Filius
1528 398 1590 429 Dei
1623 400 1720 431 nobis
1744 400 1952 440 promissus,
1977 400 2033 441 qui
2056 398 2240 431 satisfaciat

194 448 254 475 est.
1216 458 1219 463 >
1245 441 1340 484 Legi,
1364 443 1546 483 praestabit
1573 444 1735 485 integram
1756 443 1989 481 obedientiam,
2014 450 2045 475 et
2064 449 2241 485 praeterea

1215 465 1219 521 i
1244 496 1388 527 poenam
1408 485 1489 527 Legi
1509 486 1653 517 debitam
1672 498 1690 517 a
1711 487 1809 517 nobis
1829 487 2016 526 sustinebit,
2036 493 2069 518 et
2087 488 2241 519 restituet

1215 524 1219 561 Ι
1246 539 1321 568 1105,
1340 529 1394 571 qui
1408 535 1439 560 et
1454 530 1485 560 in
1502 529 1594 572 Lege
1609 529 1707 561 Mois'i
1721 529 1830 562 inultis
1850 532 1936 572 typis
1951 530 2157 573 significatus
2177 537 2240 564 est.

281 511 351 543 Sed
386 512 509 543 omissa
544 512 608 542 iarn
632 510 860 543 declaratione
881 511 1008 554 Legum
1033 511 1191 543 Ceremo-

194 553 339 594 nialium,
371 561 404 587 et
438 555 648 593 Forensium,
684 564 770 596 quae
804 555 847 586 ad
883 561 1035 587 caeteras
1071 562 1190 597 gentes

194 609 260 630 non
284 599 462 640 pertinent,
486 599 637 630 dicamus
661 597 832 640 aliquanto
857 597 955 639 plura
979 599 1020 630 de
1042 598 1191 641 Legibus

193 641 389 681 moralibus,
423 652 483 673 seu
507 640 697 683 Decalogo,
722 642 776 683 qui
811 642 935 672 indicat
958 649 1134 683 peccatum
1158 642 1191 673 in

195 691 265 718 toto
291 696 417 729 genere
440 686 586 717 humano
610 685 764 716 omnibus
790 686 1009 726 temporibus.

1335 598 1412 630 ldeo
1449 598 1573 631 Paulus
1604 599 1723 641 inquit:
1754 599 1844 630 Finis
1870 599 1972 642 Legis
1997 599 2152 632 Christus
2176 606 2240 640 est,

1245 644 1287 674 ad
1310 643 1468 674 iustitiam
1483 643 1570 675 omni
1591 644 1752 681 credenti,
1777 643 1807 673 id
1833 651 1896 682 est,
1920 644 1991 675 Lex
2011 655 2078 676 non
2099 651 2149 676 est
2173 650 2240 676 tra-

1245 687 1325 724 dita,
1362 693 1393 717 ut
1425 693 1562 728 propter
1597 697 1669 718 eain
1695 687 1771 718 iusti
1795 688 1910 726 simus,
1941 688 2001 719 sed
2025 694 2060 719 ut
2085 689 2127 719 sit
2151 699 2240 720 com-

1244 729 1447 761 nionel'actio
1483 731 1524 761 de
1559 730 1754 769 Mediatore,
1790 736 1823 761 et
1846 733 1992 763 sciamus
2016 742 2091 762 eum
2115 733 2240 764 consti-

1244 779 1351 805 tutum
1376 784 1466 812 esse,
1488 780 1523 805 nt
1548 774 1641 806 fieret
1666 775 1812 813 victima,
1836 780 1868 806 et
1891 775 2073 806 sustineret
2095 786 2241 818 poenam

1244 817 1329 859 Legi
1364 819 1510 849 debitam
1534 830 1553 849 a
1578 819 1689 851 nobis.
1725 825 1757 849 et
1779 829 1842 849 nos
1866 825 2002 860 propter
2026 829 2101 850 eum
2124 820 2239 863 recipi,

472 853 546 893 DE
577 852 906 894 DECALOGO.
1214 878 1219 988 Ι
1245 868 1278 893 et
1300 863 1408 903 ipsum
1433 863 1465 893 in
1488 862 1587 893 nobis
1611 863 1866 895 instauratorem
1890 861 1962 894 fore
1985 862 2099 905 Legis.

301 964 309 975 ,
665 964 672 971 ,
694 965 701 972 ,
949 964 955 972 ,
1018 965 1024 972 ‚
1127 965 1133 972 ,
1158 965 1165 972 ,
1334 931 1405 963 Hae
1433 932 1697 970 admonitiones,
1733 942 1817 974 quas
1842 932 2017 970 recensui,
2053 934 2118 964 sint
2141 934 2239 964 nobis

280 963 499 1005 hequaquam
531 963 702 1017 ΡΧΙῑῧῑξΓΠἸ
739 969 851 1015 Ρθῐθῗξ
883 971 1047 1015 S³B¹e¹¹¹¹³
1070 962 1134 1016 ΡΨ
1158 974 1190 995 ¹¹¹
1245 976 1275 1006 in
1302 982 1498 1017 conspectu,
1521 982 1556 1007 nt
1577 974 1766 1013 diligentins
1792 976 2044 1008 consideremus
2068 983 2099 1008 et
2115 976 2240 1019 Legem

191 1005 369 1049 Dessalssgo
401 1015 587 1049 PPOPOSlfflae
622 1008 691 1059 {end
726 1015 761 1038 ¹1¹
793 1006 1191 1059 ‘¹¹¹¹g0¹¹¹¹¹¹⁵‚flslnfflfflffl'
1214 998 1218 1046 i
1245 1018 1320 1055 Dei,
1343 1026 1374 1051 et
1395 1020 1574 1051 discrimen
1600 1011 1703 1062 Legis
1723 1026 1753 1051 et
1780 1019 1965 1062 Evangelii.
2013 1020 2108 1052 Nunc
2133 1021 2240 1052 brevi-

192 1057 224 1083 et
249 1051 493 1089 consideretur,
516 1051 763 1083 admonitiones
783 1050 915 1093 aliquas
935 1053 1101 1083 recitabo.
1244 1070 1296 1094 ter
1321 1065 1470 1095 recitabo
1494 1070 1673 1104 praecepta
1696 1062 1872 1105 Deculo&-

281 1120 392 1152 Prima
417 1126 448 1151 et
473 1121 618 1152 omnium
644 1132 773 1152 sumnia
797 1127 863 1152 est:
893 1121 986 1152 Haec
1009 1122 1082 1162 ipsa
1108 1120 1191 1159 Lex,

192 1174 279 1207 quae
303 1170 355 1196 est
375 1171 548 1195 aeternum
573 1171 603 1195 et
629 1165 798 1195 immotum
823 1165 1001 1196 discrimen
1022 1164 1191 1196 faciendo-

191 1217 264 1240 rum
289 1215 320 1239 et
345 1217 410 1239 non
435 1206 679 1245 faciendorum,
703 1214 755 1239 est
781 1209 1016 1246 testiinonium,
1041 1209 1129 1250 quod
1150 1209 1192 1239 sit

191 1251 308 1290 Deus,
334 1258 365 1283 et
390 1250 500 1293 qualis
523 1252 578 1289 sit,
603 1250 777 1290 videlicet,
802 1262 896 1283 niens
921 1253 1068 1293 sapiens,
1094 1253 1193 1290 bona,

195 1293 363 1333 benefica,
387 1294 486 1333 iusta,
511 1305 625 1332 verax,
651 1302 755 1326 casta.
803 1294 1012 1336 lmpossibile
1032 1302 1082 1326 est
1107 1296 1193 1327 enim

192 1337 290 1370 talem
315 1339 464 1369 ordinem
490 1348 570 1370 casu
596 1339 741 1370 existere
766 1345 797 1370 et
822 1349 969 1370 manere.

1598 1193 1887 1226 DECALoGUs.

1334 1273 1442 1315 Supra
1479 1273 1562 1310 dixi,
1604 1274 1737 1315 quoties
1772 1274 1980 1304 nominamus
2018 1273 2243 1316 Decalogum,

1247 1328 1310 1349 nos
1335 1316 1519 1359 intelligere
1544 1317 1740 1358 sapientiam
1766 1323 1798 1348 et
1822 1317 1991 1355 iustitiam,
2023 1328 2110 1359 quae
2133 1324 2183 1349 est
2208 1319 2241 1350 in

1216 1354 1219 1392 l
1248 1360 1332 1399 Deo,
1356 1368 1387 1393 et
1412 1362 1506 1393 cuius
1531 1361 1643 1392 radius
1668 1361 1699 1392 in
1725 1367 1854 1392 mentes
1867 1361 2031 1392 humanas
2049 1360 2241 1394 transfusus

279 1407 438 1439 Testatur
473 1409 570 1439 etiam
590 1407 700 1439 Deum
725 1418 803 1440 esse
828 1409 981 1447 iudicem,
1019 1416 1049 1440 et
1075 1410 1192 1450 punire
1216 1403 1219 1441 i
1246 1412 1312 1442 881,
1349 1416 1541 1447 ⁰0¹¹g1'Uffl1S
1576 1416 1651 1436 cum
1687 1411 1796 1436 meme
1821 1411 1853 1436 θῐ
1883 1403 2057 1436 ῪΟῙῠῐὶῐὲὶῐθ
2082 1405 2159 1443 Del>
2183 1406 2239 1448 (1¹1i

192 1458 322 1490 sontes,
359 1452 436 1493 quia
466 1450 534 1482 tale
565 1452 742 1483 discrimen
774 1463 840 1483 non
873 1459 924 1484 est
948 1453 1056 1484 inane.
1120 1453 1191 1484 Nec
1216 1453 1218 1464 ⁴
1246 1449 1404 1487 ostendit,
1440 1447 1557 1491 quales
1583 1456 1734 1490 oporteat
1761 1459 1839 1479 esse
1863 1459 1979 1481 omnes
2005 1448 2171 1488 homines,
2207 1456 2237 1481 et

191 1494 285 1527 Deus
322 1496 384 1526 erit
420 1494 590 1527 dissimilis
615 1496 677 1533 sui,
711 1506 775 1527 nec
799 1495 888 1527 volet
913 1498 1093 1537 pugnantia
1118 1507 1191 1527 cuin
1217 1516 1218 1527 i
1246 1493 1380 1523 damnat
1401 1504 1529 1530 omnes,
1553 1494 1607 1534 qui
1635 1503 1699 1523 non
1724 1499 1799 1523 sunt
1824 1491 1929 1523 tales,
1964 1503 2050 1534 quae
2076 1493 2242 1534 sapientia

191 1549 254 1570 sua
286 1545 396 1570 mente
431 1546 464 1570 et
499 1538 683 1570 voluntate.
753 1540 829 1571 Ideo
859 1547 890 1571 et
916 1539 1072 1571 psalmus
1097 1541 1191 1571 dieii:
1216 1534 1219 1548 '
1246 1543 1386 1567 vocatur
1410 1536 1478 1568 Lex
1504 1535 1640 1567 moralis
1665 1543 1719 1567 aut
1741 1535 1912 1574 naturalis,
1939 1545 1971 1567 et
1997 1548 2143 1575 summa,
2168 1545 2240 1569 tan-

191 1583 267 1615 Non
293 1581 411 1614 volens
436 1583 637 1623 impietatem
663 1582 759 1615 Deus
783 1591 816 1614 tu
842 1594 889 1615 es.
950 1583 1111 1615 Videmus
1135 1595 1192 1615 au·
1215 1601 1218 1608 -
1246 1590 1344 1621 quam
1369 1580 1609 1621 sapientissimi
1634 1580 1773 1611 artificis
1805 1579 1958 1618 consilio,
1994 1581 2241 1622 comprehensa

192 1632 259 1658 tem
295 1633 327 1657 et.
363 1636 492 1667 poenas
528 1627 559 1657 in
589 1625 654 1658 liae
678 1629 848 1667 praesenti
874 1629 939 1659 vitii
966 1629 1191 1669 quotidianas,
1245 1630 1296 1654 est
1321 1624 1353 1654 in
1379 1623 1569 1667 Det-alogo.

192 1671 269 1713 quia
294 1669 495 1712 regulariter
518 1671 647 1702 atrocia
671 1669 790 1703 delicta
814 1672 995 1712 puniuntur
1019 1672 1190 1703 atrocibus

191 1715 309 1755 poen-'s
334 1714 366 1744 in
391 1713 455 1745 hac
480 1714 559 1745 vita·
1334 1694 1438 1725 lluius
1462 1693 1610 1725 Tabulae
1635 1694 1720 1725 duae
1748 1695 1943 1735 propositae
1973 1701 2066 1733 sunt,
2101 1706 2240 1737 quarum

1244 1738 1336 1779 prior
1357 1739 1520 1779 praecipit
1541 1748 1642 1778 opera
1662 1739 1819 1769 interiora
1844 1746 1875 1770 et
1900 1739 2083 1777 exteriora,
2119 1740 2240 1782 quibus

279 1783 436 1815 Secunda
471 1784 654 1815 admonitio
690 1791 752 1815 est.
820 1785 902 1816 (jum
928 1785 1082 1816 ostendat
1105 1785 1189 1823 Lex,
1216 1785 1219 1828 Ι
1245 1782 1431 1813 immediate
1454 1794 1528 1813 cum
1553 1781 1628 1813 Deo
1652 1783 1792 1825 agimus.

193 1825 302 1869 qualis
338 1828 381 1857 sit
416 1826 522 1865 Deus,
558 1828 702 1858 ostendit
734 1829 832 1859 etiam
857 1828 989 1870 qualem
1015 1830 1191 1870 oportebat

191 1880 270 1902 esse
305 1870 393 1901 lianc
428 1869 596 1902 hominum
623 1878 792 1910 naturam,
829 1879 858 1903 et
883 1873 924 1903 ad
950 1874 1029 1914 quid
1055 1873 1190 1904 condita
1215 1843 1219 1918 i

191 1915 244 1945 sit.
275 1913 359 1946 Vult
383 1915 469 1946 enim
494 1913 589 1946 Deus
614 1914 767 1946 liomiiics
781 1926 859 1947 esse
883 1916 1058 1958 imaginem
1083 1927 1189 1955 suani,

191 1956 262 1990 vult
282 1968 471 2000 congruere
493 1965 636 1990 mentem
656 1965 688 1990 et
714 1958 917 1991 voluntatem
943 1967 1094 1991 nosti-ani
1115 1971 1190 1992 cum

190 2000 310 2044 regula
333 2003 454 2034 mentis
473 2012 558 2034 suae
581 2009 613 2034 et
637 2003 818 2035 iustissima
844 2002 1013 2035 voluntate
1037 2014 1110 2035 sua.

1333 1852 1503 1891 Secunda,
1540 1853 1687 1883 continet
1724 1862 1824 1893 opera
1850 1863 1931 1895 erga
1955 1852 2118 1890 homines,
2154 1862 2242 1894 quae

1244 1896 1306 1926 etsi
1332 1904 1408 1927 sunt
1434 1895 1566 1927 xiiii-ula
1592 1895 1755 1927 humanae
1775 1897 1964 1935 societatis,
2000 1902 2109 1927 tamen
2144 1895 2239 1927 Deus

1244 1948 1272 1970 ei
1299 1939 1387 1971 lianc
1411 1941 1642 1971 obedientianr
1668 1941 1883 1971 severissime
1907 1938 2068 1981 postulat,
2102 1945 2135 1971 et
2158 1940 2239 1971 iudi-

1245 1990 1297 2015 cat
1321 1994 1393 2015 eam
1419 1995 1496 2016 esse
1521 1983 1646 2016 cultum
1671 1983 1744 2015 Dei.
1792 1984 1850 2015 Sic
1875 1984 1975 2026 igitur
1999 1992 2030 2015 et
2057 1990 2238 2026 praecepta

1243 2029 1413 2060 secundae
1436 2027 1586 2060 Tabulae
1609 2027 1836 2069 intelligantur
1861 2035 1891 2059 et
1916 2029 2008 2066 fiant,
2034 2034 2067 2059 ut
2092 2028 2122 2059 in
2137 2028 2240 2059 onmi-

1245 2073 1307 2103 bus
1343 2073 1531 2115 cogitemus
1567 2074 1662 2109 liaeo,
1695 2072 1802 2104 Deum
1827 2083 1904 2103 esse
1929 2073 1984 2114 qui
2009 2072 2181 2113 praecipit,
2205 2077 2239 2103 et

1244 2115 1320 2147 Deo
1353 2115 1441 2148 lianc
1476 2117 1697 2148 obedientiam
1720 2116 1956 2157 prae-tantiam
1981 2125 2071 2154 esse,
2107 2122 2138 2146 et
2160 2126 2238 2157 pro-

1243 2160 1405 2200 spiciatur
1438 2159 1492 2191 liic
1527 2160 1619 2199 finis,
1659 2166 1694 2192 ut
1730 2159 1809 2191 liant
1845 2159 1928 2191 baec
1964 2170 2067 2202 opera
2100 2165 2238 2202 propter

1243 2203 1364 2236 Deum.

278 2080 389 2112 Tertia
415 2081 611 2113 admonitio.
677 2081 748 2113 Lex
779 2083 925 2114 ostendit
954 2084 1052 2114 nobis
1076 2084 1189 2125 ingen-

189 2130 254 2156 tem
270 2125 447 2156 miseriam
478 2131 641 2157 nostram.
706 2126 789 2157 Cum
821 2127 906 2158 enim
931 2134 1048 2158 natura
1073 2134 1190 2158 nostra

191 2168 414 2200 dissimillima
437 2170 480 2200 sit
505 2169 601 2211 Leg2,
626 2170 792 2201 intuentes
816 2171 948 2209 ineam,
974 2178 1131 2213 tanquam
1156 2171 1187 2202 in

189 2211 378 2254 speculum,
404 2213 554 2244 videmus
579 2211 668 2244 illam
683 2214 877 2256 sapientiam
902 2222 931 2246 et
958 2215 1127 2253 iustitiam,
1146 2215 1188 2246 ad

191 2266 288 2298 quam
314 2257 439 2288 conditi
463 2260 591 2295 sumus,
615 2258 773 2288 amissam
798 2268 886 2297 esse,
910 2270 950 2289 ae
963 2259 1123 2290 discimus
1148 2269 1188 2289 ex

189 2310 242 2339 ea,
278 2306 456 2342 peccatum
493 2311 630 2332 causam
654 2311 734 2333 esse
757 2303 888 2341 mortis,
912 2309 945 2334 et
969 2303 1114 2334 oninium
1134 2313 1188 2334 ca-

188 2341 373 2376 lamitatum
397 2350 601 2376 nostrarum.

1331 2273 1456 2306 Postea
1490 2274 1531 2305 de
1562 2274 1717 2306 omnibus
1741 2275 1931 2316 praeceptis
1952 2274 2049 2305 etiam
2073 2274 2235 2311 dicemus,

1243 2324 1400 2360 oportere
1423 2328 1460 2350 ea
1487 2318 1558 2349 fieri
1577 2319 1611 2349 iii
1636 2319 1805 2360 agnitione
1829 2325 1861 2349 et
1886 2318 1949 2349 tide
1974 2317 2180 2355 Mediatoris,
2204 2322 2236 2347 et

1243 2363 1411 2404 quomodo
1435 2361 1501 2393 hoc
1523 2361 1774 2404 intelligendum
1793 2362 1847 2400 sit,
1872 2368 1991 2403 postea
2010 2361 2148 2392 dicetur.

277 2413 406 2450 Quarta
425 2414 618 2445 admonitio.
675 2414 858 2457 Postquam
883 2414 974 2457 Lege
999 2426 1188 2447 commone-

188 2456 289 2497 facti,
324 2458 542 2499 agnoscimus
567 2464 756 2499 peceatum,
790 2460 956 2490 miseriam
981 2466 1130 2490 nosti-am
1156 2466 1188 2491 et

188 2502 271 2533 iram
297 2501 371 2540 Dei,
394 2508 533 2533 econtra
557 2501 779 2543 significatur,
802 2503 1026 2545 quaerendam
1051 2513 1128 2534 esse
1150 2501 1188 2534 li·-
1473 2492 1535 2524 DE
1561 2493 1699 2525 PR¹3¹0
1724 2491 2003 2525 PRAECEFTO·

189 2545 412 2577 bei-tationem
438 2546 481 2577 ab
505 2546 557 2577 liis
582 2544 692 2584 malis,
722 2547 800 2588 quia
824 2546 1032 2589 impossibile
1055 2554 1107 2578 est
1131 2557 1189 2589 ge-

189 2599 254 2621 nus
276 2588 457 2621 humanum
468 2590 676 2628 universum,
699 2590 741 2621 ad
755 2596 926 2622 aeternum
951 2591 1083 2622 exitium
1109 2601 1188 2622 con-

192 2632 307 2672 ditum,
330 2639 363 2665 et
386 2631 496 2676 legem
514 2631 641 2665 frustra
664 2644 750 2665 voce
772 2633 836 2665 Dei
865 2636 1075 2677 propositam
1098 2645 1187 2667 esse.

1330 2590 1464 2632 Optimo
1487 2590 1604 2622 ordine
1627 2589 1753 2621 orditur
1776 2587 1970 2631 Decalogus
1986 2599 2006 2620 a
2029 2589 2145 2620 notitia
2157 2587 2234 2627 Dei,

1242 2641 1273 2665 et
1297 2640 1462 2666 monstrat
1485 2635 1559 2676 quis
1579 2635 1622 2665 sit
1646 2643 1748 2665 verus
1772 2632 1878 2672 Deus,
1901 2639 1936 2665 et
1948 2633 2118 2675 quomodo
2130 2643 2234 2676 agno-
