<?xml version="1.0" encoding="UTF-8"?>
<!DOCTYPE html PUBLIC "-//W3C//DTD XHTML 1.0 Transitional//EN"
    "http://www.w3.org/TR/xhtml1/DTD/xhtml1-transitional.dtd">
<html xmlns="http://www.w3.org/1999/xhtml" xml:lang="en" lang="en">
 <head>
  <title>
</title>
<meta http-equiv="Content-Type" content="text/html;charset=utf-8" />
  <meta name='ocr-system' content='tesseract 3.04.00' />
  <meta name='ocr-capabilities' content='ocr_page ocr_carea ocr_par ocr_line ocrx_word'/>
</head>
<body>
  <div class='ocr_page' id='page_1' title='image "./operaquaesupersu23melauoft_0233.png"; bbox 0 0 2383 2990; ppageno 0'>
   <div class='ocr_carea' id='block_1_1' title="bbox 9 231 22 1017">
    <p class='ocr_par' dir='ltr' id='par_1_1' title="bbox 9 231 22 1017">
     <span class='ocr_line' id='line_1_1' title="bbox 9 231 22 1017; baseline 0 0"><span class='ocrx_word' id='word_1_1' title='bbox 9 231 22 1017; x_wconf 95' lang='lat' dir='ltr'><strong> </strong></span> 
     </span>
    </p>
   </div>
   <div class='ocr_carea' id='block_1_2' title="bbox 150 114 1149 150">
    <p class='ocr_par' dir='ltr' id='par_1_2' title="bbox 150 114 1149 150">
     <span class='ocr_line' id='line_1_2' title="bbox 150 114 1149 150; baseline -0.003 -1"><span class='ocrx_word' id='word_1_2' title='bbox 150 116 215 150; x_wconf 88' lang='lat'><strong>333</strong></span> <span class='ocrx_word' id='word_1_3' title='bbox 784 115 841 147; x_wconf 86' lang='lat' dir='ltr'><strong>lv.</strong></span> <span class='ocrx_word' id='word_1_4' title='bbox 886 114 1149 147; x_wconf 81' lang='lat' dir='ltr'><strong>ENARRATIO</strong></span> 
     </span>
    </p>
   </div>
   <div class='ocr_carea' id='block_1_3' title="bbox 238 209 1146 253">
    <p class='ocr_par' dir='ltr' id='par_1_3' title="bbox 238 209 1146 253">
     <span class='ocr_line' id='line_1_3' title="bbox 238 209 1146 253; baseline -0.001 -10"><span class='ocrx_word' id='word_1_5' title='bbox 238 211 376 244; x_wconf 83' lang='lat' dir='ltr'><strong>Manere</strong></span> <span class='ocrx_word' id='word_1_6' title='bbox 406 216 518 242; x_wconf 89' lang='lat' dir='ltr'><strong>tamen</strong></span> <span class='ocrx_word' id='word_1_7' title='bbox 542 209 675 252; x_wconf 80' lang='lat' dir='ltr'>aliquae</span> <span class='ocrx_word' id='word_1_8' title='bbox 693 221 824 252; x_wconf 86' lang='lat' dir='ltr'><strong>poenae</strong></span> <span class='ocrx_word' id='word_1_9' title='bbox 847 216 1044 253; x_wconf 81' lang='lat' dir='ltr'><strong>praesentes</strong></span> <span class='ocrx_word' id='word_1_10' title='bbox 1068 221 1146 252; x_wconf 85' lang='lat' dir='ltr'><strong>pos-</strong></span> 
     </span>
    </p>
   </div>
   <div class='ocr_carea' id='block_1_4' title="bbox 150 253 1174 379">
    <p class='ocr_par' dir='ltr' id='par_1_4' title="bbox 150 253 1174 379">
     <span class='ocr_line' id='line_1_4' title="bbox 151 253 1174 297; baseline -0.003 -9"><span class='ocrx_word' id='word_1_11' title='bbox 151 261 240 294; x_wconf 85' lang='lat' dir='ltr'><strong>sunt,</strong></span> <span class='ocrx_word' id='word_1_12' title='bbox 264 255 387 297; x_wconf 83' lang='lat' dir='ltr'><strong>quibus</strong></span> <span class='ocrx_word' id='word_1_13' title='bbox 411 254 520 286; x_wconf 81' lang='lat' dir='ltr'><strong>sancti</strong></span> <span class='ocrx_word' id='word_1_14' title='bbox 543 260 576 285; x_wconf 87' lang='lat' dir='ltr'><strong>et</strong></span> <span class='ocrx_word' id='word_1_15' title='bbox 601 253 698 285; x_wconf 91' lang='lat' dir='ltr'><strong>electi</strong></span> <span class='ocrx_word' id='word_1_16' title='bbox 724 265 856 296; x_wconf 89' lang='lat' dir='ltr'><strong>quoque</strong></span> <span class='ocrx_word' id='word_1_17' title='bbox 876 255 1098 297; x_wconf 78' lang='lat' dir='ltr'><strong>castigantur,</strong></span> <span class='ocrx_word' id='word_1_18' title='bbox 1112 261 1147 286; x_wconf 92' lang='lat' dir='ltr'><strong>ut</strong></span> <span class='ocrx_word' id='word_1_19' title='bbox 1172 260 1174 294; x_wconf 67' lang='grc' dir='ltr'><em>ξ</em></span> 
     </span>
     <span class='ocr_line' id='line_1_5' title="bbox 150 298 1173 340; baseline -0.002 -9"><span class='ocrx_word' id='word_1_20' title='bbox 150 298 275 331; x_wconf 86' lang='lat' dir='ltr'><strong>Psalm.</strong></span> <span class='ocrx_word' id='word_1_21' title='bbox 299 298 352 330; x_wconf 66' lang='lat'><strong>88.</strong></span> <span class='ocrx_word' id='word_1_22' title='bbox 378 298 513 329; x_wconf 88' lang='lat' dir='ltr'><strong>dicitur:</strong></span> <span class='ocrx_word' id='word_1_23' title='bbox 541 298 694 329; x_wconf 84' lang='lat' dir='ltr'><strong>Visitabo</strong></span> <span class='ocrx_word' id='word_1_24' title='bbox 718 299 750 329; x_wconf 91' lang='lat' dir='ltr'><strong>in</strong></span> <span class='ocrx_word' id='word_1_25' title='bbox 776 299 872 340; x_wconf 78' lang='lat' dir='ltr'><strong>virga</strong></span> <span class='ocrx_word' id='word_1_26' title='bbox 885 299 1076 340; x_wconf 73' lang='lat' dir='ltr'><strong>iniquitates</strong></span> <span class='ocrx_word' id='word_1_27' title='bbox 1091 308 1146 329; x_wconf 92' lang='lat' dir='ltr'><strong>eo·</strong></span> <span class='ocrx_word' id='word_1_28' title='bbox 1172 323 1173 329; x_wconf 69' lang='grc'>,</span> 
     </span>
     <span class='ocr_line' id='line_1_6' title="bbox 355 340 1173 379; baseline 0 -6"><span class='ocrx_word' id='word_1_29' title='bbox 355 341 622 373; x_wconf 77' lang='lat' dir='ltr'><strong>Misericordiam</strong></span> <span class='ocrx_word' id='word_1_30' title='bbox 646 348 757 373; x_wconf 88' lang='lat' dir='ltr'><strong>autem</strong></span> <span class='ocrx_word' id='word_1_31' title='bbox 780 352 888 373; x_wconf 84' lang='lat' dir='ltr'><strong>meam</strong></span> <span class='ocrx_word' id='word_1_32' title='bbox 911 352 980 373; x_wconf 89' lang='lat' dir='ltr'><strong>non</strong></span> <span class='ocrx_word' id='word_1_33' title='bbox 998 340 1146 373; x_wconf 82' lang='lat' dir='ltr'><strong>auferam</strong></span> <span class='ocrx_word' id='word_1_34' title='bbox 1172 344 1173 379; x_wconf 68' lang='lat' dir='ltr'>J</span> 
     </span>
    </p>
   </div>
   <div class='ocr_carea' id='block_1_5' title="bbox 149 348 309 418">
    <p class='ocr_par' dir='ltr' id='par_1_5' title="bbox 149 348 309 418">
     <span class='ocr_line' id='line_1_7' title="bbox 149 348 309 374; baseline -0.013 0"><span class='ocrx_word' id='word_1_35' title='bbox 149 354 221 374; x_wconf 84' lang='lat' dir='ltr'><strong>rum</strong></span> <span class='ocrx_word' id='word_1_36' title='bbox 246 348 309 373; x_wconf 89' lang='lat' dir='ltr'><strong>etc.</strong></span> 
     </span>
     <span class='ocr_line' id='line_1_8' title="bbox 150 387 268 418; baseline -0.008 0"><span class='ocrx_word' id='word_1_37' title='bbox 150 387 192 418; x_wconf 89' lang='lat' dir='ltr'><strong>ab</strong></span> <span class='ocrx_word' id='word_1_38' title='bbox 217 396 268 417; x_wconf 92' lang='lat' dir='ltr'><strong>eo.</strong></span> 
     </span>
    </p>
   </div>
   <div class='ocr_carea' id='block_1_6' title="bbox 1173 114 2198 150">
    <p class='ocr_par' dir='ltr' id='par_1_6' title="bbox 1173 114 2198 150">
     <span class='ocr_line' id='line_1_9' title="bbox 1173 114 2198 150; baseline 0.002 -3"><span class='ocrx_word' id='word_1_39' title='bbox 1173 114 1376 148; x_wconf 85' lang='lat' dir='ltr'><strong>SYMBOLl</strong></span> <span class='ocrx_word' id='word_1_40' title='bbox 1399 117 1429 149; x_wconf 89' lang='lat' dir='ltr'>N</span> <span class='ocrx_word' id='word_1_41' title='bbox 1433 116 1561 149; x_wconf 83' lang='lat' dir='ltr'><strong>1CEN1.</strong></span> <span class='ocrx_word' id='word_1_42' title='bbox 2131 117 2198 150; x_wconf 77' lang='lat'><strong>334</strong></span> 
     </span>
    </p>
   </div>
   <div class='ocr_carea' id='block_1_7' title="bbox 1172 211 2198 469">
    <p class='ocr_par' dir='ltr' id='par_1_7' title="bbox 1172 211 2198 469">
     <span class='ocr_line' id='line_1_10' title="bbox 1172 211 2196 255; baseline 0.002 -12"><span class='ocrx_word' id='word_1_43' title='bbox 1172 214 1174 254; x_wconf 61' lang='lat' dir='ltr'><strong>i</strong></span> <span class='ocrx_word' id='word_1_44' title='bbox 1288 213 1380 245; x_wconf 85' lang='lat' dir='ltr'><strong>Haec</strong></span> <span class='ocrx_word' id='word_1_45' title='bbox 1406 213 1447 244; x_wconf 87' lang='lat' dir='ltr'><strong>de</strong></span> <span class='ocrx_word' id='word_1_46' title='bbox 1470 213 1628 254; x_wconf 80' lang='lat' dir='ltr'><strong>praemiis</strong></span> <span class='ocrx_word' id='word_1_47' title='bbox 1651 214 1887 255; x_wconf 83' lang='lat' dir='ltr'><strong>praesentibus</strong></span> <span class='ocrx_word' id='word_1_48' title='bbox 1918 211 2114 254; x_wconf 84' lang='lat' dir='ltr'><strong>disciplinae</strong></span> <span class='ocrx_word' id='word_1_49' title='bbox 2137 225 2196 255; x_wconf 92' lang='lat' dir='ltr'><strong>po-</strong></span> 
     </span>
     <span class='ocr_line' id='line_1_11' title="bbox 1200 255 2197 297; baseline 0.001 -10"><span class='ocrx_word' id='word_1_50' title='bbox 1200 255 1310 287; x_wconf 88' lang='lat' dir='ltr'><strong>liticae</strong></span> <span class='ocrx_word' id='word_1_51' title='bbox 1346 257 1470 287; x_wconf 75' lang='lat' dir='ltr'><strong>dixisse</strong></span> <span class='ocrx_word' id='word_1_52' title='bbox 1504 257 1587 288; x_wconf 82' lang='lat' dir='ltr'><strong>satis</strong></span> <span class='ocrx_word' id='word_1_53' title='bbox 1617 257 1670 288; x_wconf 80' lang='lat' dir='ltr'><strong>sit.</strong></span> <span class='ocrx_word' id='word_1_54' title='bbox 1717 257 1781 289; x_wconf 87' lang='lat' dir='ltr'><strong>Sed</strong></span> <span class='ocrx_word' id='word_1_55' title='bbox 1806 268 1880 288; x_wconf 87' lang='lat' dir='ltr'><strong>cum</strong></span> <span class='ocrx_word' id='word_1_56' title='bbox 1905 256 1988 287; x_wconf 84' lang='lat' dir='ltr'><strong>haec</strong></span> <span class='ocrx_word' id='word_1_57' title='bbox 2013 258 2197 297; x_wconf 73' lang='lat' dir='ltr'><strong>depravata</strong></span> 
     </span>
     <span class='ocr_line' id='line_1_12' title="bbox 1200 299 2196 342; baseline 0.001 -11"><span class='ocrx_word' id='word_1_58' title='bbox 1200 307 1319 331; x_wconf 87' lang='lat' dir='ltr'><strong>natura</strong></span> <span class='ocrx_word' id='word_1_59' title='bbox 1343 300 1511 331; x_wconf 89' lang='lat' dir='ltr'><strong>hominum</strong></span> <span class='ocrx_word' id='word_1_60' title='bbox 1533 310 1743 342; x_wconf 83' lang='lat' dir='ltr'><strong>nequaquam</strong></span> <span class='ocrx_word' id='word_1_61' title='bbox 1767 301 1875 342; x_wconf 56' lang='lat' dir='ltr'><strong>possit</strong></span> <span class='ocrx_word' id='word_1_62' title='bbox 1888 299 1969 342; x_wconf 83' lang='lat' dir='ltr'><strong>Legi</strong></span> <span class='ocrx_word' id='word_1_63' title='bbox 1996 301 2126 332; x_wconf 62' lang='lat' dir='ltr'><strong>dixinae</strong></span> <span class='ocrx_word' id='word_1_64' title='bbox 2144 312 2196 332; x_wconf 78' lang='lat' dir='ltr'><strong>sa-</strong></span> 
     </span>
     <span class='ocr_line' id='line_1_13' title="bbox 1200 343 2197 386; baseline 0.001 -12"><span class='ocrx_word' id='word_1_65' title='bbox 1200 343 1372 381; x_wconf 74' lang='lat' dir='ltr'><strong>tisfacere,</strong></span> <span class='ocrx_word' id='word_1_66' title='bbox 1397 350 1429 374; x_wconf 87' lang='lat' dir='ltr'><strong>et</strong></span> <span class='ocrx_word' id='word_1_67' title='bbox 1442 354 1575 384; x_wconf 75' lang='lat' dir='ltr'><strong>semper</strong></span> <span class='ocrx_word' id='word_1_68' title='bbox 1589 343 1690 375; x_wconf 85' lang='lat' dir='ltr'><strong>multa</strong></span> <span class='ocrx_word' id='word_1_69' title='bbox 1712 350 1742 375; x_wconf 86' lang='lat' dir='ltr'><strong>et</strong></span> <span class='ocrx_word' id='word_1_70' title='bbox 1756 355 1876 386; x_wconf 75' lang='lat' dir='ltr'><strong>magna</strong></span> <span class='ocrx_word' id='word_1_71' title='bbox 1891 350 2033 384; x_wconf 80' lang='lat' dir='ltr'><strong>peccata</strong></span> <span class='ocrx_word' id='word_1_72' title='bbox 2056 345 2197 375; x_wconf 60' lang='grc'><strong>111101131-</strong></span> 
     </span>
     <span class='ocr_line' id='line_1_14' title="bbox 1172 387 2198 429; baseline 0 -11"><span class='ocrx_word' id='word_1_73' title='bbox 1172 392 1174 421; x_wconf 65' lang='lat'>}</span> <span class='ocrx_word' id='word_1_74' title='bbox 1200 388 1242 418; x_wconf 78' lang='lat' dir='ltr'><strong>tis</strong></span> <span class='ocrx_word' id='word_1_75' title='bbox 1267 394 1385 418; x_wconf 85' lang='grc'><strong>0111011</strong></span> <span class='ocrx_word' id='word_1_76' title='bbox 1412 388 1536 418; x_wconf 85' lang='lat' dir='ltr'><strong>renatis</strong></span> <span class='ocrx_word' id='word_1_77' title='bbox 1557 387 1727 425; x_wconf 75' lang='lat' dir='ltr'><strong>haereant,</strong></span> <span class='ocrx_word' id='word_1_78' title='bbox 1752 394 1884 418; x_wconf 85' lang='lat' dir='ltr'><strong>manent</strong></span> <span class='ocrx_word' id='word_1_79' title='bbox 1910 398 2105 419; x_wconf 89' lang='lat' dir='ltr'><strong>communes</strong></span> <span class='ocrx_word' id='word_1_80' title='bbox 2119 398 2198 429; x_wconf 90' lang='lat' dir='ltr'><strong>poe-</strong></span> 
     </span>
     <span class='ocr_line' id='line_1_15' title="bbox 1172 428 1943 469; baseline 0 -7"><span class='ocrx_word' id='word_1_81' title='bbox 1172 428 1174 462; x_wconf 75' lang='grc' dir='ltr'><em>ἷ</em></span> <span class='ocrx_word' id='word_1_82' title='bbox 1200 441 1274 469; x_wconf 90' lang='lat' dir='ltr'><strong>nae,</strong></span> <span class='ocrx_word' id='word_1_83' title='bbox 1298 441 1389 462; x_wconf 86' lang='lat' dir='ltr'><strong>mors</strong></span> <span class='ocrx_word' id='word_1_84' title='bbox 1409 437 1441 462; x_wconf 88' lang='lat' dir='ltr'><strong>et</strong></span> <span class='ocrx_word' id='word_1_85' title='bbox 1465 429 1550 461; x_wconf 88' lang='lat' dir='ltr'><strong>aliae</strong></span> <span class='ocrx_word' id='word_1_86' title='bbox 1575 430 1700 462; x_wconf 85' lang='lat' dir='ltr'><strong>multae</strong></span> <span class='ocrx_word' id='word_1_87' title='bbox 1725 430 1943 462; x_wconf 77' lang='lat' dir='ltr'><strong>calamitates.</strong></span> 
     </span>
    </p>
   </div>
   <div class='ocr_carea' id='block_1_8' title="bbox 238 462 1147 505">
    <p class='ocr_par' dir='ltr' id='par_1_8' title="bbox 238 462 1174 508">
     <span class='ocr_line' id='line_1_16' title="bbox 238 462 1147 505; baseline -0.001 -11"><span class='ocrx_word' id='word_1_88' title='bbox 238 464 288 494; x_wconf 79' lang='lat' dir='ltr'><strong>Ex</strong></span> <span class='ocrx_word' id='word_1_89' title='bbox 311 463 375 494; x_wconf 89' lang='lat' dir='ltr'><strong>hac</strong></span> <span class='ocrx_word' id='word_1_90' title='bbox 400 463 569 494; x_wconf 88' lang='lat' dir='ltr'><strong>additione</strong></span> <span class='ocrx_word' id='word_1_91' title='bbox 580 462 788 505; x_wconf 85' lang='lat' dir='ltr'><strong>Evangelica</strong></span> <span class='ocrx_word' id='word_1_92' title='bbox 811 468 962 494; x_wconf 80' lang='lat' dir='ltr'><strong>sumatur</strong></span> <span class='ocrx_word' id='word_1_93' title='bbox 985 463 1147 504; x_wconf 88' lang='lat' dir='ltr'><strong>interpre-</strong></span> 
     </span>
    </p>
   </div>
   <div class='ocr_carea' id='block_1_9' title="bbox 149 507 1173 549">
    <p class='ocr_par' dir='ltr' id='par_1_9' title="bbox 149 507 1173 549">
     <span class='ocr_line' id='line_1_17' title="bbox 149 507 1173 549; baseline -0.001 -10"><span class='ocrx_word' id='word_1_94' title='bbox 149 508 230 539; x_wconf 84' lang='lat' dir='ltr'><strong>tatio</strong></span> <span class='ocrx_word' id='word_1_95' title='bbox 251 507 519 539; x_wconf 65' lang='lat' dir='ltr'><strong>comminationis</strong></span> <span class='ocrx_word' id='word_1_96' title='bbox 544 507 575 538; x_wconf 91' lang='grc'><strong>111</strong></span> <span class='ocrx_word' id='word_1_97' title='bbox 600 508 706 548; x_wconf 91' lang='lat' dir='ltr'><strong>primo</strong></span> <span class='ocrx_word' id='word_1_98' title='bbox 731 512 926 548; x_wconf 80' lang='lat' dir='ltr'><strong>praecepto,</strong></span> <span class='ocrx_word' id='word_1_99' title='bbox 948 507 989 537; x_wconf 90' lang='lat' dir='ltr'><strong>de</strong></span> <span class='ocrx_word' id='word_1_100' title='bbox 1001 518 1065 548; x_wconf 87' lang='lat' dir='ltr'><strong>qua</strong></span> <span class='ocrx_word' id='word_1_101' title='bbox 1080 518 1147 538; x_wconf 88' lang='lat' dir='ltr'><strong>ma-</strong></span> <span class='ocrx_word' id='word_1_102' title='bbox 1172 521 1173 549; x_wconf 43' lang='grc' dir='ltr'>ᾗ</span> 
     </span>
    </p>
   </div>
   <div class='ocr_carea' id='block_1_10' title="bbox 148 551 1146 637">
    <p class='ocr_par' dir='ltr' id='par_1_10' title="bbox 148 551 1146 637">
     <span class='ocr_line' id='line_1_18' title="bbox 151 551 1146 593; baseline -0.001 -11"><span class='ocrx_word' id='word_1_103' title='bbox 151 562 238 593; x_wconf 85' lang='lat' dir='ltr'><strong>gnae</strong></span> <span class='ocrx_word' id='word_1_104' title='bbox 263 552 507 592; x_wconf 60' lang='lat' dir='ltr'><strong>disputationes</strong></span> <span class='ocrx_word' id='word_1_105' title='bbox 531 558 621 587; x_wconf 88' lang='lat' dir='ltr'><strong>sunt,</strong></span> <span class='ocrx_word' id='word_1_106' title='bbox 648 561 721 581; x_wconf 90' lang='lat' dir='ltr'><strong>cum</strong></span> <span class='ocrx_word' id='word_1_107' title='bbox 747 551 866 581; x_wconf 85' lang='lat' dir='ltr'><strong>dieitur</strong></span> <span class='ocrx_word' id='word_1_108' title='bbox 880 551 994 591; x_wconf 80' lang='lat' dir='ltr'><strong>vagari</strong></span> <span class='ocrx_word' id='word_1_109' title='bbox 1019 560 1146 591; x_wconf 89' lang='lat' dir='ltr'><strong>poenas</strong></span> 
     </span>
     <span class='ocr_line' id='line_1_19' title="bbox 148 592 1146 637; baseline -0.001 -11"><span class='ocrx_word' id='word_1_110' title='bbox 148 596 181 627; x_wconf 85' lang='lat' dir='ltr'><strong>in</strong></span> <span class='ocrx_word' id='word_1_111' title='bbox 206 596 335 626; x_wconf 85' lang='lat' dir='ltr'><strong>tertiam</strong></span> <span class='ocrx_word' id='word_1_112' title='bbox 361 601 391 625; x_wconf 85' lang='lat' dir='ltr'><strong>et</strong></span> <span class='ocrx_word' id='word_1_113' title='bbox 417 601 569 637; x_wconf 81' lang='lat' dir='ltr'><strong>quartam</strong></span> <span class='ocrx_word' id='word_1_114' title='bbox 593 594 853 635; x_wconf 64' lang='lat' dir='ltr'><strong>generationem.</strong></span> <span class='ocrx_word' id='word_1_115' title='bbox 881 592 1146 636; x_wconf 73' lang='lat' dir='ltr'><strong>Verbaloquun-</strong></span> 
     </span>
    </p>
   </div>
   <div class='ocr_carea' id='block_1_11' title="bbox 149 637 1175 766">
    <p class='ocr_par' dir='ltr' id='par_1_11' title="bbox 149 637 1175 766">
     <span class='ocr_line' id='line_1_20' title="bbox 149 637 1175 680; baseline -0.001 -11"><span class='ocrx_word' id='word_1_116' title='bbox 149 646 204 670; x_wconf 92' lang='lat' dir='ltr'><strong>tur</strong></span> <span class='ocrx_word' id='word_1_117' title='bbox 239 639 280 669; x_wconf 88' lang='lat' dir='ltr'><strong>de</strong></span> <span class='ocrx_word' id='word_1_118' title='bbox 314 639 432 680; x_wconf 84' lang='lat' dir='ltr'><strong>poenis</strong></span> <span class='ocrx_word' id='word_1_119' title='bbox 464 637 711 679; x_wconf 80' lang='lat' dir='ltr'><strong>corporalibus,</strong></span> <span class='ocrx_word' id='word_1_120' title='bbox 749 644 780 668; x_wconf 90' lang='lat' dir='ltr'><strong>et</strong></span> <span class='ocrx_word' id='word_1_121' title='bbox 795 637 889 668; x_wconf 81' lang='lat' dir='ltr'><strong>Deus</strong></span> <span class='ocrx_word' id='word_1_122' title='bbox 914 638 1022 668; x_wconf 83' lang='lat' dir='ltr'><strong>iustus</strong></span> <span class='ocrx_word' id='word_1_123' title='bbox 1047 639 1147 669; x_wconf 86' lang='lat' dir='ltr'><strong>iudex</strong></span> <span class='ocrx_word' id='word_1_124' title='bbox 1173 645 1175 647; x_wconf 74' lang='grc'><strong><em>’</em></strong></span> 
     </span>
     <span class='ocr_line' id='line_1_21' title="bbox 149 681 1175 722; baseline -0.002 -8"><span class='ocrx_word' id='word_1_125' title='bbox 149 683 305 720; x_wconf 82' lang='grc'><strong>0510111111,</strong></span> <span class='ocrx_word' id='word_1_126' title='bbox 330 681 450 713; x_wconf 82' lang='lat' dir='ltr'><strong>delicta</strong></span> <span class='ocrx_word' id='word_1_127' title='bbox 474 687 591 713; x_wconf 84' lang='lat' dir='ltr'><strong>contra</strong></span> <span class='ocrx_word' id='word_1_128' title='bbox 617 681 756 722; x_wconf 86' lang='lat' dir='ltr'><strong>primum</strong></span> <span class='ocrx_word' id='word_1_129' title='bbox 780 688 995 722; x_wconf 73' lang='lat' dir='ltr'><strong>praeceptum</strong></span> <span class='ocrx_word' id='word_1_130' title='bbox 1021 682 1147 712; x_wconf 86' lang='lat' dir='ltr'><strong>maiora</strong></span> <span class='ocrx_word' id='word_1_131' title='bbox 1172 683 1175 690; x_wconf 93' lang='grc'><strong>“</strong></span> 
     </span>
     <span class='ocr_line' id='line_1_22' title="bbox 149 725 1174 766; baseline -0.003 -8"><span class='ocrx_word' id='word_1_132' title='bbox 149 736 228 758; x_wconf 67' lang='lat' dir='ltr'><strong>esse</strong></span> <span class='ocrx_word' id='word_1_133' title='bbox 253 726 394 757; x_wconf 72' lang='lat' dir='ltr'><strong>caetezis</strong></span> <span class='ocrx_word' id='word_1_134' title='bbox 419 725 560 757; x_wconf 75' lang='lat' dir='ltr'><strong>delictis.</strong></span> <span class='ocrx_word' id='word_1_135' title='bbox 597 725 674 755; x_wconf 84' lang='lat' dir='ltr'><strong>ldeo</strong></span> <span class='ocrx_word' id='word_1_136' title='bbox 699 736 761 756; x_wconf 88' lang='lat' dir='ltr'><strong>suo</strong></span> <span class='ocrx_word' id='word_1_137' title='bbox 787 725 905 755; x_wconf 89' lang='lat' dir='ltr'><strong>indicio</strong></span> <span class='ocrx_word' id='word_1_138' title='bbox 925 735 1053 766; x_wconf 80' lang='lat' dir='ltr'><strong>poenas</strong></span> <span class='ocrx_word' id='word_1_139' title='bbox 1079 736 1146 756; x_wconf 85' lang='lat' dir='ltr'><strong>ma-</strong></span> <span class='ocrx_word' id='word_1_140' title='bbox 1172 734 1174 737; x_wconf 85' lang='lat'>·</span> 
     </span>
    </p>
   </div>
   <div class='ocr_carea' id='block_1_12' title="bbox 148 767 1147 899">
    <p class='ocr_par' dir='ltr' id='par_1_12' title="bbox 148 767 1147 899">
     <span class='ocr_line' id='line_1_23' title="bbox 148 767 1147 811; baseline -0.003 -9"><span class='ocrx_word' id='word_1_141' title='bbox 148 772 238 802; x_wconf 76' lang='lat' dir='ltr'><strong>iores</strong></span> <span class='ocrx_word' id='word_1_142' title='bbox 263 770 445 801; x_wconf 75' lang='lat' dir='ltr'><strong>constituit.</strong></span> <span class='ocrx_word' id='word_1_143' title='bbox 471 769 539 800; x_wconf 88' lang='lat' dir='ltr'><strong>Sed</strong></span> <span class='ocrx_word' id='word_1_144' title='bbox 565 774 673 799; x_wconf 87' lang='lat' dir='ltr'><strong>tamen</strong></span> <span class='ocrx_word' id='word_1_145' title='bbox 700 780 774 800; x_wconf 93' lang='lat' dir='ltr'><strong>eum</strong></span> <span class='ocrx_word' id='word_1_146' title='bbox 800 767 1147 811; x_wconf 75' lang='lat' dir='ltr'><strong>Evangeliumosten-</strong></span> 
     </span>
     <span class='ocr_line' id='line_1_24' title="bbox 149 811 1147 853; baseline -0.002 -8"><span class='ocrx_word' id='word_1_147' title='bbox 149 815 205 845; x_wconf 84' lang='lat' dir='ltr'><strong>(lat</strong></span> <span class='ocrx_word' id='word_1_148' title='bbox 228 812 456 845; x_wconf 84' lang='lat' dir='ltr'><strong>liberationem</strong></span> <span class='ocrx_word' id='word_1_149' title='bbox 481 824 498 843; x_wconf 85' lang='lat' dir='ltr'><strong>a</strong></span> <span class='ocrx_word' id='word_1_150' title='bbox 524 811 612 853; x_wconf 84' lang='lat' dir='ltr'><strong>lege,</strong></span> <span class='ocrx_word' id='word_1_151' title='bbox 633 811 776 843; x_wconf 66' lang='lat' dir='ltr'><strong>astirmrt</strong></span> <span class='ocrx_word' id='word_1_152' title='bbox 798 813 893 843; x_wconf 86' lang='lat' dir='ltr'><strong>etiam</strong></span> <span class='ocrx_word' id='word_1_153' title='bbox 914 811 984 843; x_wconf 85' lang='lat' dir='ltr'><strong>tolli</strong></span> <span class='ocrx_word' id='word_1_154' title='bbox 1010 813 1041 843; x_wconf 89' lang='lat' dir='ltr'><strong>in</strong></span> <span class='ocrx_word' id='word_1_155' title='bbox 1067 823 1147 843; x_wconf 87' lang='grc'><strong>0011·</strong></span> 
     </span>
     <span class='ocr_line' id='line_1_25' title="bbox 148 857 1056 899; baseline 0 -11"><span class='ocrx_word' id='word_1_156' title='bbox 148 858 256 889; x_wconf 82' lang='lat' dir='ltr'><strong>versis</strong></span> <span class='ocrx_word' id='word_1_157' title='bbox 281 867 408 899; x_wconf 78' lang='lat' dir='ltr'><strong>poenas</strong></span> <span class='ocrx_word' id='word_1_158' title='bbox 433 863 599 895; x_wconf 80' lang='lat' dir='ltr'><strong>aeternas,</strong></span> <span class='ocrx_word' id='word_1_159' title='bbox 625 862 657 887; x_wconf 85' lang='lat' dir='ltr'><strong>et</strong></span> <span class='ocrx_word' id='word_1_160' title='bbox 681 857 823 898; x_wconf 81' lang='lat' dir='ltr'><strong>mitigari</strong></span> <span class='ocrx_word' id='word_1_161' title='bbox 847 863 1056 897; x_wconf 87' lang='lat' dir='ltr'><strong>praesentes.</strong></span> 
     </span>
    </p>
   </div>
   <div class='ocr_carea' id='block_1_13' title="bbox 235 934 1174 977">
    <p class='ocr_par' dir='ltr' id='par_1_13' title="bbox 235 934 1174 977">
     <span class='ocr_line' id='line_1_26' title="bbox 235 934 1174 977; baseline -0.002 -10"><span class='ocrx_word' id='word_1_162' title='bbox 235 935 289 967; x_wconf 90' lang='lat' dir='ltr'><strong>De</strong></span> <span class='ocrx_word' id='word_1_163' title='bbox 318 934 381 966; x_wconf 86' lang='lat' dir='ltr'><strong>hae</strong></span> <span class='ocrx_word' id='word_1_164' title='bbox 410 935 611 967; x_wconf 84' lang='lat' dir='ltr'><strong>liberatione</strong></span> <span class='ocrx_word' id='word_1_165' title='bbox 639 946 658 966; x_wconf 87' lang='lat' dir='ltr'><strong>a</strong></span> <span class='ocrx_word' id='word_1_166' title='bbox 682 934 758 977; x_wconf 82' lang='lat' dir='ltr'><strong>lege</strong></span> <span class='ocrx_word' id='word_1_167' title='bbox 781 945 943 976; x_wconf 76' lang='lat' dir='ltr'><strong>expresse</strong></span> <span class='ocrx_word' id='word_1_168' title='bbox 968 935 1147 966; x_wconf 71' lang='lat' dir='ltr'><strong>concinna·</strong></span> <span class='ocrx_word' id='word_1_169' title='bbox 1172 938 1174 972; x_wconf 69' lang='lat'><em>3</em></span> 
     </span>
    </p>
   </div>
   <div class='ocr_carea' id='block_1_14' title="bbox 148 979 1147 1065">
    <p class='ocr_par' dir='ltr' id='par_1_14' title="bbox 148 979 1147 1065">
     <span class='ocr_line' id='line_1_27' title="bbox 148 979 1147 1021; baseline -0.002 -10"><span class='ocrx_word' id='word_1_170' title='bbox 148 987 202 1011; x_wconf 82' lang='lat' dir='ltr'><strong>tur</strong></span> <span class='ocrx_word' id='word_1_171' title='bbox 225 979 352 1010; x_wconf 83' lang='lat' dir='ltr'><strong>Ezeeh.</strong></span> <span class='ocrx_word' id='word_1_172' title='bbox 380 980 430 1011; x_wconf 75' lang='lat'><strong>18.</strong></span> <span class='ocrx_word' id='word_1_173' title='bbox 478 980 596 1010; x_wconf 83' lang='lat' dir='ltr'><strong>Anima</strong></span> <span class='ocrx_word' id='word_1_174' title='bbox 622 990 707 1021; x_wconf 87' lang='lat' dir='ltr'><strong>quae</strong></span> <span class='ocrx_word' id='word_1_175' title='bbox 734 980 941 1019; x_wconf 66' lang='lat' dir='ltr'><strong>peccaverit,</strong></span> <span class='ocrx_word' id='word_1_176' title='bbox 977 979 1049 1020; x_wconf 76' lang='lat' dir='ltr'><strong>ipsa</strong></span> <span class='ocrx_word' id='word_1_177' title='bbox 1077 989 1147 1009; x_wconf 78' lang='lat' dir='ltr'><strong>nto—</strong></span> 
     </span>
     <span class='ocr_line' id='line_1_28' title="bbox 149 1023 1144 1065; baseline -0.001 -11"><span class='ocrx_word' id='word_1_178' title='bbox 149 1024 263 1054; x_wconf 90' lang='lat' dir='ltr'><strong>rietur.</strong></span> <span class='ocrx_word' id='word_1_179' title='bbox 311 1023 413 1055; x_wconf 77' lang='lat' dir='ltr'><strong>Filius</strong></span> <span class='ocrx_word' id='word_1_180' title='bbox 450 1033 514 1053; x_wconf 87' lang='lat' dir='ltr'><strong>non</strong></span> <span class='ocrx_word' id='word_1_181' title='bbox 546 1024 692 1064; x_wconf 89' lang='lat' dir='ltr'><strong>portabit</strong></span> <span class='ocrx_word' id='word_1_182' title='bbox 717 1023 921 1065; x_wconf 81' lang='lat' dir='ltr'><strong>iniquitatem</strong></span> <span class='ocrx_word' id='word_1_183' title='bbox 947 1023 1055 1054; x_wconf 82' lang='lat' dir='ltr'><strong>l&#39;atris</strong></span> <span class='ocrx_word' id='word_1_184' title='bbox 1081 1029 1144 1053; x_wconf 85' lang='lat' dir='ltr'><strong>etc.</strong></span> 
     </span>
    </p>
   </div>
   <div class='ocr_carea' id='block_1_15' title="bbox 147 1065 1175 1108">
    <p class='ocr_par' dir='ltr' id='par_1_15' title="bbox 147 1065 1175 1108">
     <span class='ocr_line' id='line_1_29' title="bbox 147 1065 1175 1108; baseline -0.001 -10"><span class='ocrx_word' id='word_1_185' title='bbox 147 1065 305 1098; x_wconf 82' lang='lat' dir='ltr'><strong>Affit··.nat</strong></span> <span class='ocrx_word' id='word_1_186' title='bbox 331 1068 415 1098; x_wconf 89' lang='lat' dir='ltr'><strong>enim</strong></span> <span class='ocrx_word' id='word_1_187' title='bbox 441 1074 574 1108; x_wconf 79' lang='lat' dir='ltr'><strong>praeter</strong></span> <span class='ocrx_word' id='word_1_188' title='bbox 598 1065 726 1107; x_wconf 74' lang='lat' dir='ltr'><strong>legem,</strong></span> <span class='ocrx_word' id='word_1_189' title='bbox 759 1067 946 1097; x_wconf 87' lang='lat' dir='ltr'><strong>annuntiari</strong></span> <span class='ocrx_word' id='word_1_190' title='bbox 979 1067 1146 1097; x_wconf 66' lang='lat' dir='ltr'><strong>remissio·</strong></span> <span class='ocrx_word' id='word_1_191' title='bbox 1171 1079 1175 1090; x_wconf 75' lang='lat'><em>¹</em></span> 
     </span>
    </p>
   </div>
   <div class='ocr_carea' id='block_1_16' title="bbox 146 1110 1148 1371">
    <p class='ocr_par' dir='ltr' id='par_1_16' title="bbox 146 1110 1148 1371">
     <span class='ocr_line' id='line_1_30' title="bbox 148 1110 1148 1152; baseline -0.001 -10"><span class='ocrx_word' id='word_1_192' title='bbox 148 1121 222 1142; x_wconf 78' lang='lat' dir='ltr'><strong>neni</strong></span> <span class='ocrx_word' id='word_1_193' title='bbox 258 1118 476 1152; x_wconf 77' lang='lat' dir='ltr'><strong>peecatorum</strong></span> <span class='ocrx_word' id='word_1_194' title='bbox 509 1118 647 1152; x_wconf 80' lang='lat' dir='ltr'><strong>propter</strong></span> <span class='ocrx_word' id='word_1_195' title='bbox 682 1118 857 1142; x_wconf 76' lang='lat' dir='ltr'><strong>venturum</strong></span> <span class='ocrx_word' id='word_1_196' title='bbox 882 1110 1079 1147; x_wconf 85' lang='lat' dir='ltr'><strong>Dominum,</strong></span> <span class='ocrx_word' id='word_1_197' title='bbox 1114 1116 1148 1141; x_wconf 81' lang='lat' dir='ltr'><strong>et</strong></span> 
     </span>
     <span class='ocr_line' id='line_1_31' title="bbox 148 1153 1146 1197; baseline -0.002 -11"><span class='ocrx_word' id='word_1_198' title='bbox 148 1165 264 1186; x_wconf 80' lang='lat' dir='ltr'><strong>vocem</strong></span> <span class='ocrx_word' id='word_1_199' title='bbox 289 1154 463 1197; x_wconf 73' lang='lat' dir='ltr'><strong>Evangelii</strong></span> <span class='ocrx_word' id='word_1_200' title='bbox 492 1155 620 1192; x_wconf 81' lang='lat' dir='ltr'><strong>recitat,</strong></span> <span class='ocrx_word' id='word_1_201' title='bbox 645 1155 757 1185; x_wconf 87' lang='lat' dir='ltr'><strong>addito</strong></span> <span class='ocrx_word' id='word_1_202' title='bbox 782 1156 831 1185; x_wconf 66' lang='lat' dir='ltr'><strong>iar</strong></span> <span class='ocrx_word' id='word_1_203' title='bbox 855 1155 1012 1185; x_wconf 83' lang='lat' dir='ltr'><strong>iurando:</strong></span> <span class='ocrx_word' id='word_1_204' title='bbox 1060 1153 1146 1184; x_wconf 71' lang='lat' dir='ltr'><strong>Viro</strong></span> 
     </span>
     <span class='ocr_line' id='line_1_32' title="bbox 148 1196 1144 1241; baseline -0.001 -13"><span class='ocrx_word' id='word_1_205' title='bbox 148 1208 223 1241; x_wconf 84' lang='lat' dir='ltr'><strong>ego,</strong></span> <span class='ocrx_word' id='word_1_206' title='bbox 250 1199 329 1229; x_wconf 82' lang='lat' dir='ltr'><strong>dicit</strong></span> <span class='ocrx_word' id='word_1_207' title='bbox 355 1198 530 1236; x_wconf 77' lang='lat' dir='ltr'><strong>Dominus,</strong></span> <span class='ocrx_word' id='word_1_208' title='bbox 567 1196 653 1229; x_wconf 82' lang='lat' dir='ltr'><strong>Nolo</strong></span> <span class='ocrx_word' id='word_1_209' title='bbox 690 1208 755 1240; x_wconf 82' lang='lat' dir='ltr'><strong>ego</strong></span> <span class='ocrx_word' id='word_1_210' title='bbox 781 1209 918 1229; x_wconf 62' lang='lat' dir='ltr'><strong>motem</strong></span> <span class='ocrx_word' id='word_1_211' title='bbox 945 1200 1144 1239; x_wconf 80' lang='lat' dir='ltr'><strong>peccatoris.</strong></span> 
     </span>
     <span class='ocr_line' id='line_1_33' title="bbox 148 1240 1146 1283; baseline -0.001 -10"><span class='ocrx_word' id='word_1_212' title='bbox 148 1241 195 1274; x_wconf 87' lang='lat' dir='ltr'><strong>lta</strong></span> <span class='ocrx_word' id='word_1_213' title='bbox 230 1240 421 1272; x_wconf 72' lang='lat' dir='ltr'><strong>Ezechielis</strong></span> <span class='ocrx_word' id='word_1_214' title='bbox 469 1242 587 1272; x_wconf 75' lang='lat' dir='ltr'><strong>cont-io</strong></span> <span class='ocrx_word' id='word_1_215' title='bbox 624 1252 710 1283; x_wconf 81' lang='lat' dir='ltr'><strong>quae</strong></span> <span class='ocrx_word' id='word_1_216' title='bbox 745 1243 878 1273; x_wconf 69' lang='lat' dir='ltr'><strong>videtur</strong></span> <span class='ocrx_word' id='word_1_217' title='bbox 914 1242 1094 1272; x_wconf 69' lang='lat' dir='ltr'><strong>dissentire</strong></span> <span class='ocrx_word' id='word_1_218' title='bbox 1126 1252 1146 1272; x_wconf 86' lang='lat' dir='ltr'><strong>a</strong></span> 
     </span>
     <span class='ocr_line' id='line_1_34' title="bbox 146 1283 1145 1328; baseline 0 -12"><span class='ocrx_word' id='word_1_219' title='bbox 146 1285 267 1324; x_wconf 67' lang='grc' dir='ltr'><strong>11101κο,</strong></span> <span class='ocrx_word' id='word_1_220' title='bbox 293 1283 497 1328; x_wconf 80' lang='lat' dir='ltr'><strong>intelligatur</strong></span> <span class='ocrx_word' id='word_1_221' title='bbox 521 1296 597 1317; x_wconf 52' lang='lat' dir='ltr'><strong>e&gt;se</strong></span> <span class='ocrx_word' id='word_1_222' title='bbox 624 1296 687 1316; x_wconf 72' lang='lat' dir='ltr'><strong>vox</strong></span> <span class='ocrx_word' id='word_1_223' title='bbox 711 1285 754 1316; x_wconf 72' lang='lat' dir='ltr'><strong>Ex</strong></span> <span class='ocrx_word' id='word_1_224' title='bbox 764 1284 898 1328; x_wconf 73' lang='lat' dir='ltr'><strong>angelii,</strong></span> <span class='ocrx_word' id='word_1_225' title='bbox 919 1286 1145 1318; x_wconf 59' lang='grc'><strong>5100105110-</strong></span> 
     </span>
     <span class='ocr_line' id='line_1_35' title="bbox 146 1328 985 1371; baseline 0 -11"><span class='ocrx_word' id='word_1_226' title='bbox 146 1329 290 1368; x_wconf 86' lang='lat' dir='ltr'><strong>rissime,</strong></span> <span class='ocrx_word' id='word_1_227' title='bbox 314 1334 348 1360; x_wconf 86' lang='lat' dir='ltr'><strong>et</strong></span> <span class='ocrx_word' id='word_1_228' title='bbox 370 1330 567 1361; x_wconf 87' lang='lat' dir='ltr'><strong>annuntiare</strong></span> <span class='ocrx_word' id='word_1_229' title='bbox 586 1328 816 1361; x_wconf 83' lang='lat' dir='ltr'><strong>liberationem</strong></span> <span class='ocrx_word' id='word_1_230' title='bbox 841 1340 861 1361; x_wconf 88' lang='lat' dir='ltr'><strong>a</strong></span> <span class='ocrx_word' id='word_1_231' title='bbox 883 1329 985 1371; x_wconf 79' lang='lat' dir='ltr'><strong>Lege.</strong></span> 
     </span>
    </p>
   </div>
   <div class='ocr_carea' id='block_1_17' title="bbox 488 1536 800 1569">
    <p class='ocr_par' dir='ltr' id='par_1_17' title="bbox 488 1536 800 1569">
     <span class='ocr_line' id='line_1_36' title="bbox 488 1536 800 1569; baseline -0.003 0"><span class='ocrx_word' id='word_1_232' title='bbox 488 1536 550 1569; x_wconf 88' lang='lat' dir='ltr'><strong>DE</strong></span> <span class='ocrx_word' id='word_1_233' title='bbox 573 1536 800 1569; x_wconf 80' lang='lat' dir='ltr'><strong>PRAEMHS.</strong></span> 
     </span>
    </p>
   </div>
   <div class='ocr_carea' id='block_1_18' title="bbox 145 1666 1147 1842">
    <p class='ocr_par' dir='ltr' id='par_1_18' title="bbox 145 1666 1147 1842">
     <span class='ocr_line' id='line_1_37' title="bbox 233 1666 1145 1710; baseline 0 -11"><span class='ocrx_word' id='word_1_234' title='bbox 233 1667 327 1700; x_wconf 81' lang='lat' dir='ltr'><strong>Ilaec</strong></span> <span class='ocrx_word' id='word_1_235' title='bbox 362 1668 404 1699; x_wconf 85' lang='lat' dir='ltr'><strong>de</strong></span> <span class='ocrx_word' id='word_1_236' title='bbox 437 1667 556 1709; x_wconf 87' lang='lat' dir='ltr'><strong>poenis</strong></span> <span class='ocrx_word' id='word_1_237' title='bbox 584 1666 754 1710; x_wconf 84' lang='lat' dir='ltr'><strong>legalibus</strong></span> <span class='ocrx_word' id='word_1_238' title='bbox 779 1667 856 1699; x_wconf 67' lang='grc'><strong>(11111.</strong></span> <span class='ocrx_word' id='word_1_239' title='bbox 901 1667 1000 1700; x_wconf 91' lang='lat' dir='ltr'><strong>Nunc</strong></span> <span class='ocrx_word' id='word_1_240' title='bbox 1024 1668 1145 1700; x_wconf 85' lang='lat' dir='ltr'><strong>addam</strong></span> 
     </span>
     <span class='ocr_line' id='line_1_38' title="bbox 145 1711 1144 1754; baseline 0.001 -11"><span class='ocrx_word' id='word_1_241' title='bbox 145 1722 253 1754; x_wconf 86' lang='lat' dir='ltr'><strong>pauca</strong></span> <span class='ocrx_word' id='word_1_242' title='bbox 278 1712 319 1743; x_wconf 87' lang='lat' dir='ltr'><strong>de</strong></span> <span class='ocrx_word' id='word_1_243' title='bbox 337 1712 506 1753; x_wconf 78' lang='lat' dir='ltr'><strong>praemiis,</strong></span> <span class='ocrx_word' id='word_1_244' title='bbox 531 1718 567 1743; x_wconf 90' lang='lat' dir='ltr'><strong>ut</strong></span> <span class='ocrx_word' id='word_1_245' title='bbox 591 1717 703 1743; x_wconf 77' lang='lat' dir='ltr'><strong>textus</strong></span> <span class='ocrx_word' id='word_1_246' title='bbox 728 1712 822 1743; x_wconf 86' lang='lat' dir='ltr'><strong>dicit:</strong></span> <span class='ocrx_word' id='word_1_247' title='bbox 858 1711 921 1748; x_wconf 80' lang='lat' dir='ltr'><strong>Qui</strong></span> <span class='ocrx_word' id='word_1_248' title='bbox 952 1711 1069 1743; x_wconf 85' lang='lat' dir='ltr'><strong>fecerit</strong></span> <span class='ocrx_word' id='word_1_249' title='bbox 1092 1723 1144 1751; x_wconf 86' lang='lat' dir='ltr'><strong>ea,</strong></span> 
     </span>
     <span class='ocr_line' id='line_1_39' title="bbox 146 1755 1147 1798; baseline 0.001 -11"><span class='ocrx_word' id='word_1_250' title='bbox 146 1756 235 1787; x_wconf 80' lang='lat' dir='ltr'><strong>vivet</strong></span> <span class='ocrx_word' id='word_1_251' title='bbox 260 1756 291 1786; x_wconf 92' lang='lat' dir='ltr'><strong>in</strong></span> <span class='ocrx_word' id='word_1_252' title='bbox 317 1756 377 1787; x_wconf 79' lang='lat' dir='ltr'><strong>eis·</strong></span> <span class='ocrx_word' id='word_1_253' title='bbox 425 1755 518 1794; x_wconf 65' lang='lat' dir='ltr'><strong>lte-n,</strong></span> <span class='ocrx_word' id='word_1_254' title='bbox 544 1755 680 1787; x_wconf 80' lang='lat' dir='ltr'><strong>Honora</strong></span> <span class='ocrx_word' id='word_1_255' title='bbox 702 1762 831 1798; x_wconf 86' lang='lat' dir='ltr'><strong>patrem</strong></span> <span class='ocrx_word' id='word_1_256' title='bbox 854 1762 888 1788; x_wconf 88' lang='lat' dir='ltr'><strong>et</strong></span> <span class='ocrx_word' id='word_1_257' title='bbox 915 1763 1077 1795; x_wconf 85' lang='lat' dir='ltr'><strong>matrem,</strong></span> <span class='ocrx_word' id='word_1_258' title='bbox 1111 1763 1147 1788; x_wconf 85' lang='lat' dir='ltr'><strong>ut</strong></span> 
     </span>
     <span class='ocr_line' id='line_1_40' title="bbox 146 1797 690 1842; baseline 0.002 -12"><span class='ocrx_word' id='word_1_259' title='bbox 146 1800 195 1830; x_wconf 82' lang='lat' dir='ltr'><strong>sis</strong></span> <span class='ocrx_word' id='word_1_260' title='bbox 219 1797 407 1842; x_wconf 77' lang='lat' dir='ltr'><strong>longaevus</strong></span> <span class='ocrx_word' id='word_1_261' title='bbox 432 1809 534 1840; x_wconf 84' lang='lat' dir='ltr'><strong>super</strong></span> <span class='ocrx_word' id='word_1_262' title='bbox 558 1804 690 1831; x_wconf 85' lang='lat' dir='ltr'><strong>terram.</strong></span> 
     </span>
    </p>
   </div>
   <div class='ocr_carea' id='block_1_19' title="bbox 143 1877 1147 2357">
    <p class='ocr_par' dir='ltr' id='par_1_19' title="bbox 143 1877 1147 2357">
     <span class='ocr_line' id='line_1_41' title="bbox 235 1877 1147 1920; baseline 0.002 -12"><span class='ocrx_word' id='word_1_263' title='bbox 235 1877 298 1908; x_wconf 86' lang='grc'><strong>1110</strong></span> <span class='ocrx_word' id='word_1_264' title='bbox 327 1878 425 1909; x_wconf 85' lang='lat' dir='ltr'><strong>etiam</strong></span> <span class='ocrx_word' id='word_1_265' title='bbox 460 1879 601 1919; x_wconf 90' lang='lat' dir='ltr'><strong>primum</strong></span> <span class='ocrx_word' id='word_1_266' title='bbox 637 1878 678 1910; x_wconf 88' lang='lat' dir='ltr'><strong>de</strong></span> <span class='ocrx_word' id='word_1_267' title='bbox 708 1877 847 1920; x_wconf 83' lang='lat' dir='ltr'><strong>politica</strong></span> <span class='ocrx_word' id='word_1_268' title='bbox 881 1878 1090 1917; x_wconf 83' lang='lat' dir='ltr'><strong>obedientia,</strong></span> <span class='ocrx_word' id='word_1_269' title='bbox 1113 1884 1147 1910; x_wconf 88' lang='lat' dir='ltr'><strong>et</strong></span> 
     </span>
     <span class='ocr_line' id='line_1_42' title="bbox 145 1920 1145 1964; baseline 0.002 -12"><span class='ocrx_word' id='word_1_270' title='bbox 145 1921 301 1964; x_wconf 84' lang='lat' dir='ltr'><strong>praemiis</strong></span> <span class='ocrx_word' id='word_1_271' title='bbox 337 1922 369 1952; x_wconf 92' lang='lat' dir='ltr'><strong>in</strong></span> <span class='ocrx_word' id='word_1_272' title='bbox 401 1920 466 1952; x_wconf 87' lang='lat' dir='ltr'><strong>hac</strong></span> <span class='ocrx_word' id='word_1_273' title='bbox 490 1922 557 1953; x_wconf 81' lang='lat' dir='ltr'><strong>vita</strong></span> <span class='ocrx_word' id='word_1_274' title='bbox 582 1922 700 1953; x_wconf 84' lang='lat' dir='ltr'><strong>dicam.</strong></span> <span class='ocrx_word' id='word_1_275' title='bbox 747 1921 789 1953; x_wconf 88' lang='lat' dir='ltr'><strong>Et</strong></span> <span class='ocrx_word' id='word_1_276' title='bbox 811 1928 847 1953; x_wconf 88' lang='lat' dir='ltr'><strong>ut</strong></span> <span class='ocrx_word' id='word_1_277' title='bbox 871 1928 969 1953; x_wconf 84' lang='lat' dir='ltr'><strong>antea</strong></span> <span class='ocrx_word' id='word_1_278' title='bbox 993 1921 1145 1964; x_wconf 83' lang='lat' dir='ltr'><strong>regulam</strong></span> 
     </span>
     <span class='ocr_line' id='line_1_43' title="bbox 145 1964 1145 2008; baseline 0.001 -11"><span class='ocrx_word' id='word_1_279' title='bbox 145 1966 295 2004; x_wconf 80' lang='lat' dir='ltr'><strong>recitavi,</strong></span> <span class='ocrx_word' id='word_1_280' title='bbox 319 1966 447 1996; x_wconf 85' lang='lat' dir='ltr'><strong>atrocia</strong></span> <span class='ocrx_word' id='word_1_281' title='bbox 473 1964 594 1996; x_wconf 83' lang='lat' dir='ltr'><strong>delicta</strong></span> <span class='ocrx_word' id='word_1_282' title='bbox 624 1966 773 1997; x_wconf 81' lang='lat' dir='ltr'><strong>comitari</strong></span> <span class='ocrx_word' id='word_1_283' title='bbox 799 1972 934 1997; x_wconf 80' lang='lat' dir='ltr'><strong>atroces</strong></span> <span class='ocrx_word' id='word_1_284' title='bbox 958 1976 1088 2008; x_wconf 86' lang='lat' dir='ltr'><strong>poenas</strong></span> <span class='ocrx_word' id='word_1_285' title='bbox 1112 1967 1145 1998; x_wconf 90' lang='lat' dir='ltr'><strong>in</strong></span> 
     </span>
     <span class='ocr_line' id='line_1_44' title="bbox 147 2008 1145 2051; baseline 0.001 -11"><span class='ocrx_word' id='word_1_286' title='bbox 147 2008 213 2040; x_wconf 86' lang='lat' dir='ltr'><strong>hac</strong></span> <span class='ocrx_word' id='word_1_287' title='bbox 248 2010 329 2048; x_wconf 85' lang='lat' dir='ltr'><strong>vita,</strong></span> <span class='ocrx_word' id='word_1_288' title='bbox 365 2011 410 2041; x_wconf 88' lang='lat' dir='ltr'><strong>lta</strong></span> <span class='ocrx_word' id='word_1_289' title='bbox 435 2008 593 2051; x_wconf 80' lang='lat' dir='ltr'><strong>regulare</strong></span> <span class='ocrx_word' id='word_1_290' title='bbox 617 2016 669 2041; x_wconf 87' lang='lat' dir='ltr'><strong>est</strong></span> <span class='ocrx_word' id='word_1_291' title='bbox 692 2010 845 2041; x_wconf 87' lang='lat' dir='ltr'><strong>homines</strong></span> <span class='ocrx_word' id='word_1_292' title='bbox 871 2010 1055 2048; x_wconf 76' lang='lat' dir='ltr'><strong>beneficos,</strong></span> <span class='ocrx_word' id='word_1_293' title='bbox 1097 2010 1145 2041; x_wconf 75' lang='lat' dir='ltr'><strong>vi-</strong></span> 
     </span>
     <span class='ocr_line' id='line_1_45' title="bbox 143 2052 1146 2094; baseline 0.001 -10"><span class='ocrx_word' id='word_1_294' title='bbox 143 2058 256 2084; x_wconf 74' lang='lat' dir='ltr'><strong>tantes</strong></span> <span class='ocrx_word' id='word_1_295' title='bbox 280 2052 478 2091; x_wconf 80' lang='lat' dir='ltr'><strong>homicidia,</strong></span> <span class='ocrx_word' id='word_1_296' title='bbox 515 2053 678 2094; x_wconf 88' lang='lat' dir='ltr'><strong>periuria,</strong></span> <span class='ocrx_word' id='word_1_297' title='bbox 700 2053 882 2091; x_wconf 82' lang='lat' dir='ltr'><strong>adulteria,</strong></span> <span class='ocrx_word' id='word_1_298' title='bbox 906 2053 1033 2085; x_wconf 89' lang='lat' dir='ltr'><strong>habere</strong></span> <span class='ocrx_word' id='word_1_299' title='bbox 1057 2054 1146 2085; x_wconf 85' lang='lat' dir='ltr'><strong>vitae</strong></span> 
     </span>
     <span class='ocr_line' id='line_1_46' title="bbox 145 2096 1144 2140; baseline 0.002 -13"><span class='ocrx_word' id='word_1_300' title='bbox 145 2106 280 2128; x_wconf 82' lang='lat' dir='ltr'><strong>cursum</strong></span> <span class='ocrx_word' id='word_1_301' title='bbox 300 2096 584 2138; x_wconf 87' lang='lat' dir='ltr'><strong>tranquilliorum.</strong></span> <span class='ocrx_word' id='word_1_302' title='bbox 616 2097 711 2129; x_wconf 87' lang='lat' dir='ltr'><strong>Sicut</strong></span> <span class='ocrx_word' id='word_1_303' title='bbox 732 2097 835 2129; x_wconf 81' lang='lat' dir='ltr'><strong>multa</strong></span> <span class='ocrx_word' id='word_1_304' title='bbox 854 2098 943 2129; x_wconf 87' lang='lat' dir='ltr'><strong>dieta</strong></span> <span class='ocrx_word' id='word_1_305' title='bbox 957 2098 1144 2140; x_wconf 79' lang='lat' dir='ltr'><strong>sapientum</strong></span> 
     </span>
     <span class='ocr_line' id='line_1_47' title="bbox 145 2141 1145 2184; baseline 0.002 -13"><span class='ocrx_word' id='word_1_306' title='bbox 145 2147 256 2172; x_wconf 73' lang='lat' dir='ltr'><strong>sumta</strong></span> <span class='ocrx_word' id='word_1_307' title='bbox 280 2152 299 2171; x_wconf 90' lang='lat' dir='ltr'><strong>a</strong></span> <span class='ocrx_word' id='word_1_308' title='bbox 324 2141 493 2182; x_wconf 88' lang='lat' dir='ltr'><strong>patribus,</strong></span> <span class='ocrx_word' id='word_1_309' title='bbox 526 2147 558 2172; x_wconf 38' lang='lat' dir='ltr'><strong>et.</strong></span> <span class='ocrx_word' id='word_1_310' title='bbox 581 2142 779 2173; x_wconf 76' lang='lat' dir='ltr'><strong>testimoniis</strong></span> <span class='ocrx_word' id='word_1_311' title='bbox 800 2142 1044 2184; x_wconf 70' lang='lat' dir='ltr'><strong>experientiae,</strong></span> <span class='ocrx_word' id='word_1_312' title='bbox 1068 2153 1145 2184; x_wconf 90' lang='lat' dir='ltr'><strong>pro-</strong></span> 
     </span>
     <span class='ocr_line' id='line_1_48' title="bbox 143 2183 1144 2228; baseline 0.001 -12"><span class='ocrx_word' id='word_1_313' title='bbox 143 2184 275 2216; x_wconf 88' lang='lat' dir='ltr'><strong>mittunt</strong></span> <span class='ocrx_word' id='word_1_314' title='bbox 299 2183 422 2215; x_wconf 87' lang='lat' dir='ltr'><strong>talibus</strong></span> <span class='ocrx_word' id='word_1_315' title='bbox 448 2185 605 2216; x_wconf 80' lang='lat' dir='ltr'><strong>maiorem</strong></span> <span class='ocrx_word' id='word_1_316' title='bbox 630 2185 919 2228; x_wconf 84' lang='lat' dir='ltr'><strong>tranquillitatem,</strong></span> <span class='ocrx_word' id='word_1_317' title='bbox 955 2192 990 2217; x_wconf 84' lang='lat' dir='ltr'><strong>ut</strong></span> <span class='ocrx_word' id='word_1_318' title='bbox 1019 2186 1144 2217; x_wconf 88' lang='lat' dir='ltr'><strong>dictum</strong></span> 
     </span>
     <span class='ocr_line' id='line_1_49' title="bbox 143 2227 1145 2271; baseline 0.002 -12"><span class='ocrx_word' id='word_1_319' title='bbox 143 2227 330 2265; x_wconf 78' lang='lat' dir='ltr'><strong>Theocriti,</strong></span> <span class='ocrx_word' id='word_1_320' title='bbox 365 2229 455 2270; x_wconf 87' lang='lat' dir='ltr'><strong>quod</strong></span> <span class='ocrx_word' id='word_1_321' title='bbox 487 2230 642 2271; x_wconf 80' lang='lat' dir='ltr'><strong>congruit</strong></span> <span class='ocrx_word' id='word_1_322' title='bbox 666 2240 740 2260; x_wconf 88' lang='lat' dir='ltr'><strong>eum</strong></span> <span class='ocrx_word' id='word_1_323' title='bbox 767 2228 901 2261; x_wconf 71' lang='lat' dir='ltr'><strong>Psalmo</strong></span> <span class='ocrx_word' id='word_1_324' title='bbox 927 2230 1145 2261; x_wconf 76' lang='lat' dir='ltr'><strong>Generationi</strong></span> 
     </span>
     <span class='ocr_line' id='line_1_50' title="bbox 143 2271 1143 2315; baseline 0.002 -13"><span class='ocrx_word' id='word_1_325' title='bbox 143 2278 310 2303; x_wconf 85' lang='lat' dir='ltr'><strong>rectorum</strong></span> <span class='ocrx_word' id='word_1_326' title='bbox 336 2273 552 2304; x_wconf 83' lang='lat' dir='ltr'><strong>benedicetur</strong></span> <span class='ocrx_word' id='word_1_327' title='bbox 571 2271 719 2315; x_wconf 75' lang='grc' dir='ltr'>εὐσεβέων</span> <span class='ocrx_word' id='word_1_328' title='bbox 742 2273 893 2305; x_wconf 79' lang='grc' dir='ltr'><strong><em>παίδεσσί</em></strong></span> <span class='ocrx_word' id='word_1_329' title='bbox 914 2273 948 2305; x_wconf 75' lang='grc' dir='ltr'><strong>τά</strong></span> <span class='ocrx_word' id='word_1_330' title='bbox 974 2273 1051 2305; x_wconf 75' lang='grc' dir='ltr'><em>λώϊα</em></span> <span class='ocrx_word' id='word_1_331' title='bbox 1076 2273 1143 2310; x_wconf 81' lang='grc' dir='ltr'><em>δυς-</em></span> 
     </span>
     <span class='ocr_line' id='line_1_51' title="bbox 143 2314 376 2357; baseline 0.004 -11"><span class='ocrx_word' id='word_1_332' title='bbox 143 2317 257 2357; x_wconf 70' lang='grc' dir='ltr'><em>σεβέων</em></span> <span class='ocrx_word' id='word_1_333' title='bbox 281 2315 308 2347; x_wconf 81' lang='grc' dir='ltr'><strong>δ’</strong></span> <span class='ocrx_word' id='word_1_334' title='bbox 332 2314 376 2347; x_wconf 57' lang='grc' dir='ltr'><strong>οἷῖ.</strong></span> 
     </span>
    </p>
   </div>
   <div class='ocr_carea' id='block_1_20' title="bbox 231 2402 1171 2445">
    <p class='ocr_par' dir='ltr' id='par_1_20' title="bbox 231 2402 1171 2445">
     <span class='ocr_line' id='line_1_52' title="bbox 231 2402 1171 2445; baseline 0.002 -11"><span class='ocrx_word' id='word_1_335' title='bbox 231 2402 323 2435; x_wconf 87' lang='lat' dir='ltr'><strong>Haec</strong></span> <span class='ocrx_word' id='word_1_336' title='bbox 349 2402 518 2445; x_wconf 74' lang='lat' dir='ltr'><strong>regularia</strong></span> <span class='ocrx_word' id='word_1_337' title='bbox 545 2408 639 2442; x_wconf 78' lang='lat' dir='ltr'><strong>sunt,</strong></span> <span class='ocrx_word' id='word_1_338' title='bbox 671 2405 732 2435; x_wconf 86' lang='lat' dir='ltr'><strong>sed</strong></span> <span class='ocrx_word' id='word_1_339' title='bbox 757 2410 866 2436; x_wconf 89' lang='lat' dir='ltr'><strong>tamen</strong></span> <span class='ocrx_word' id='word_1_340' title='bbox 891 2404 983 2436; x_wconf 85' lang='lat' dir='ltr'><strong>multi</strong></span> <span class='ocrx_word' id='word_1_341' title='bbox 1008 2404 1142 2436; x_wconf 84' lang='lat' dir='ltr'><strong>honesti</strong></span> <span class='ocrx_word' id='word_1_342' title='bbox 1169 2436 1171 2440; x_wconf 21' lang='grc' dir='ltr'><em>Α</em></span> 
     </span>
    </p>
   </div>
   <div class='ocr_carea' id='block_1_21' title="bbox 143 2446 1143 2534">
    <p class='ocr_par' dir='ltr' id='par_1_21' title="bbox 143 2446 1143 2534">
     <span class='ocr_line' id='line_1_53' title="bbox 144 2446 1143 2490; baseline 0.003 -13"><span class='ocrx_word' id='word_1_343' title='bbox 144 2447 242 2478; x_wconf 90' lang='lat' dir='ltr'><strong>etiam</strong></span> <span class='ocrx_word' id='word_1_344' title='bbox 279 2448 480 2478; x_wconf 64' lang='lat' dir='ltr'><strong>tristissimis</strong></span> <span class='ocrx_word' id='word_1_345' title='bbox 513 2446 756 2479; x_wconf 66' lang='lat' dir='ltr'><strong>calamitatibus</strong></span> <span class='ocrx_word' id='word_1_346' title='bbox 782 2449 1028 2490; x_wconf 85' lang='lat' dir='ltr'><strong>opprimuntur,</strong></span> <span class='ocrx_word' id='word_1_347' title='bbox 1065 2450 1143 2490; x_wconf 88' lang='lat' dir='ltr'><strong>quia</strong></span> 
     </span>
     <span class='ocr_line' id='line_1_54' title="bbox 143 2489 1142 2534; baseline 0.003 -13"><span class='ocrx_word' id='word_1_348' title='bbox 143 2489 245 2522; x_wconf 82' lang='lat' dir='ltr'><strong>multa</strong></span> <span class='ocrx_word' id='word_1_349' title='bbox 270 2498 344 2522; x_wconf 83' lang='lat' dir='ltr'><strong>sunt</strong></span> <span class='ocrx_word' id='word_1_350' title='bbox 371 2502 496 2522; x_wconf 81' lang='lat' dir='ltr'><strong>arcana</strong></span> <span class='ocrx_word' id='word_1_351' title='bbox 520 2502 642 2534; x_wconf 78' lang='lat' dir='ltr'><strong>magna</strong></span> <span class='ocrx_word' id='word_1_352' title='bbox 666 2499 817 2534; x_wconf 80' lang='lat' dir='ltr'><strong>peecata,</strong></span> <span class='ocrx_word' id='word_1_353' title='bbox 841 2491 942 2524; x_wconf 86' lang='lat' dir='ltr'><strong>multa</strong></span> <span class='ocrx_word' id='word_1_354' title='bbox 964 2494 1060 2524; x_wconf 81' lang='lat' dir='ltr'><strong>etiam</strong></span> <span class='ocrx_word' id='word_1_355' title='bbox 1085 2504 1142 2534; x_wconf 83' lang='lat' dir='ltr'><strong>pa-</strong></span> 
     </span>
    </p>
   </div>
   <div class='ocr_carea' id='block_1_22' title="bbox 145 2534 1172 2586">
    <p class='ocr_par' dir='ltr' id='par_1_22' title="bbox 145 2534 1172 2586">
     <span class='ocr_line' id='line_1_55' title="bbox 145 2534 1172 2586; baseline 0.003 -21"><span class='ocrx_word' id='word_1_356' title='bbox 145 2540 273 2566; x_wconf 83' lang='lat' dir='ltr'><strong>rentum</strong></span> <span class='ocrx_word' id='word_1_357' title='bbox 309 2541 393 2566; x_wconf 88' lang='lat' dir='ltr'><strong>tetra</strong></span> <span class='ocrx_word' id='word_1_358' title='bbox 429 2534 566 2574; x_wconf 81' lang='lat' dir='ltr'><strong>flagitia,</strong></span> <span class='ocrx_word' id='word_1_359' title='bbox 603 2536 657 2577; x_wconf 88' lang='lat' dir='ltr'><strong>qui</strong></span> <span class='ocrx_word' id='word_1_360' title='bbox 684 2535 856 2577; x_wconf 80' lang='lat' dir='ltr'><strong>Epicureis</strong></span> <span class='ocrx_word' id='word_1_361' title='bbox 887 2535 1059 2568; x_wconf 78' lang='lat' dir='ltr'><strong>furoribus</strong></span> <span class='ocrx_word' id='word_1_362' title='bbox 1085 2542 1142 2568; x_wconf 85' lang='lat' dir='ltr'><strong>aut</strong></span> <span class='ocrx_word' id='word_1_363' title='bbox 1170 2550 1172 2586; x_wconf 37' lang='lat' dir='ltr'>i</span> 
     </span>
    </p>
   </div>
   <div class='ocr_carea' id='block_1_23' title="bbox 143 2577 488 2662">
    <p class='ocr_par' dir='ltr' id='par_1_23' title="bbox 143 2577 488 2662">
     <span class='ocr_line' id='line_1_56' title="bbox 144 2577 488 2620; baseline 0.003 -12"><span class='ocrx_word' id='word_1_364' title='bbox 144 2577 241 2609; x_wconf 83' lang='lat' dir='ltr'><strong>idolis</strong></span> <span class='ocrx_word' id='word_1_365' title='bbox 261 2577 378 2620; x_wconf 83' lang='lat' dir='ltr'><strong>polluti</strong></span> <span class='ocrx_word' id='word_1_366' title='bbox 402 2586 488 2611; x_wconf 85' lang='lat' dir='ltr'><strong>sunt.</strong></span> 
     </span>
     <span class='ocr_line' id='line_1_57' title="bbox 143 2628 313 2662; baseline 0.018 -11"><span class='ocrx_word' id='word_1_367' title='bbox 143 2628 313 2662; x_wconf 79' lang='lat' dir='ltr'><strong>posteros.</strong></span> 
     </span>
    </p>
   </div>
   <div class='ocr_carea' id='block_1_24' title="bbox 535 2578 1142 2623">
    <p class='ocr_par' dir='ltr' id='par_1_24' title="bbox 535 2578 1142 2623">
     <span class='ocr_line' id='line_1_58' title="bbox 535 2578 1142 2623; baseline 0.005 -14"><span class='ocrx_word' id='word_1_368' title='bbox 535 2578 621 2610; x_wconf 88' lang='lat' dir='ltr'><strong>Hinc</strong></span> <span class='ocrx_word' id='word_1_369' title='bbox 645 2578 713 2611; x_wconf 82' lang='lat' dir='ltr'><strong>late</strong></span> <span class='ocrx_word' id='word_1_370' title='bbox 737 2586 904 2623; x_wconf 70' lang='lat' dir='ltr'><strong>vagantur</strong></span> <span class='ocrx_word' id='word_1_371' title='bbox 927 2591 1055 2622; x_wconf 86' lang='lat' dir='ltr'><strong>poenae</strong></span> <span class='ocrx_word' id='word_1_372' title='bbox 1080 2591 1142 2623; x_wconf 84' lang='lat' dir='ltr'><strong>per</strong></span> 
     </span>
    </p>
   </div>
   <div class='ocr_carea' id='block_1_25' title="bbox 1173 508 2198 813">
    <p class='ocr_par' dir='ltr' id='par_1_25' title="bbox 1173 508 2198 813">
     <span class='ocr_line' id='line_1_59' title="bbox 1288 508 2198 547; baseline 0.001 -7"><span class='ocrx_word' id='word_1_373' title='bbox 1288 508 1370 540; x_wconf 78' lang='lat' dir='ltr'><strong>Cum</strong></span> <span class='ocrx_word' id='word_1_374' title='bbox 1395 515 1504 540; x_wconf 88' lang='lat' dir='ltr'><strong>autem</strong></span> <span class='ocrx_word' id='word_1_375' title='bbox 1530 508 1741 540; x_wconf 87' lang='lat' dir='ltr'><strong>manifestum</strong></span> <span class='ocrx_word' id='word_1_376' title='bbox 1763 510 1816 547; x_wconf 84' lang='lat' dir='ltr'><strong>sit,</strong></span> <span class='ocrx_word' id='word_1_377' title='bbox 1841 520 1904 540; x_wconf 87' lang='lat' dir='ltr'><strong>nec</strong></span> <span class='ocrx_word' id='word_1_378' title='bbox 1916 515 2052 541; x_wconf 82' lang='lat' dir='ltr'><strong>renatos</strong></span> <span class='ocrx_word' id='word_1_379' title='bbox 2077 510 2108 540; x_wconf 90' lang='lat' dir='ltr'><strong>in</strong></span> <span class='ocrx_word' id='word_1_380' title='bbox 2132 510 2198 541; x_wconf 87' lang='lat' dir='ltr'><strong>hac</strong></span> 
     </span>
     <span class='ocr_line' id='line_1_60' title="bbox 1173 551 2197 594; baseline 0.002 -11"><span class='ocrx_word' id='word_1_381' title='bbox 1173 586 1174 592; x_wconf 14' lang='grc' dir='ltr'>ἵ</span> <span class='ocrx_word' id='word_1_382' title='bbox 1201 553 1266 584; x_wconf 82' lang='lat' dir='ltr'><strong>vita</strong></span> <span class='ocrx_word' id='word_1_383' title='bbox 1292 551 1357 594; x_wconf 84' lang='lat' dir='ltr'><strong>legi</strong></span> <span class='ocrx_word' id='word_1_384' title='bbox 1383 551 1593 590; x_wconf 73' lang='lat' dir='ltr'><strong>satisfacere,</strong></span> <span class='ocrx_word' id='word_1_385' title='bbox 1614 554 1766 594; x_wconf 63' lang='lat' dir='ltr'><strong>quaestio</strong></span> <span class='ocrx_word' id='word_1_386' title='bbox 1792 559 1855 591; x_wconf 72' lang='lat' dir='ltr'><strong>est,</strong></span> <span class='ocrx_word' id='word_1_387' title='bbox 1882 554 1933 584; x_wconf 80' lang='lat' dir='ltr'><strong>An</strong></span> <span class='ocrx_word' id='word_1_388' title='bbox 1955 554 2197 594; x_wconf 67' lang='lat' dir='ltr'><strong>promissiones</strong></span> 
     </span>
     <span class='ocr_line' id='line_1_61' title="bbox 1173 595 2198 639; baseline 0.002 -13"><span class='ocrx_word' id='word_1_389' title='bbox 1173 596 1174 599; x_wconf 68' lang='grc'>’</span> <span class='ocrx_word' id='word_1_390' title='bbox 1200 595 1330 639; x_wconf 80' lang='lat' dir='ltr'><strong>legales</strong></span> <span class='ocrx_word' id='word_1_391' title='bbox 1365 597 1433 627; x_wconf 85' lang='lat' dir='ltr'><strong>sint</strong></span> <span class='ocrx_word' id='word_1_392' title='bbox 1457 607 1599 638; x_wconf 76' lang='lat' dir='ltr'><strong>prorsus</strong></span> <span class='ocrx_word' id='word_1_393' title='bbox 1623 595 1774 634; x_wconf 78' lang='lat' dir='ltr'><strong>inutiles,</strong></span> <span class='ocrx_word' id='word_1_394' title='bbox 1807 608 1882 627; x_wconf 88' lang='lat' dir='ltr'><strong>eum</strong></span> <span class='ocrx_word' id='word_1_395' title='bbox 1908 597 2129 628; x_wconf 82' lang='lat' dir='ltr'><strong>certissimum</strong></span> <span class='ocrx_word' id='word_1_396' title='bbox 2154 599 2198 629; x_wconf 83' lang='lat' dir='ltr'><strong>sit</strong></span> 
     </span>
     <span class='ocr_line' id='line_1_62' title="bbox 1200 638 2198 682; baseline 0.002 -12"><span class='ocrx_word' id='word_1_397' title='bbox 1200 641 1443 682; x_wconf 70' lang='lat' dir='ltr'><strong>promissiones</strong></span> <span class='ocrx_word' id='word_1_398' title='bbox 1479 639 1564 682; x_wconf 78' lang='lat' dir='ltr'><strong>legis</strong></span> <span class='ocrx_word' id='word_1_399' title='bbox 1601 638 1844 671; x_wconf 73' lang='lat' dir='ltr'><strong>conditionales</strong></span> <span class='ocrx_word' id='word_1_400' title='bbox 1876 651 1970 678; x_wconf 78' lang='lat' dir='ltr'><strong>esse,</strong></span> <span class='ocrx_word' id='word_1_401' title='bbox 2007 642 2198 682; x_wconf 80' lang='lat' dir='ltr'><strong>etquidem</strong></span> 
     </span>
     <span class='ocr_line' id='line_1_63' title="bbox 1200 682 2198 725; baseline 0.002 -11"><span class='ocrx_word' id='word_1_402' title='bbox 1200 683 1373 724; x_wconf 79' lang='lat' dir='ltr'><strong>postolare</strong></span> <span class='ocrx_word' id='word_1_403' title='bbox 1398 682 1623 725; x_wconf 84' lang='lat' dir='ltr'><strong>impletionem</strong></span> <span class='ocrx_word' id='word_1_404' title='bbox 1649 683 1732 725; x_wconf 77' lang='lat' dir='ltr'><strong>legis</strong></span> <span class='ocrx_word' id='word_1_405' title='bbox 1757 685 1828 714; x_wconf 74' lang='lat' dir='ltr'><strong>sine</strong></span> <span class='ocrx_word' id='word_1_406' title='bbox 1853 691 2011 725; x_wconf 61' lang='lat' dir='ltr'><strong>peccato,</strong></span> <span class='ocrx_word' id='word_1_407' title='bbox 2047 686 2136 716; x_wconf 70' lang='lat' dir='ltr'><strong>iuxta</strong></span> <span class='ocrx_word' id='word_1_408' title='bbox 2162 684 2198 716; x_wconf 90' lang='lat' dir='ltr'><strong>il-</strong></span> 
     </span>
     <span class='ocr_line' id='line_1_64' title="bbox 1200 727 2198 770; baseline 0.001 -11"><span class='ocrx_word' id='word_1_409' title='bbox 1200 727 1273 759; x_wconf 90' lang='lat' dir='ltr'><strong>lud:</strong></span> <span class='ocrx_word' id='word_1_410' title='bbox 1300 727 1501 759; x_wconf 73' lang='lat' dir='ltr'><strong>Maledictus</strong></span> <span class='ocrx_word' id='word_1_411' title='bbox 1526 729 1580 770; x_wconf 85' lang='lat' dir='ltr'><strong>qui</strong></span> <span class='ocrx_word' id='word_1_412' title='bbox 1606 738 1670 759; x_wconf 90' lang='lat' dir='ltr'><strong>non</strong></span> <span class='ocrx_word' id='word_1_413' title='bbox 1697 729 1855 759; x_wconf 73' lang='lat' dir='ltr'><strong>manserit</strong></span> <span class='ocrx_word' id='word_1_414' title='bbox 1870 729 1901 759; x_wconf 88' lang='lat' dir='ltr'><strong>in</strong></span> <span class='ocrx_word' id='word_1_415' title='bbox 1922 729 2087 767; x_wconf 82' lang='lat' dir='ltr'><strong>omnibus,</strong></span> <span class='ocrx_word' id='word_1_416' title='bbox 2112 739 2198 770; x_wconf 88' lang='lat' dir='ltr'><strong>quae</strong></span> 
     </span>
     <span class='ocr_line' id='line_1_65' title="bbox 1173 771 1613 813; baseline 0 -12"><span class='ocrx_word' id='word_1_417' title='bbox 1173 798 1174 801; x_wconf 73' lang='grc'>,</span> <span class='ocrx_word' id='word_1_418' title='bbox 1200 778 1278 803; x_wconf 85' lang='lat' dir='ltr'><strong>sunt</strong></span> <span class='ocrx_word' id='word_1_419' title='bbox 1302 773 1428 812; x_wconf 82' lang='lat' dir='ltr'><strong>scripta</strong></span> <span class='ocrx_word' id='word_1_420' title='bbox 1452 772 1485 802; x_wconf 86' lang='lat' dir='ltr'><strong>in</strong></span> <span class='ocrx_word' id='word_1_421' title='bbox 1510 771 1613 813; x_wconf 76' lang='lat' dir='ltr'><strong>Lege.</strong></span> 
     </span>
    </p>
   </div>
   <div class='ocr_carea' id='block_1_26' title="bbox 1172 849 2200 1068">
    <p class='ocr_par' dir='ltr' id='par_1_26' title="bbox 1172 849 2200 1068">
     <span class='ocr_line' id='line_1_66' title="bbox 1290 849 2198 892; baseline 0 -11"><span class='ocrx_word' id='word_1_422' title='bbox 1290 849 1351 881; x_wconf 87' lang='lat' dir='ltr'><strong>llic</strong></span> <span class='ocrx_word' id='word_1_423' title='bbox 1376 850 1578 892; x_wconf 72' lang='lat' dir='ltr'><strong>respondeo,</strong></span> <span class='ocrx_word' id='word_1_424' title='bbox 1615 850 1797 892; x_wconf 78' lang='lat' dir='ltr'><strong>Postquam</strong></span> <span class='ocrx_word' id='word_1_425' title='bbox 1823 850 1888 881; x_wconf 81' lang='lat' dir='ltr'><strong>lide</strong></span> <span class='ocrx_word' id='word_1_426' title='bbox 1912 856 2049 892; x_wconf 85' lang='lat' dir='ltr'><strong>propter</strong></span> <span class='ocrx_word' id='word_1_427' title='bbox 2073 850 2198 882; x_wconf 77' lang='lat' dir='ltr'><strong>Media-</strong></span> 
     </span>
     <span class='ocr_line' id='line_1_67' title="bbox 1201 894 2198 936; baseline 0 -11"><span class='ocrx_word' id='word_1_428' title='bbox 1201 902 1319 931; x_wconf 77' lang='lat' dir='ltr'><strong>torem‚</strong></span> <span class='ocrx_word' id='word_1_429' title='bbox 1346 895 1451 936; x_wconf 78' lang='lat' dir='ltr'><strong>gratis</strong></span> <span class='ocrx_word' id='word_1_430' title='bbox 1476 905 1494 925; x_wconf 87' lang='lat' dir='ltr'><strong>a</strong></span> <span class='ocrx_word' id='word_1_431' title='bbox 1522 894 1593 925; x_wconf 86' lang='lat' dir='ltr'><strong>Deo</strong></span> <span class='ocrx_word' id='word_1_432' title='bbox 1615 896 1738 936; x_wconf 71' lang='lat' dir='ltr'><strong>ret-epti</strong></span> <span class='ocrx_word' id='word_1_433' title='bbox 1763 906 1891 931; x_wconf 63' lang='lat' dir='ltr'><strong>sumus,</strong></span> <span class='ocrx_word' id='word_1_434' title='bbox 1913 901 1945 925; x_wconf 74' lang='lat' dir='ltr'><strong>et.</strong></span> <span class='ocrx_word' id='word_1_435' title='bbox 1969 895 2045 925; x_wconf 77' lang='lat' dir='ltr'><strong>iusti</strong></span> <span class='ocrx_word' id='word_1_436' title='bbox 2068 901 2198 935; x_wconf 76' lang='lat' dir='ltr'><strong>reputa-</strong></span> 
     </span>
     <span class='ocr_line' id='line_1_68' title="bbox 1200 937 2197 979; baseline 0 -10"><span class='ocrx_word' id='word_1_437' title='bbox 1200 950 1285 976; x_wconf 89' lang='lat' dir='ltr'><strong>mur,</strong></span> <span class='ocrx_word' id='word_1_438' title='bbox 1309 939 1430 969; x_wconf 80' lang='lat' dir='ltr'><strong>deinde</strong></span> <span class='ocrx_word' id='word_1_439' title='bbox 1455 939 1552 969; x_wconf 89' lang='lat' dir='ltr'><strong>etiam</strong></span> <span class='ocrx_word' id='word_1_440' title='bbox 1584 938 1741 969; x_wconf 83' lang='lat' dir='ltr'><strong>inchoata</strong></span> <span class='ocrx_word' id='word_1_441' title='bbox 1762 939 1950 969; x_wconf 74' lang='lat' dir='ltr'><strong>obedienta</strong></span> <span class='ocrx_word' id='word_1_442' title='bbox 1976 938 2049 969; x_wconf 87' lang='lat' dir='ltr'><strong>Deo</strong></span> <span class='ocrx_word' id='word_1_443' title='bbox 2074 937 2197 979; x_wconf 80' lang='lat' dir='ltr'><strong>placet,</strong></span> 
     </span>
     <span class='ocr_line' id='line_1_69' title="bbox 1172 980 2200 1024; baseline 0.004 -14"><span class='ocrx_word' id='word_1_444' title='bbox 1172 986 1173 1010; x_wconf 69' lang='lat'>1</span> <span class='ocrx_word' id='word_1_445' title='bbox 1201 993 1391 1024; x_wconf 86' lang='lat' dir='ltr'><strong>quanquam</strong></span> <span class='ocrx_word' id='word_1_446' title='bbox 1418 980 1542 1013; x_wconf 88' lang='lat' dir='ltr'><strong>multae</strong></span> <span class='ocrx_word' id='word_1_447' title='bbox 1566 983 1687 1013; x_wconf 75' lang='lat' dir='ltr'><strong>sordes</strong></span> <span class='ocrx_word' id='word_1_448' title='bbox 1713 983 1744 1013; x_wconf 90' lang='lat' dir='ltr'><strong>in</strong></span> <span class='ocrx_word' id='word_1_449' title='bbox 1770 983 1866 1013; x_wconf 85' lang='lat' dir='ltr'><strong>nobis</strong></span> <span class='ocrx_word' id='word_1_450' title='bbox 1887 980 2035 1023; x_wconf 87' lang='lat' dir='ltr'><strong>reliquae</strong></span> <span class='ocrx_word' id='word_1_451' title='bbox 2050 989 2140 1020; x_wconf 80' lang='lat' dir='ltr'><strong>sunt,</strong></span> <span class='ocrx_word' id='word_1_452' title='bbox 2164 988 2200 1014; x_wconf 80' lang='lat' dir='ltr'><strong>ut</strong></span> 
     </span>
     <span class='ocr_line' id='line_1_70' title="bbox 1201 1026 1641 1068; baseline 0 -11"><span class='ocrx_word' id='word_1_453' title='bbox 1201 1026 1279 1057; x_wconf 84' lang='lat' dir='ltr'><strong>alibi</strong></span> <span class='ocrx_word' id='word_1_454' title='bbox 1305 1026 1477 1068; x_wconf 78' lang='lat' dir='ltr'><strong>copiosius</strong></span> <span class='ocrx_word' id='word_1_455' title='bbox 1502 1026 1641 1057; x_wconf 87' lang='lat' dir='ltr'><strong>dicetur.</strong></span> 
     </span>
    </p>
   </div>
   <div class='ocr_carea' id='block_1_27' title="bbox 1169 1096 2200 1472">
    <p class='ocr_par' dir='ltr' id='par_1_27' title="bbox 1169 1096 2200 1472">
     <span class='ocr_line' id='line_1_71' title="bbox 1172 1096 2199 1148; baseline -0.001 -13"><span class='ocrx_word' id='word_1_456' title='bbox 1172 1096 1176 1148; x_wconf 62' lang='grc'><strong>1</strong></span> <span class='ocrx_word' id='word_1_457' title='bbox 1289 1103 1373 1136; x_wconf 89' lang='lat' dir='ltr'><strong>Cum</strong></span> <span class='ocrx_word' id='word_1_458' title='bbox 1398 1104 1588 1147; x_wconf 79' lang='lat' dir='ltr'><strong>igiturDeo</strong></span> <span class='ocrx_word' id='word_1_459' title='bbox 1609 1104 1765 1147; x_wconf 74' lang='lat' dir='ltr'><strong>placeant</strong></span> <span class='ocrx_word' id='word_1_460' title='bbox 1785 1111 1863 1135; x_wconf 88' lang='lat' dir='ltr'><strong>tunc</strong></span> <span class='ocrx_word' id='word_1_461' title='bbox 1887 1105 1976 1135; x_wconf 88' lang='lat' dir='ltr'><strong>bona</strong></span> <span class='ocrx_word' id='word_1_462' title='bbox 2002 1115 2117 1145; x_wconf 83' lang='lat' dir='ltr'><strong>opera,</strong></span> <span class='ocrx_word' id='word_1_463' title='bbox 2132 1104 2199 1135; x_wconf 85' lang='lat' dir='ltr'><strong>edi·</strong></span> 
     </span>
     <span class='ocr_line' id='line_1_72' title="bbox 1171 1148 2199 1191; baseline 0 -12"><span class='ocrx_word' id='word_1_464' title='bbox 1171 1152 1252 1180; x_wconf 74' lang='lat' dir='ltr'><strong>ttae</strong></span> <span class='ocrx_word' id='word_1_465' title='bbox 1287 1156 1365 1180; x_wconf 80' lang='lat' dir='ltr'><strong>sunt</strong></span> <span class='ocrx_word' id='word_1_466' title='bbox 1400 1158 1431 1180; x_wconf 86' lang='lat' dir='ltr'><strong>et</strong></span> <span class='ocrx_word' id='word_1_467' title='bbox 1463 1150 1493 1179; x_wconf 86' lang='lat' dir='ltr'><strong>in</strong></span> <span class='ocrx_word' id='word_1_468' title='bbox 1520 1148 1705 1191; x_wconf 73' lang='lat' dir='ltr'><strong>Evangelio</strong></span> <span class='ocrx_word' id='word_1_469' title='bbox 1743 1149 1995 1189; x_wconf 65' lang='lat' dir='ltr'><strong>promissiones.</strong></span> <span class='ocrx_word' id='word_1_470' title='bbox 2028 1159 2114 1190; x_wconf 90' lang='lat' dir='ltr'><strong>quae</strong></span> <span class='ocrx_word' id='word_1_471' title='bbox 2138 1158 2199 1189; x_wconf 89' lang='lat' dir='ltr'><strong>pro</strong></span> 
     </span>
     <span class='ocr_line' id='line_1_73' title="bbox 1200 1191 2199 1234; baseline 0 -11"><span class='ocrx_word' id='word_1_472' title='bbox 1200 1192 1326 1223; x_wconf 72' lang='lat' dir='ltr'><strong>talibus</strong></span> <span class='ocrx_word' id='word_1_473' title='bbox 1353 1194 1513 1234; x_wconf 78' lang='lat' dir='ltr'><strong>operibus</strong></span> <span class='ocrx_word' id='word_1_474' title='bbox 1534 1194 1681 1233; x_wconf 83' lang='lat' dir='ltr'><strong>praemia</strong></span> <span class='ocrx_word' id='word_1_475' title='bbox 1704 1203 1768 1223; x_wconf 90' lang='lat' dir='ltr'><strong>non</strong></span> <span class='ocrx_word' id='word_1_476' title='bbox 1794 1191 1902 1223; x_wconf 82' lang='lat' dir='ltr'><strong>solum</strong></span> <span class='ocrx_word' id='word_1_477' title='bbox 1928 1193 1958 1222; x_wconf 89' lang='lat' dir='ltr'><strong>in</strong></span> <span class='ocrx_word' id='word_1_478' title='bbox 1984 1192 2095 1223; x_wconf 80' lang='lat' dir='ltr'><strong>sutura</strong></span> <span class='ocrx_word' id='word_1_479' title='bbox 2118 1194 2199 1231; x_wconf 73' lang='lat' dir='ltr'><strong>vita,</strong></span> 
     </span>
     <span class='ocr_line' id='line_1_74' title="bbox 1199 1234 2199 1277; baseline 0.002 -12"><span class='ocrx_word' id='word_1_480' title='bbox 1199 1238 1258 1267; x_wconf 85' lang='lat' dir='ltr'><strong>scd</strong></span> <span class='ocrx_word' id='word_1_481' title='bbox 1295 1237 1391 1267; x_wconf 88' lang='lat' dir='ltr'><strong>etiam</strong></span> <span class='ocrx_word' id='word_1_482' title='bbox 1424 1237 1456 1267; x_wconf 89' lang='lat' dir='ltr'><strong>in</strong></span> <span class='ocrx_word' id='word_1_483' title='bbox 1481 1235 1544 1267; x_wconf 89' lang='lat' dir='ltr'><strong>hac</strong></span> <span class='ocrx_word' id='word_1_484' title='bbox 1569 1236 1699 1267; x_wconf 81' lang='lat' dir='ltr'><strong>mortali</strong></span> <span class='ocrx_word' id='word_1_485' title='bbox 1724 1237 1790 1267; x_wconf 77' lang='lat' dir='ltr'><strong>vita</strong></span> <span class='ocrx_word' id='word_1_486' title='bbox 1816 1236 1975 1274; x_wconf 72' lang='lat' dir='ltr'><strong>offerunt,</strong></span> <span class='ocrx_word' id='word_1_487' title='bbox 2009 1234 2199 1277; x_wconf 84' lang='lat' dir='ltr'><strong>corporalia</strong></span> 
     </span>
     <span class='ocr_line' id='line_1_75' title="bbox 1199 1278 2198 1322; baseline 0 -11"><span class='ocrx_word' id='word_1_488' title='bbox 1199 1287 1230 1311; x_wconf 87' lang='lat' dir='ltr'><strong>et</strong></span> <span class='ocrx_word' id='word_1_489' title='bbox 1256 1279 1454 1321; x_wconf 73' lang='lat' dir='ltr'><strong>spiritualia,</strong></span> <span class='ocrx_word' id='word_1_490' title='bbox 1479 1281 1568 1311; x_wconf 83' lang='grc'><strong>510111</strong></span> <span class='ocrx_word' id='word_1_491' title='bbox 1592 1281 1771 1322; x_wconf 85' lang='lat' dir='ltr'><strong>perspicua</strong></span> <span class='ocrx_word' id='word_1_492' title='bbox 1796 1281 1961 1311; x_wconf 74' lang='lat' dir='ltr'><strong>sententia</strong></span> <span class='ocrx_word' id='word_1_493' title='bbox 1986 1278 2058 1310; x_wconf 91' lang='lat' dir='ltr'><strong>Filii</strong></span> <span class='ocrx_word' id='word_1_494' title='bbox 2074 1279 2136 1310; x_wconf 84' lang='lat' dir='ltr'><strong>Dei</strong></span> <span class='ocrx_word' id='word_1_495' title='bbox 2157 1280 2198 1311; x_wconf 88' lang='lat' dir='ltr'><strong>de</strong></span> 
     </span>
     <span class='ocr_line' id='line_1_76' title="bbox 1198 1323 2198 1366; baseline 0.001 -12"><span class='ocrx_word' id='word_1_496' title='bbox 1198 1324 1357 1366; x_wconf 83' lang='lat' dir='ltr'><strong>praemiis</strong></span> <span class='ocrx_word' id='word_1_497' title='bbox 1388 1325 1420 1355; x_wconf 93' lang='grc'><strong>111</strong></span> <span class='ocrx_word' id='word_1_498' title='bbox 1456 1331 1599 1366; x_wconf 83' lang='lat' dir='ltr'><strong>utraque</strong></span> <span class='ocrx_word' id='word_1_499' title='bbox 1634 1325 1720 1362; x_wconf 88' lang='lat' dir='ltr'><strong>vita,</strong></span> <span class='ocrx_word' id='word_1_500' title='bbox 1756 1325 1988 1361; x_wconf 84' lang='lat' dir='ltr'><strong>concionatur,</strong></span> <span class='ocrx_word' id='word_1_501' title='bbox 2014 1323 2118 1354; x_wconf 77' lang='lat' dir='ltr'><strong>Marc.</strong></span> <span class='ocrx_word' id='word_1_502' title='bbox 2151 1324 2198 1355; x_wconf 90' lang='grc'><strong>10.</strong></span> 
     </span>
     <span class='ocr_line' id='line_1_77' title="bbox 1199 1366 2199 1410; baseline -0.002 -11"><span class='ocrx_word' id='word_1_503' title='bbox 1199 1368 1262 1403; x_wconf 73' lang='lat' dir='ltr'><strong>Qut</strong></span> <span class='ocrx_word' id='word_1_504' title='bbox 1288 1367 1459 1410; x_wconf 87' lang='lat' dir='ltr'><strong>reliquerit</strong></span> <span class='ocrx_word' id='word_1_505' title='bbox 1484 1369 1617 1399; x_wconf 90' lang='lat' dir='ltr'><strong>domum</strong></span> <span class='ocrx_word' id='word_1_506' title='bbox 1632 1373 1769 1409; x_wconf 86' lang='lat' dir='ltr'><strong>propter</strong></span> <span class='ocrx_word' id='word_1_507' title='bbox 1782 1378 1834 1399; x_wconf 92' lang='lat' dir='ltr'><strong>me</strong></span> <span class='ocrx_word' id='word_1_508' title='bbox 1848 1374 1878 1398; x_wconf 89' lang='lat' dir='ltr'><strong>et</strong></span> <span class='ocrx_word' id='word_1_509' title='bbox 1892 1366 2199 1410; x_wconf 76' lang='lat' dir='ltr'><strong>propterEvang-e-</strong></span> 
     </span>
     <span class='ocr_line' id='line_1_78' title="bbox 1169 1410 2200 1472; baseline 0.001 -31"><span class='ocrx_word' id='word_1_510' title='bbox 1169 1413 1173 1472; x_wconf 53' lang='grc' dir='ltr'>ί</span> <span class='ocrx_word' id='word_1_511' title='bbox 1196 1410 1287 1450; x_wconf 86' lang='grc'><strong>1111111,</strong></span> <span class='ocrx_word' id='word_1_512' title='bbox 1314 1413 1451 1453; x_wconf 81' lang='lat' dir='ltr'><strong>recipiet</strong></span> <span class='ocrx_word' id='word_1_513' title='bbox 1475 1410 1678 1453; x_wconf 87' lang='lat' dir='ltr'><strong>centuplum,</strong></span> <span class='ocrx_word' id='word_1_514' title='bbox 1703 1422 1790 1442; x_wconf 89' lang='lat' dir='ltr'><strong>nunc</strong></span> <span class='ocrx_word' id='word_1_515' title='bbox 1814 1413 1846 1442; x_wconf 88' lang='grc'><strong>111</strong></span> <span class='ocrx_word' id='word_1_516' title='bbox 1871 1410 1935 1442; x_wconf 92' lang='lat' dir='ltr'><strong>hoc</strong></span> <span class='ocrx_word' id='word_1_517' title='bbox 1949 1419 2110 1452; x_wconf 83' lang='lat' dir='ltr'><strong>tempore,</strong></span> <span class='ocrx_word' id='word_1_518' title='bbox 2125 1422 2200 1442; x_wconf 87' lang='lat' dir='ltr'><strong>eum</strong></span> 
     </span>
    </p>
   </div>
   <div class='ocr_carea' id='block_1_28' title="bbox 1172 767 1175 1362">
    <p class='ocr_par' dir='ltr' id='par_1_28' title="bbox 1172 767 1175 1362">
     <span class='ocr_line' id='line_1_79' title="bbox 1172 767 1175 1362; baseline 0 0"><span class='ocrx_word' id='word_1_519' title='bbox 1172 767 1175 1362; x_wconf 95' lang='lat' dir='ltr'><strong> </strong></span> 
     </span>
    </p>
   </div>
   <div class='ocr_carea' id='block_1_29' title="bbox 1197 1453 2198 1496">
    <p class='ocr_par' dir='ltr' id='par_1_29' title="bbox 1197 1453 2198 1496">
     <span class='ocr_line' id='line_1_80' title="bbox 1197 1453 2198 1496; baseline 0 -10"><span class='ocrx_word' id='word_1_520' title='bbox 1197 1456 1452 1496; x_wconf 83' lang='lat' dir='ltr'><strong>persecutione,</strong></span> <span class='ocrx_word' id='word_1_521' title='bbox 1488 1461 1520 1486; x_wconf 86' lang='lat' dir='ltr'><strong>et</strong></span> <span class='ocrx_word' id='word_1_522' title='bbox 1544 1456 1576 1486; x_wconf 90' lang='lat' dir='ltr'><strong>in</strong></span> <span class='ocrx_word' id='word_1_523' title='bbox 1600 1454 1711 1487; x_wconf 83' lang='lat' dir='ltr'><strong>futuro</strong></span> <span class='ocrx_word' id='word_1_524' title='bbox 1736 1453 1865 1493; x_wconf 87' lang='lat' dir='ltr'><strong>seculo,</strong></span> <span class='ocrx_word' id='word_1_525' title='bbox 1890 1456 1992 1487; x_wconf 84' lang='lat' dir='ltr'><strong>vitam</strong></span> <span class='ocrx_word' id='word_1_526' title='bbox 2017 1462 2198 1486; x_wconf 83' lang='lat' dir='ltr'><strong>aeternam.</strong></span> 
     </span>
    </p>
   </div>
   <div class='ocr_carea' id='block_1_30' title="bbox 1171 1533 2201 2049">
    <p class='ocr_par' dir='ltr' id='par_1_30' title="bbox 1171 1533 2201 1784">
     <span class='ocr_line' id='line_1_81' title="bbox 1285 1533 2200 1576; baseline 0 -11"><span class='ocrx_word' id='word_1_527' title='bbox 1285 1533 1413 1565; x_wconf 88' lang='lat' dir='ltr'><strong>Eodem</strong></span> <span class='ocrx_word' id='word_1_528' title='bbox 1438 1534 1538 1565; x_wconf 91' lang='lat' dir='ltr'><strong>modo</strong></span> <span class='ocrx_word' id='word_1_529' title='bbox 1559 1534 1600 1565; x_wconf 90' lang='lat' dir='ltr'><strong>de</strong></span> <span class='ocrx_word' id='word_1_530' title='bbox 1624 1535 1774 1576; x_wconf 83' lang='lat' dir='ltr'><strong>utrisque</strong></span> <span class='ocrx_word' id='word_1_531' title='bbox 1798 1534 1918 1565; x_wconf 87' lang='lat' dir='ltr'><strong>dieitur</strong></span> <span class='ocrx_word' id='word_1_532' title='bbox 1942 1534 1972 1564; x_wconf 93' lang='lat' dir='ltr'><strong>in</strong></span> <span class='ocrx_word' id='word_1_533' title='bbox 1993 1534 2105 1575; x_wconf 91' lang='lat' dir='ltr'><strong>priore</strong></span> <span class='ocrx_word' id='word_1_534' title='bbox 2123 1533 2200 1575; x_wconf 91' lang='lat' dir='ltr'><strong>Epi-</strong></span> 
     </span>
     <span class='ocr_line' id='line_1_82' title="bbox 1198 1576 2200 1619; baseline 0 -10"><span class='ocrx_word' id='word_1_535' title='bbox 1198 1576 1287 1609; x_wconf 87' lang='lat' dir='ltr'><strong>stola</strong></span> <span class='ocrx_word' id='word_1_536' title='bbox 1323 1579 1366 1610; x_wconf 88' lang='lat' dir='ltr'><strong>ad</strong></span> <span class='ocrx_word' id='word_1_537' title='bbox 1390 1577 1599 1609; x_wconf 74' lang='lat' dir='ltr'><strong>Timotheum</strong></span> <span class='ocrx_word' id='word_1_538' title='bbox 1624 1589 1697 1619; x_wconf 89' lang='lat' dir='ltr'><strong>cap.</strong></span> <span class='ocrx_word' id='word_1_539' title='bbox 1723 1579 1753 1608; x_wconf 76' lang='lat'><strong>4.</strong></span> <span class='ocrx_word' id='word_1_540' title='bbox 1801 1577 1913 1609; x_wconf 81' lang='lat' dir='ltr'><strong>Pietas</strong></span> <span class='ocrx_word' id='word_1_541' title='bbox 1939 1578 1981 1609; x_wconf 89' lang='lat' dir='ltr'><strong>ad</strong></span> <span class='ocrx_word' id='word_1_542' title='bbox 2006 1579 2114 1609; x_wconf 81' lang='lat' dir='ltr'><strong>omnia</strong></span> <span class='ocrx_word' id='word_1_543' title='bbox 2139 1579 2200 1610; x_wconf 88' lang='lat' dir='ltr'><strong>uti-</strong></span> 
     </span>
     <span class='ocr_line' id='line_1_83' title="bbox 1198 1620 2201 1664; baseline 0 -12"><span class='ocrx_word' id='word_1_544' title='bbox 1198 1620 1239 1653; x_wconf 85' lang='lat' dir='ltr'><strong>lis</strong></span> <span class='ocrx_word' id='word_1_545' title='bbox 1275 1628 1343 1660; x_wconf 79' lang='lat' dir='ltr'><strong>est,</strong></span> <span class='ocrx_word' id='word_1_546' title='bbox 1377 1623 1621 1664; x_wconf 81' lang='lat' dir='ltr'><strong>promissiones</strong></span> <span class='ocrx_word' id='word_1_547' title='bbox 1656 1622 1786 1653; x_wconf 81' lang='lat' dir='ltr'><strong>liabens</strong></span> <span class='ocrx_word' id='word_1_548' title='bbox 1822 1622 1912 1653; x_wconf 79' lang='lat' dir='ltr'><strong>vitae.</strong></span> <span class='ocrx_word' id='word_1_549' title='bbox 1946 1622 2136 1663; x_wconf 78' lang='lat' dir='ltr'><strong>praesentis</strong></span> <span class='ocrx_word' id='word_1_550' title='bbox 2168 1627 2201 1653; x_wconf 91' lang='lat' dir='ltr'><strong>et</strong></span> 
     </span>
     <span class='ocr_line' id='line_1_84' title="bbox 1198 1665 2200 1707; baseline 0.001 -11"><span class='ocrx_word' id='word_1_551' title='bbox 1198 1672 1371 1697; x_wconf 82' lang='lat' dir='ltr'><strong>venturae.</strong></span> <span class='ocrx_word' id='word_1_552' title='bbox 1407 1665 1449 1697; x_wconf 86' lang='lat' dir='ltr'><strong>Et</strong></span> <span class='ocrx_word' id='word_1_553' title='bbox 1473 1667 1514 1697; x_wconf 91' lang='grc'><strong>(10</strong></span> <span class='ocrx_word' id='word_1_554' title='bbox 1538 1667 1708 1707; x_wconf 88' lang='lat' dir='ltr'><strong>praesenti</strong></span> <span class='ocrx_word' id='word_1_555' title='bbox 1734 1666 1822 1697; x_wconf 74' lang='lat' dir='ltr'><strong>victu</strong></span> <span class='ocrx_word' id='word_1_556' title='bbox 1848 1671 1880 1697; x_wconf 92' lang='lat' dir='ltr'><strong>et</strong></span> <span class='ocrx_word' id='word_1_557' title='bbox 1904 1665 2102 1697; x_wconf 88' lang='lat' dir='ltr'><strong>defensione</strong></span> <span class='ocrx_word' id='word_1_558' title='bbox 2127 1665 2200 1697; x_wconf 93' lang='lat' dir='ltr'><strong>lon-</strong></span> 
     </span>
     <span class='ocr_line' id='line_1_85' title="bbox 1171 1701 2199 1784; baseline 0.002 -44"><span class='ocrx_word' id='word_1_559' title='bbox 1171 1701 1174 1758; x_wconf 60' lang='grc'><strong>1</strong></span> <span class='ocrx_word' id='word_1_560' title='bbox 1198 1720 1242 1784; x_wconf 52' lang='lat' dir='ltr'><strong>{a</strong></span> <span class='ocrx_word' id='word_1_561' title='bbox 1267 1710 1388 1741; x_wconf 87' lang='lat' dir='ltr'><strong>concio</strong></span> <span class='ocrx_word' id='word_1_562' title='bbox 1413 1717 1464 1741; x_wconf 88' lang='lat' dir='ltr'><strong>est</strong></span> <span class='ocrx_word' id='word_1_563' title='bbox 1483 1709 1603 1741; x_wconf 84' lang='lat' dir='ltr'><strong>Matth.</strong></span> <span class='ocrx_word' id='word_1_564' title='bbox 1622 1710 1654 1740; x_wconf 76' lang='lat'><strong>6.</strong></span> <span class='ocrx_word' id='word_1_565' title='bbox 1700 1709 1847 1741; x_wconf 89' lang='lat' dir='ltr'><strong>Primum</strong></span> <span class='ocrx_word' id='word_1_566' title='bbox 1877 1710 2026 1752; x_wconf 86' lang='lat' dir='ltr'><strong>quaerite</strong></span> <span class='ocrx_word' id='word_1_567' title='bbox 2057 1721 2199 1751; x_wconf 73' lang='lat' dir='ltr'><strong>regnum</strong></span> 
     </span>
    </p>

    <p class='ocr_par' dir='ltr' id='par_1_31' title="bbox 1171 1753 2199 2049">
     <span class='ocr_line' id='line_1_86' title="bbox 1233 1753 2198 1793; baseline 0 -8"><span class='ocrx_word' id='word_1_568' title='bbox 1233 1754 1274 1791; x_wconf 91' lang='lat' dir='ltr'><strong>ei,</strong></span> <span class='ocrx_word' id='word_1_569' title='bbox 1312 1760 1343 1785; x_wconf 88' lang='lat' dir='ltr'><strong>et</strong></span> <span class='ocrx_word' id='word_1_570' title='bbox 1379 1761 1512 1785; x_wconf 84' lang='lat' dir='ltr'><strong>caetera</strong></span> <span class='ocrx_word' id='word_1_571' title='bbox 1534 1754 1732 1785; x_wconf 86' lang='lat' dir='ltr'><strong>adiicientur</strong></span> <span class='ocrx_word' id='word_1_572' title='bbox 1757 1755 1864 1785; x_wconf 79' lang='lat' dir='ltr'><strong>vobis-</strong></span> <span class='ocrx_word' id='word_1_573' title='bbox 1911 1753 1993 1785; x_wconf 83' lang='lat' dir='ltr'><strong>Luc.</strong></span> <span class='ocrx_word' id='word_1_574' title='bbox 2017 1753 2049 1784; x_wconf 86' lang='grc'><strong>6.</strong></span> <span class='ocrx_word' id='word_1_575' title='bbox 2096 1753 2198 1793; x_wconf 88' lang='lat' dir='ltr'><strong>Date,</strong></span> 
     </span>
     <span class='ocr_line' id='line_1_87' title="bbox 1198 1796 2199 1839; baseline 0.001 -11"><span class='ocrx_word' id='word_1_576' title='bbox 1198 1803 1231 1829; x_wconf 86' lang='lat' dir='ltr'><strong>et</strong></span> <span class='ocrx_word' id='word_1_577' title='bbox 1254 1798 1385 1829; x_wconf 90' lang='lat' dir='ltr'><strong>dabitur</strong></span> <span class='ocrx_word' id='word_1_578' title='bbox 1411 1799 1517 1831; x_wconf 78' lang='lat' dir='ltr'><strong>vobis.</strong></span> <span class='ocrx_word' id='word_1_579' title='bbox 1563 1797 1605 1828; x_wconf 87' lang='lat' dir='ltr'><strong>Et</strong></span> <span class='ocrx_word' id='word_1_580' title='bbox 1628 1797 1659 1828; x_wconf 75' lang='lat'><strong>2.</strong></span> <span class='ocrx_word' id='word_1_581' title='bbox 1681 1796 1830 1830; x_wconf 85' lang='lat' dir='ltr'><strong>Corinth.</strong></span> <span class='ocrx_word' id='word_1_582' title='bbox 1851 1797 1882 1829; x_wconf 89' lang='lat'><strong>9.</strong></span> <span class='ocrx_word' id='word_1_583' title='bbox 1918 1797 1981 1834; x_wconf 74' lang='lat' dir='ltr'><strong>Qui</strong></span> <span class='ocrx_word' id='word_1_584' title='bbox 2006 1798 2199 1839; x_wconf 83' lang='lat' dir='ltr'><strong>suppeditat</strong></span> 
     </span>
     <span class='ocr_line' id='line_1_88' title="bbox 1171 1841 2199 1884; baseline 0.002 -13"><span class='ocrx_word' id='word_1_585' title='bbox 1171 1846 1173 1854; x_wconf 86' lang='lat'><strong>¹</strong></span> <span class='ocrx_word' id='word_1_586' title='bbox 1200 1851 1313 1873; x_wconf 87' lang='lat' dir='ltr'><strong>semen</strong></span> <span class='ocrx_word' id='word_1_587' title='bbox 1338 1842 1527 1881; x_wconf 87' lang='lat' dir='ltr'><strong>seminanti,</strong></span> <span class='ocrx_word' id='word_1_588' title='bbox 1552 1842 1741 1882; x_wconf 89' lang='lat' dir='ltr'><strong>suppeditet.</strong></span> <span class='ocrx_word' id='word_1_589' title='bbox 1766 1849 1799 1874; x_wconf 89' lang='lat' dir='ltr'><strong>et</strong></span> <span class='ocrx_word' id='word_1_590' title='bbox 1822 1852 1940 1884; x_wconf 88' lang='lat' dir='ltr'><strong>panem</strong></span> <span class='ocrx_word' id='word_1_591' title='bbox 1955 1843 1996 1873; x_wconf 87' lang='lat' dir='ltr'><strong>ad</strong></span> <span class='ocrx_word' id='word_1_592' title='bbox 2011 1843 2132 1873; x_wconf 83' lang='lat' dir='ltr'><strong>eibmn.</strong></span> <span class='ocrx_word' id='word_1_593' title='bbox 2156 1841 2199 1873; x_wconf 86' lang='lat' dir='ltr'><strong>Et</strong></span> 
     </span>
     <span class='ocr_line' id='line_1_89' title="bbox 1199 1884 2197 1928; baseline 0 -12"><span class='ocrx_word' id='word_1_594' title='bbox 1199 1884 1290 1916; x_wconf 86' lang='lat' dir='ltr'><strong>Esai.</strong></span> <span class='ocrx_word' id='word_1_595' title='bbox 1311 1885 1364 1916; x_wconf 75' lang='lat'><strong>33.</strong></span> <span class='ocrx_word' id='word_1_596' title='bbox 1413 1885 1512 1917; x_wconf 69' lang='lat' dir='ltr'><strong>Panis</strong></span> <span class='ocrx_word' id='word_1_597' title='bbox 1538 1886 1567 1917; x_wconf 91' lang='lat' dir='ltr'><strong>ei</strong></span> <span class='ocrx_word' id='word_1_598' title='bbox 1592 1886 1734 1924; x_wconf 86' lang='lat' dir='ltr'><strong>dabitur,</strong></span> <span class='ocrx_word' id='word_1_599' title='bbox 1755 1892 1787 1918; x_wconf 89' lang='lat' dir='ltr'><strong>et</strong></span> <span class='ocrx_word' id='word_1_600' title='bbox 1811 1896 1918 1928; x_wconf 88' lang='lat' dir='ltr'><strong>aquae</strong></span> <span class='ocrx_word' id='word_1_601' title='bbox 1942 1897 2008 1917; x_wconf 88' lang='lat' dir='ltr'><strong>non</strong></span> <span class='ocrx_word' id='word_1_602' title='bbox 2029 1885 2197 1924; x_wconf 81' lang='lat' dir='ltr'><strong>deficient,</strong></span> 
     </span>
     <span class='ocr_line' id='line_1_90' title="bbox 1199 1928 2196 1971; baseline 0.001 -11"><span class='ocrx_word' id='word_1_603' title='bbox 1199 1928 1326 1971; x_wconf 86' lang='lat' dir='ltr'><strong>Regem</strong></span> <span class='ocrx_word' id='word_1_604' title='bbox 1352 1928 1528 1961; x_wconf 79' lang='lat' dir='ltr'><strong>florentem</strong></span> <span class='ocrx_word' id='word_1_605' title='bbox 1553 1930 1725 1968; x_wconf 80' lang='lat' dir='ltr'><strong>videbunt,</strong></span> <span class='ocrx_word' id='word_1_606' title='bbox 1750 1930 1782 1961; x_wconf 87' lang='lat' dir='ltr'><strong>id</strong></span> <span class='ocrx_word' id='word_1_607' title='bbox 1803 1937 1867 1967; x_wconf 64' lang='grc'><strong>051,</strong></span> <span class='ocrx_word' id='word_1_608' title='bbox 1891 1930 2050 1961; x_wconf 84' lang='lat' dir='ltr'><strong>videbunt</strong></span> <span class='ocrx_word' id='word_1_609' title='bbox 2064 1928 2196 1970; x_wconf 88' lang='lat' dir='ltr'><strong>politias</strong></span> 
     </span>
     <span class='ocr_line' id='line_1_91' title="bbox 1200 1972 2198 2016; baseline 0.001 -12"><span class='ocrx_word' id='word_1_610' title='bbox 1200 1974 1285 2004; x_wconf 90' lang='lat' dir='ltr'><strong>bene</strong></span> <span class='ocrx_word' id='word_1_611' title='bbox 1299 1974 1511 2012; x_wconf 73' lang='lat' dir='ltr'><strong>constitutas,</strong></span> <span class='ocrx_word' id='word_1_612' title='bbox 1535 1972 1745 2016; x_wconf 82' lang='lat' dir='ltr'><strong>tranquillas,</strong></span> <span class='ocrx_word' id='word_1_613' title='bbox 1770 1973 1947 2016; x_wconf 76' lang='lat' dir='ltr'><strong>disciplina</strong></span> <span class='ocrx_word' id='word_1_614' title='bbox 1968 1980 2000 2005; x_wconf 89' lang='lat' dir='ltr'><strong>et</strong></span> <span class='ocrx_word' id='word_1_615' title='bbox 2012 1973 2124 2005; x_wconf 87' lang='lat' dir='ltr'><strong>multis</strong></span> <span class='ocrx_word' id='word_1_616' title='bbox 2139 1975 2198 2005; x_wconf 86' lang='lat' dir='ltr'><strong>bo-</strong></span> 
     </span>
     <span class='ocr_line' id='line_1_92' title="bbox 1198 2018 1422 2049; baseline -0.004 -1"><span class='ocrx_word' id='word_1_617' title='bbox 1198 2018 1249 2048; x_wconf 85' lang='lat' dir='ltr'><strong>nis</strong></span> <span class='ocrx_word' id='word_1_618' title='bbox 1274 2024 1422 2049; x_wconf 87' lang='lat' dir='ltr'><strong>ornatas.</strong></span> 
     </span>
    </p>
   </div>
   <div class='ocr_carea' id='block_1_31' title="bbox 1169 2083 2197 2435">
    <p class='ocr_par' dir='ltr' id='par_1_32' title="bbox 1169 2083 2197 2435">
     <span class='ocr_line' id='line_1_93' title="bbox 1284 2083 2197 2130; baseline 0 -11"><span class='ocrx_word' id='word_1_619' title='bbox 1284 2086 1385 2119; x_wconf 64' lang='lat' dir='ltr'><strong>Tales</strong></span> <span class='ocrx_word' id='word_1_620' title='bbox 1410 2083 1652 2130; x_wconf 75' lang='lat' dir='ltr'><strong>promissiones</strong></span> <span class='ocrx_word' id='word_1_621' title='bbox 1676 2097 1837 2119; x_wconf 70' lang='lat' dir='ltr'><strong>vocamus</strong></span> <span class='ocrx_word' id='word_1_622' title='bbox 1861 2085 2003 2129; x_wconf 83' lang='lat' dir='ltr'><strong>legales,</strong></span> <span class='ocrx_word' id='word_1_623' title='bbox 2029 2088 2106 2130; x_wconf 85' lang='lat' dir='ltr'><strong>quia</strong></span> <span class='ocrx_word' id='word_1_624' title='bbox 2119 2098 2197 2129; x_wconf 90' lang='lat' dir='ltr'><strong>ope-</strong></span> 
     </span>
     <span class='ocr_line' id='line_1_94' title="bbox 1198 2132 2197 2172; baseline -0.002 -9"><span class='ocrx_word' id='word_1_625' title='bbox 1198 2132 1291 2163; x_wconf 80' lang='lat' dir='ltr'><strong>ribus</strong></span> <span class='ocrx_word' id='word_1_626' title='bbox 1325 2132 1458 2163; x_wconf 84' lang='lat' dir='ltr'><strong>additae</strong></span> <span class='ocrx_word' id='word_1_627' title='bbox 1493 2138 1582 2169; x_wconf 84' lang='lat' dir='ltr'><strong>sunt,</strong></span> <span class='ocrx_word' id='word_1_628' title='bbox 1618 2143 1658 2163; x_wconf 85' lang='lat' dir='ltr'><strong>ac</strong></span> <span class='ocrx_word' id='word_1_629' title='bbox 1694 2132 1877 2172; x_wconf 77' lang='lat' dir='ltr'><strong>prudenter</strong></span> <span class='ocrx_word' id='word_1_630' title='bbox 1901 2132 2112 2163; x_wconf 80' lang='lat' dir='ltr'><strong>iudicandum</strong></span> <span class='ocrx_word' id='word_1_631' title='bbox 2138 2138 2197 2163; x_wconf 85' lang='lat' dir='ltr'><strong>est.</strong></span> 
     </span>
     <span class='ocr_line' id='line_1_95' title="bbox 1198 2174 2197 2217; baseline 0.001 -11"><span class='ocrx_word' id='word_1_632' title='bbox 1198 2175 1233 2206; x_wconf 93' lang='grc'><strong>111</strong></span> <span class='ocrx_word' id='word_1_633' title='bbox 1269 2174 1383 2217; x_wconf 85' lang='lat' dir='ltr'><strong>politia</strong></span> <span class='ocrx_word' id='word_1_634' title='bbox 1409 2175 1506 2206; x_wconf 70' lang='lat' dir='ltr'><strong>moisi</strong></span> <span class='ocrx_word' id='word_1_635' title='bbox 1543 2176 1664 2207; x_wconf 85' lang='lat' dir='ltr'><strong>tradita</strong></span> <span class='ocrx_word' id='word_1_636' title='bbox 1695 2174 1754 2206; x_wconf 85' lang='lat' dir='ltr'><strong>suit</strong></span> <span class='ocrx_word' id='word_1_637' title='bbox 1789 2176 1967 2217; x_wconf 81' lang='lat' dir='ltr'><strong>promissio</strong></span> <span class='ocrx_word' id='word_1_638' title='bbox 2005 2176 2197 2207; x_wconf 89' lang='lat' dir='ltr'><strong>nominatim</strong></span> 
     </span>
     <span class='ocr_line' id='line_1_96' title="bbox 1199 2217 2196 2262; baseline 0 -12"><span class='ocrx_word' id='word_1_639' title='bbox 1199 2220 1240 2251; x_wconf 85' lang='lat' dir='ltr'><strong>de</strong></span> <span class='ocrx_word' id='word_1_640' title='bbox 1265 2220 1348 2251; x_wconf 78' lang='lat' dir='ltr'><strong>sede</strong></span> <span class='ocrx_word' id='word_1_641' title='bbox 1367 2217 1542 2250; x_wconf 80' lang='lat' dir='ltr'><strong>Ecclesiae</strong></span> <span class='ocrx_word' id='word_1_642' title='bbox 1567 2225 1659 2250; x_wconf 84' lang='lat' dir='ltr'><strong>certa</strong></span> <span class='ocrx_word' id='word_1_643' title='bbox 1684 2220 1715 2250; x_wconf 93' lang='lat' dir='ltr'><strong>in</strong></span> <span class='ocrx_word' id='word_1_644' title='bbox 1740 2218 1798 2250; x_wconf 84' lang='lat' dir='ltr'><strong>illo</strong></span> <span class='ocrx_word' id='word_1_645' title='bbox 1823 2220 1896 2261; x_wconf 88' lang='lat' dir='ltr'><strong>ipso</strong></span> <span class='ocrx_word' id='word_1_646' title='bbox 1922 2220 2066 2262; x_wconf 77' lang='lat' dir='ltr'><strong>vestigio</strong></span> <span class='ocrx_word' id='word_1_647' title='bbox 2081 2218 2196 2251; x_wconf 86' lang='lat' dir='ltr'><strong>Palae-</strong></span> 
     </span>
     <span class='ocr_line' id='line_1_97' title="bbox 1169 2262 2196 2303; baseline 0 -8"><span class='ocrx_word' id='word_1_648' title='bbox 1169 2287 1172 2303; x_wconf 61' lang='grc'><strong>,</strong></span> <span class='ocrx_word' id='word_1_649' title='bbox 1198 2264 1318 2295; x_wconf 90' lang='lat' dir='ltr'><strong>stinae.</strong></span> <span class='ocrx_word' id='word_1_650' title='bbox 1366 2264 1463 2295; x_wconf 66' lang='lat' dir='ltr'><strong>Nunc</strong></span> <span class='ocrx_word' id='word_1_651' title='bbox 1485 2274 1550 2294; x_wconf 92' lang='lat' dir='ltr'><strong>non</strong></span> <span class='ocrx_word' id='word_1_652' title='bbox 1575 2262 1676 2294; x_wconf 85' lang='lat' dir='ltr'><strong>habet</strong></span> <span class='ocrx_word' id='word_1_653' title='bbox 1689 2262 1844 2294; x_wconf 74' lang='lat' dir='ltr'><strong>Ecclesia</strong></span> <span class='ocrx_word' id='word_1_654' title='bbox 1868 2270 1993 2294; x_wconf 85' lang='lat' dir='ltr'><strong>certam</strong></span> <span class='ocrx_word' id='word_1_655' title='bbox 2017 2264 2143 2301; x_wconf 80' lang='lat' dir='ltr'><strong>sedem,</strong></span> <span class='ocrx_word' id='word_1_656' title='bbox 2164 2269 2196 2295; x_wconf 90' lang='lat' dir='ltr'><strong>et</strong></span> 
     </span>
     <span class='ocr_line' id='line_1_98' title="bbox 1169 2307 2196 2349; baseline 0 -11"><span class='ocrx_word' id='word_1_657' title='bbox 1169 2311 1171 2315; x_wconf 89' lang='grc'><strong>“</strong></span> <span class='ocrx_word' id='word_1_658' title='bbox 1199 2313 1309 2339; x_wconf 86' lang='lat' dir='ltr'><strong>tamen</strong></span> <span class='ocrx_word' id='word_1_659' title='bbox 1336 2307 1429 2338; x_wconf 71' lang='lat' dir='ltr'><strong>Deus</strong></span> <span class='ocrx_word' id='word_1_660' title='bbox 1453 2308 1481 2338; x_wconf 92' lang='lat' dir='ltr'><strong>ei</strong></span> <span class='ocrx_word' id='word_1_661' title='bbox 1507 2308 1659 2348; x_wconf 73' lang='lat' dir='ltr'><strong>promisit</strong></span> <span class='ocrx_word' id='word_1_662' title='bbox 1684 2308 1862 2348; x_wconf 75' lang='lat' dir='ltr'><strong>hospitium</strong></span> <span class='ocrx_word' id='word_1_663' title='bbox 1887 2308 1919 2338; x_wconf 90' lang='lat' dir='ltr'><strong>in</strong></span> <span class='ocrx_word' id='word_1_664' title='bbox 1945 2318 2079 2349; x_wconf 72' lang='lat' dir='ltr'><strong>genere.</strong></span> <span class='ocrx_word' id='word_1_665' title='bbox 2122 2307 2196 2338; x_wconf 67' lang='lat' dir='ltr'><strong>fleo</strong></span> 
     </span>
     <span class='ocr_line' id='line_1_99' title="bbox 1170 2351 2196 2392; baseline -0.001 -9"><span class='ocrx_word' id='word_1_666' title='bbox 1170 2385 1171 2388; x_wconf 14' lang='grc' dir='ltr'><strong>Ἴ</strong></span> <span class='ocrx_word' id='word_1_667' title='bbox 1197 2353 1297 2383; x_wconf 84' lang='lat' dir='ltr'><strong>modo</strong></span> <span class='ocrx_word' id='word_1_668' title='bbox 1322 2351 1575 2382; x_wconf 78' lang='lat' dir='ltr'><strong>consideremus</strong></span> <span class='ocrx_word' id='word_1_669' title='bbox 1596 2352 1788 2382; x_wconf 74' lang='lat' dir='ltr'><strong>discrimina</strong></span> <span class='ocrx_word' id='word_1_670' title='bbox 1807 2352 2062 2392; x_wconf 75' lang='lat' dir='ltr'><strong>promissionum</strong></span> <span class='ocrx_word' id='word_1_671' title='bbox 2077 2361 2196 2392; x_wconf 82' lang='lat' dir='ltr'><strong>eorpo-</strong></span> 
     </span>
     <span class='ocr_line' id='line_1_100' title="bbox 1169 2392 2195 2435; baseline 0 -9"><span class='ocrx_word' id='word_1_672' title='bbox 1169 2392 1171 2427; x_wconf 67' lang='lat' dir='ltr'><strong>l</strong></span> <span class='ocrx_word' id='word_1_673' title='bbox 1197 2394 1326 2426; x_wconf 81' lang='lat' dir='ltr'><strong>ralium.</strong></span> <span class='ocrx_word' id='word_1_674' title='bbox 1353 2395 1391 2425; x_wconf 85' lang='lat' dir='ltr'><strong>Et</strong></span> <span class='ocrx_word' id='word_1_675' title='bbox 1411 2406 1483 2426; x_wconf 82' lang='lat' dir='ltr'><strong>eum</strong></span> <span class='ocrx_word' id='word_1_676' title='bbox 1502 2395 1572 2426; x_wconf 78' lang='lat' dir='ltr'><strong>Lex</strong></span> <span class='ocrx_word' id='word_1_677' title='bbox 1587 2395 1738 2426; x_wconf 68' lang='lat' dir='ltr'><strong>Mosaiea</strong></span> <span class='ocrx_word' id='word_1_678' title='bbox 1764 2396 1804 2425; x_wconf 89' lang='lat' dir='ltr'><strong>‹le</strong></span> <span class='ocrx_word' id='word_1_679' title='bbox 1829 2396 1930 2425; x_wconf 75' lang='lat' dir='ltr'><strong>certis</strong></span> <span class='ocrx_word' id='word_1_680' title='bbox 1955 2393 2040 2425; x_wconf 80' lang='lat' dir='ltr'><strong>loeis</strong></span> <span class='ocrx_word' id='word_1_681' title='bbox 2065 2395 2095 2425; x_wconf 94' lang='lat' dir='ltr'><strong>in</strong></span> <span class='ocrx_word' id='word_1_682' title='bbox 2121 2406 2195 2435; x_wconf 61' lang='lat' dir='ltr'><strong>spe-</strong></span> 
     </span>
    </p>
   </div>
   <div class='ocr_carea' id='block_1_32' title="bbox 1170 1632 1175 2274">
    <p class='ocr_par' dir='ltr' id='par_1_33' title="bbox 1170 1632 1175 2274">
     <span class='ocr_line' id='line_1_101' title="bbox 1170 1632 1175 2274; baseline 0 0"><span class='ocrx_word' id='word_1_683' title='bbox 1170 1632 1175 2274; x_wconf 95' lang='lat' dir='ltr'><strong> </strong></span> 
     </span>
    </p>
   </div>
   <div class='ocr_carea' id='block_1_33' title="bbox 1170 2438 2195 2674">
    <p class='ocr_par' dir='ltr' id='par_1_34' title="bbox 1170 2438 2195 2674">
     <span class='ocr_line' id='line_1_102' title="bbox 1170 2438 2195 2481; baseline 0 -11"><span class='ocrx_word' id='word_1_684' title='bbox 1170 2446 1171 2451; x_wconf 61' lang='lat'><em>*</em></span> <span class='ocrx_word' id='word_1_685' title='bbox 1198 2439 1248 2470; x_wconf 81' lang='lat' dir='ltr'><strong>eie</strong></span> <span class='ocrx_word' id='word_1_686' title='bbox 1283 2438 1452 2481; x_wconf 79' lang='lat' dir='ltr'><strong>loquatur,</strong></span> <span class='ocrx_word' id='word_1_687' title='bbox 1489 2449 1551 2470; x_wconf 82' lang='lat' dir='ltr'><strong>nos</strong></span> <span class='ocrx_word' id='word_1_688' title='bbox 1587 2438 1812 2481; x_wconf 70' lang='lat' dir='ltr'><strong>intelligamus</strong></span> <span class='ocrx_word' id='word_1_689' title='bbox 1844 2438 2032 2469; x_wconf 67' lang='lat' dir='ltr'><strong>Ecclesiam</strong></span> <span class='ocrx_word' id='word_1_690' title='bbox 2068 2438 2195 2470; x_wconf 83' lang='lat' dir='ltr'><strong>habere</strong></span> 
     </span>
     <span class='ocr_line' id='line_1_103' title="bbox 1196 2482 2039 2525; baseline 0 -12"><span class='ocrx_word' id='word_1_691' title='bbox 1196 2484 1438 2524; x_wconf 80' lang='lat' dir='ltr'><strong>promissiones</strong></span> <span class='ocrx_word' id='word_1_692' title='bbox 1464 2493 1574 2514; x_wconf 85' lang='lat' dir='ltr'><strong>rerum</strong></span> <span class='ocrx_word' id='word_1_693' title='bbox 1600 2482 1823 2525; x_wconf 80' lang='lat' dir='ltr'><strong>corporalium</strong></span> <span class='ocrx_word' id='word_1_694' title='bbox 1848 2483 1879 2513; x_wconf 88' lang='lat' dir='ltr'><strong>in</strong></span> <span class='ocrx_word' id='word_1_695' title='bbox 1905 2493 2039 2524; x_wconf 76' lang='lat' dir='ltr'><strong>genere.</strong></span> 
     </span>
     <span class='ocr_line' id='line_1_104' title="bbox 1283 2541 2193 2586; baseline 0 -11"><span class='ocrx_word' id='word_1_696' title='bbox 1283 2543 1416 2576; x_wconf 74' lang='lat' dir='ltr'><strong>Rursus</strong></span> <span class='ocrx_word' id='word_1_697' title='bbox 1452 2551 1563 2575; x_wconf 73' lang='lat' dir='ltr'><strong>autem</strong></span> <span class='ocrx_word' id='word_1_698' title='bbox 1599 2543 1663 2575; x_wconf 85' lang='lat' dir='ltr'><strong>alia</strong></span> <span class='ocrx_word' id='word_1_699' title='bbox 1699 2542 1801 2574; x_wconf 87' lang='lat' dir='ltr'><strong>multo</strong></span> <span class='ocrx_word' id='word_1_700' title='bbox 1837 2541 2006 2575; x_wconf 79' lang='lat' dir='ltr'><strong>difficilior</strong></span> <span class='ocrx_word' id='word_1_701' title='bbox 2041 2544 2193 2586; x_wconf 86' lang='lat' dir='ltr'><strong>quaestio</strong></span> 
     </span>
     <span class='ocr_line' id='line_1_105' title="bbox 1170 2586 2194 2633; baseline 0 -14"><span class='ocrx_word' id='word_1_702' title='bbox 1170 2589 1367 2633; x_wconf 36' lang='lat' dir='ltr'><strong>{excruciat</strong></span> <span class='ocrx_word' id='word_1_703' title='bbox 1402 2589 1544 2620; x_wconf 80' lang='lat' dir='ltr'><strong>animos.</strong></span> <span class='ocrx_word' id='word_1_704' title='bbox 1593 2587 1676 2619; x_wconf 74' lang='lat' dir='ltr'><strong>Cum</strong></span> <span class='ocrx_word' id='word_1_705' title='bbox 1711 2588 1803 2618; x_wconf 81' lang='lat' dir='ltr'><strong>‹lieas</strong></span> <span class='ocrx_word' id='word_1_706' title='bbox 1839 2588 1936 2618; x_wconf 83' lang='lat' dir='ltr'><strong>etiam</strong></span> <span class='ocrx_word' id='word_1_707' title='bbox 1971 2588 2002 2618; x_wconf 88' lang='lat' dir='ltr'><strong>in</strong></span> <span class='ocrx_word' id='word_1_708' title='bbox 2038 2586 2102 2619; x_wconf 85' lang='lat' dir='ltr'><strong>hae</strong></span> <span class='ocrx_word' id='word_1_709' title='bbox 2127 2588 2194 2619; x_wconf 75' lang='lat' dir='ltr'><strong>vita</strong></span> 
     </span>
     <span class='ocr_line' id='line_1_106' title="bbox 1170 2630 2195 2674; baseline 0.001 -11"><span class='ocrx_word' id='word_1_710' title='bbox 1170 2639 1173 2653; x_wconf 71' lang='lat'>³</span> <span class='ocrx_word' id='word_1_711' title='bbox 1196 2632 1268 2674; x_wconf 81' lang='lat' dir='ltr'><strong>dari</strong></span> <span class='ocrx_word' id='word_1_712' title='bbox 1291 2632 1437 2674; x_wconf 87' lang='lat' dir='ltr'><strong>praemia</strong></span> <span class='ocrx_word' id='word_1_713' title='bbox 1461 2643 1521 2674; x_wconf 91' lang='lat' dir='ltr'><strong>pro</strong></span> <span class='ocrx_word' id='word_1_714' title='bbox 1547 2632 1643 2663; x_wconf 90' lang='lat' dir='ltr'><strong>bonis</strong></span> <span class='ocrx_word' id='word_1_715' title='bbox 1662 2631 1834 2673; x_wconf 84' lang='lat' dir='ltr'><strong>operibus,</strong></span> <span class='ocrx_word' id='word_1_716' title='bbox 1859 2642 1918 2663; x_wconf 88' lang='lat' dir='ltr'><strong>cur</strong></span> <span class='ocrx_word' id='word_1_717' title='bbox 1936 2630 2092 2664; x_wconf 80' lang='lat' dir='ltr'><strong>Ecclesia</strong></span> <span class='ocrx_word' id='word_1_718' title='bbox 2114 2633 2195 2664; x_wconf 74' lang='lat' dir='ltr'><strong>sub-</strong></span> 
     </span>
    </p>
   </div>
  </div>
 </body>
</html>
