2383 2990
119 141 185 174 397

119 246 237 271 omnes
271 234 361 267 filios
395 235 577 273 hominum,
612 240 644 266 81
678 233 834 278 intelligit
869 234 978 266 onmia
1013 244 1117 276 opera

120 292 245 313 eorum.
293 279 365 310 Etsi
389 285 501 310 autem
532 279 705 320 praevidet
740 279 868 317 omnia,
903 289 971 310 non
1007 284 1116 309 tamen

118 323 201 364 vult,
225 334 289 355 nec
314 322 429 362 efficit,
453 334 516 355 nec
529 323 675 362 adiuvat,
700 334 762 354 1188
774 324 939 364 approbat
963 329 1116 363 peccata,

119 369 181 400 sed
204 367 326 399 tolerat
350 368 458 398 donec
481 368 585 408 punit,
610 377 673 399 nec
696 367 865 408 praevisio
890 366 981 408 cogit
997 365 1116 397 volun-

118 418 208 444 tates
244 417 495 449 creaturarum,
526 417 562 442 ut
593 409 717 442 faciant
740 417 896 452 peccata,
926 408 1032 441 multo
1058 410 1117 440 mi-

117 465 182 487 nus
217 456 305 486 dicta
341 455 382 486 de
428 455 686 486 conservatione
730 461 872 485 naturae
917 453 1116 484 confirmant

118 499 254 531 stoicas
278 499 546 542 imaginatione-5,
576 498 673 530 Deus
703 497 772 529 vult
796 497 863 528 1108
888 498 1010 528 bonum
1036 508 1116 528 8011-

117 544 345 575 servationem
378 549 530 581 naturae,
566 548 601 574 ut
630 542 766 578 dicitur,
800 542 832 572 in
861 542 935 583 ipso
960 542 1116 579 vivimus,

117 597 293 620 movemur
317 593 349 618 et
373 596 489 618 sumus
514 591 578 617 818.

206 673 331 705 Psalm.
352 674 405 706 35.
451 673 611 705 Homines
635 678 666 704 et
691 673 847 709 iumenta,
872 673 1027 703 servabis
1046 671 1116 702 Do-

117 718 222 749 mine:
252 718 325 749 Nec
360 719 437 749 inde
470 717 622 759 sequitur
645 716 753 748 Deum
788 715 876 747 velle
909 723 967 748 aut
1002 715 1116 747 facere

117 767 258 803 peccata
282 764 314 793 in
338 761 483 800 homine,
517 771 604 793 unus
640 772 681 793 ex
705 762 901 802 passeribus
928 770 992 791 non
1018 761 1117 791 cadet

118 815 221 847 super
241 813 363 837 terram
388 806 460 836 sine
483 811 578 846 patre
601 810 736 843 vestro,
760 804 891 836 scilieet
921 804 1048 835 sciente
1084 809 1117 834 et

117 850 341 892 permittente.
389 849 474 884 Quia
505 854 681 891 utrumque
715 858 832 880 verum
868 856 929 887 est,
960 848 1049 889 quod
1084 853 1117 878 et

117 893 292 935 praevidet
311 893 420 924 omnia
444 891 553 931 Deus,
583 898 615 924 et
639 898 777 924 naturas
801 899 915 924 servat
947 891 1116 923 liberrima

117 936 292 969 voluntate
328 937 436 968 donec
471 935 542 967 vult
578 942 642 967 etc.
699 935 775 967 Non
817 937 917 977 igitur
952 937 1117 967 intereunt

116 981 180 1012 nisi
205 981 278 1022 ipso
299 981 477 1011 deserente
500 989 570 1011 eas·
616 978 749 1011 Deinde
774 979 909 1011 fallacia
934 986 985 1011 est
1005 990 1024 1011 a
1049 990 1116 1009 non

119 1034 223 1056 causa
246 1030 281 1055 ut
306 1035 421 1062 causa,
444 1024 637 1065 praevidet,
672 1034 755 1064 ergo
792 1022 892 1054 efficit
929 1030 1115 1065 peccatum.

118 1067 199 1100 11801
223 1074 337 1099 servat
367 1074 532 1105 naturam,
567 1078 650 1107 ergo
686 1067 787 1099 efficit
821 1075 974 1109 peccata.
1023 1066 1117 1097 Haec

116 1122 186 1143 non
210 1118 303 1144 recte
327 1118 562 1143 contexuntur.
606 1104 719 1143 David
744 1117 916 1149 servatur,
949 1121 1015 1142 non
1041 1111 1116 1152 quia

116 1155 211 1188 Deus
236 1155 317 1187 velit
340 1162 528 1197 peccatum,
552 1155 613 1186 sed
638 1161 672 1186 ut
694 1161 812 1197 postea
831 1155 946 1186 redeat
971 1156 1011 1186 ad
1037 1164 1116 1195 poe-

116 1201 302 1238 nitentiam,
325 1198 428 1231 multo
454 1200 562 1231 minus
579 1200 821 1240 promissiones
840 1199 882 1230 de
906 1200 1121 1240 protectione'

116 1242 293 1276 Ecclesiae
317 1244 567 1285 detorquendae
591 1249 669 1274 sunt
692 1244 735 1274 ad
749 1244 863 1274 Stoica
885 1241 1114 1281 deliramenta,

117 1287 245 1318 Omnes
270 1285 381 1328 capilli
411 1287 528 1328 capitis
561 1287 663 1318 vestri
695 1287 857 1318 numerati
886 1293 974 1318 511111.
1022 1286 1114 1324 11801,

116 1330 224 1363 Ν8100
258 1331 366 1372 rapiet
401 1341 484 1362 oves
519 1341 611 1362 meas
636 1331 676 1361 de
700 1332 855 1362 manibus
882 1331 974 1362 111815.
1020 1329 1116 1361 Talia

116 1375 206 1408 dicta
247 1375 441 1416 promittunt
483 1375 657 1412 1180811813,
717 1380 747 1405 81
780 1380 905 1405 tantum
931 1375 973 1405 de
1018 1375 1116 1407 bonis

115 1419 306 1453 actionibus
320 1418 382 1450 Dei
396 1417 590 1459 loquuntur,
604 1428 690 1460 quas
702 1416 796 1449 Deus
816 1416 985 1449 liberrima
998 1418 1115 1450 volun-

114 1469 185 1497 tate
209 1461 311 1494 efficit
333 1468 365 1494 et
397 1461 542 1500 exhibet,
577 1469 613 1493 ut
647 1462 804 1493 ostendat
839 1462 880 1493 dc
916 1472 994 1494 sese
1023 1465 1114 1494 testi-

114 1507 238 1546 monia,
262 1517 325 1539 nec
349 1517 388 1538 ex
409 1504 602 1548 particulari
627 1506 812 1537 extruenda
835 1513 887 1537 851
912 1506 1113 1538 11111ν81·53115

139 1552 313 1594 repositio,
345 1550 465 1581 Omnia
494 1551 582 1581 bona
614 1556 646 1581 et
670 1549 758 1581 mala
781 1551 975 1581 necessario
1001 1550 1070 1582 fieri
1094 1562 1114 1582 a

114 1562 202 1628 geo.
247 1594 400 1627 Recitavi
435 1592 546 1625 sontes
582 1594 756 1626 doctrinae
791 1594 833 1625 de
862 1593 1112 1637 Contingentia,

115 1649 203 1683 quos
227 1640 442 1671 considerare
465 1636 545 1669 utile
568 1644 633 1677 851,
666 1644 702 1670 ut
727 1638 962 1670 discernantur
986 1640 1113 1681 gradus

115 1684 298 1722 actionum,
333 1689 364 1715 et
401 1692 545 1720 causae,
584 1688 617 1713 et
647 1682 904 1713 considerentur
939 1692 1046 1724 opera
1081 1689 1113 1714 et

116 1728 203 1759 dona
227 1726 304 1766 Dei,
335 1738 421 1769 quae
445 1726 599 1757 actiones
623 1725 703 1757 fiant
726 1727 861 1768 propric
891 1737 911 1757 a
934 1726 1113 1758 voluntati-

116 1772 181 1803 bus
193 1770 415 1803 Diabolorum
436 1775 467 1801 et
486 1769 668 1808 hominum,
693 1776 724 1801 ct
748 1777 984 1801 removeantur
997 1770 1113 1802 Stoica

116 1814 346 1854 deliramenta,
371 1824 457 1857 quae
481 1819 558 1845 sunt
582 1813 826 1846 contumeliosa
849 1820 967 1845 eontra
990 1813 1112 1854 Deum,

116 1865 149 1891 et
172 1859 364 1901 perniciosa
395 1858 556 1897 moribus,
590 1864 624 1889 et
658 1858 839 1900 impediunt
868 1859 1113 1890 invocationem

115 1909 149 1934 et
171 1902 375 1945 diligentiam
399 1902 538 1945 regendi
562 1912 683 1933 mores.
731 1901 783 1934 De
808 1901 860 1933 his
884 1903 984 1933 tantis
1011 1904 1112 1934 rebus

114 1947 262 1979 iuniores
286 1946 526 1988 praemonendi
551 1952 640 1985 sunt,
664 1956 706 1977 ne
724 1944 927 1987 applaudant
946 1947 1033 1984 istis,
1057 1947 1113 1988 qui

115 1990 246 2023 Stoicas
270 1991 446 2032 opiniones
470 1991 501 2021 in
516 1989 703 2022 Ecclesiam
727 1989 900 2029 invehunt,
924 1996 955 2021 et
981 1991 1113 2033 quidem

114 2035 148 2066 in
171 2035 385 2067 invocatione
408 2044 552 2067 0888558
577 2041 628 2066 851
659 2035 879 2066 considerare
904 2033 1011 2065 Deum
1036 2045 1114 2066 8558

114 2089 222 2122 agens
257 2078 474 2118 liberrimum,
509 2079 599 2121 quod
629 2077 733 2110 multa
757 2079 790 2109 in
814 2079 928 2110 causis
953 2080 1113 2110 secundis

111 2133 179 2155 sua
204 2124 354 2154 bonitate
378 2121 491 2155 leniat.

331 2287 394 2321 DE
418 2287 675 2320 CREATIONE
698 2287 895 2320 HOMINIS.

202 2384 360 2417 Narratio
386 2385 427 2416 de
452 2386 621 2417 creatione
643 2385 788 2417 hominis
811 2386 843 2416 in
856 2384 954 2416 Mose
979 2395 1113 2426 semper

114 2431 148 2462 in
185 2435 373 2472 conspectu
407 2429 449 2460 sit
484 2430 656 2469 omnibus,
691 2435 723 2460 et
753 2429 1005 2461 confirmandae
1036 2429 1112 2461 fidei

114 2483 252 2511 causae,
277 2479 308 2504 et
332 2479 367 2504 ut
391 2472 505 2515 aliquo
529 2474 629 2505 modo
654 2484 708 2505 res
732 2474 893 2505 maximas
918 2474 1112 2505 considere-

114 2525 377 2559 muS,·qua1·um
412 2517 566 2548 doctrina
600 2518 644 2549 ibi
678 2518 826 2550 traditur.
886 2517 970 2549 Cum
1001 2525 1111 2549 autem

113 2567 235 2604 postea
259 2562 299 2593 de
323 2567 462 2603 peccato
487 2561 662 2593 dicendum
687 2562 748 2600 sit,
772 2572 916 2593 11888558
942 2568 994 2593 851
1018 2562 1110 2603 prius

115 2606 192 2644 dici,
217 2604 324 2648 qualis
349 2605 391 2636 sit
415 2606 570 2637 conditus
594 2604 695 2637 homo
719 2611 797 2637 ante
819 2611 1006 2648 peccatum.
1040 2605 1111 2637 Etsi

113 2655 225 2682 autem
248 2659 311 2681 1188
335 2648 533 2692 angelorum
556 2659 620 2681 nec
646 2650 817 2682 hominum
851 2650 1013 2692 sapientia
1036 2660 1111 2691 per-

762 137 805 170 V.
829 136 1102 170 EXPLICATIO
1131 137 1333 169 SYMBOLI
1360 137 1521 169 NICENI.

2100 138 2164 171 398

1170 235 1301 276 spicere
1329 239 1441 275 potest
1477 232 1652 265 consilium
1676 233 1752 272 Dei,
1789 244 1892 275 quare
1927 239 1959 266 et
1994 236 2163 277 quomodo

1170 288 1225 309 res
1250 279 1300 310 sic
1325 279 1522 312 condiderit,
1541 285 1651 309 tamen
1664 278 1755 309 initia
1780 278 1876 309 11111115
1901 279 2086 319 sapientiae
2111 291 2165 311 co-

1170 322 1307 364 gitanda
1331 327 1419 360 511111,
1451 323 1539 353 sicut
1571 321 1728 363 patefecit
1762 333 1802 353 ea
1837 322 1950 361 Deus,
1985 334 2028 354 ac
2062 334 2166 365 supra

1170 365 1235 396 dixi
1261 376 1396 397 causam
1422 364 1554 396 finalem
1578 376 1655 397 8558
1690 366 1870 397 creationis
1905 365 2103 409 angelorum
2134 373 2166 398 et

1169 409 1350 448 hominum,
1374 409 1451 450 quia
1484 408 1579 440 Deus
1614 409 1684 441 vult
1720 410 1844 441 habere
1880 418 2078 450 creaturam,
2114 411 2167 443 cui

1171 454 1393 486 communicet
1417 464 1479 485 sua
1503 464 1631 484 summa
1656 455 1744 485 bona
1774 460 1805 485 81
1831 465 1868 485 58
1900 455 2021 496 ipsum,
2053 456 2165 494 vitam,

1169 496 1291 536 lucem,
1314 497 1521 539 sapientiam,
1544 498 1701 528 iustitiam
1725 503 1757 528 et
1780 497 1939 530 laetitiam
1963 505 2143 531 aeternam.

1257 584 1318 616 Est
1352 585 1452 627 igitur
1487 595 1592 615 causa
1626 583 1803 626 impulsiva
1837 586 1869 616 in
1901 585 2072 618 voluntate
2103 586 2167 618 Dei

1169 626 1337 660 liberrima
1372 629 1477 670 ipsius
1513 629 1657 660 bonitas.
1716 628 1874 660 Vicissim
1915 636 2023 661 autem
2070 631 2166 672 sequi

1170 673 1269 704 debet
1301 673 1333 703 in
1365 672 1495 715 angelis
1522 679 1555 703 et
1583 671 1773 704 hominibus
1803 671 1984 704 celebratio
2020 673 2095 713 Dei,
2130 680 2166 706 ut

1168 715 1333 748 Dominus
1359 718 1478 759 inquit:
1510 716 1638 748 Luceat
1657 715 1713 747 lux
1742 723 1867 755 vestra,
1902 723 1936 748 ut
1960 717 2166 759 glorificetur

1169 759 1270 791 Pater
1294 767 1407 792 vester
1431 759 1600 792 eoelestis.

1257 821 1376 858 Qualis
1400 828 1510 853 autem
1535 822 1691 853 conditus
1704 821 1758 859 sit,
1778 821 1902 853 docent
1925 824 2041 854 verba:
2066 821 2167 855 facia-

1168 876 1243 897 mus
1277 866 1443 897 hominem
1479 866 1521 897 ad
1556 866 1733 907 imaginem
1768 872 1801 897 et
1839 864 2085 898 similitudinem
2109 878 2167 898 no-

1169 916 1284 941 stram.
1332 908 1524 951 lntelligunt
1548 917 1659 941 autem
1684 907 1786 952 aliqui
1818 910 1997 951 imaginem
2021 918 2053 942 et
2078 911 2166 942 510ιί-

1169 951 1338 985 litudinem
1364 952 1429 985 Dei
1455 960 1606 985 naturam
1630 953 1820 991 humanam,
1856 964 1956 995 quam
1981 953 2090 986 suerat
2114 966 2168 986 as-

1169 1004 1341 1029 sumturus
1366 997 1483 1035 Filius,
1503 998 1534 1028 id
1559 998 1689 1028 etiamsi
1710 998 1880 1038 recipitur,
1918 1004 2028 1030 tamen
2053 999 2085 1030 in
2109 997 2167 1030 illa

1142 1050 1145 1084 Ι
1169 1048 1289 1073 natura
1312 1048 1445 1083 oportet
1469 1040 1609 1083 intelligi
1636 1051 1700 1073 non
1726 1048 1852 1073 tantum
1877 1052 2014 1083 corpus,
2039 1043 2099 1074 sed
2123 1043 2166 1073 51-

1170 1084 1238 1116 mul
1262 1084 1458 1127 principalia
1481 1086 1513 1116 in
1538 1085 1682 1123 1101111118,
1707 1085 1836 1117 scilicet
1859 1092 2015 1125 mentem,
2044 1087 2076 1117 in
2101 1097 2167 1129 qua

1170 1127 1271 1160 voluit
1307 1128 1402 1161 Deus
1437 1128 1551 1161 lucere
1586 1140 1686 1160 veras
1722 1129 1856 1161 notitias
1892 1130 1934 1160 de
1965 1140 2003 1161 se
2037 1131 2111 1172 ipso
2136 1135 2168 1162 et

1170 1173 1211 1204 de
1234 1184 1295 1204 sua
1319 1172 1426 1215 Lege,
1451 1172 1656 1204 voluntatem
1692 1179 1838 1211 rectam,
1874 1172 2065 1205 libertatem
2101 1174 2167 1206 ele-

1170 1218 1304 1255 ctionis,
1329 1223 1360 1248 et
1384 1216 1537 1248 flammas
1558 1217 1725 1248 vinutum.
1750 1218 1862 1249 Simus
1886 1218 1988 1259 igitur
2019 1218 2167 1250 contenti

1171 1261 1292 1292 usitata
1317 1262 1540 1299 enarratione,
1565 1271 1650 1302 quae
1670 1271 1711 1292 ex
1736 1260 1841 1292 Paulo
1866 1268 1976 1293 sumta
2000 1267 2064 1300 est,
2088 1262 2166 1293 iina-

1168 1315 1212 1348 go
1238 1311 1270 1336 et
1294 1303 1473 1336 similitudo
1488 1305 1551 1336 Dei
1575 1306 1606 1335 in
1631 1303 1764 1336 homine
1789 1311 1867 1336 sunt
1890 1316 1985 1336 mens
2010 1311 2042 1336 et
2066 1316 2167 1337 verae

1168 1349 1313 1380 noticiae
1337 1355 1370 1380 et
1393 1347 1550 1380 voluntas
1571 1355 1663 1379 recta
1683 1349 1822 1379 incensa
1842 1349 1983 1380 1111100115
1997 1350 2166 1388 virtutum,

1168 1391 1346 1424 dilectione
1359 1392 1422 1423 Dei
1437 1399 1467 1423 81
1482 1391 1555 1423 aliis
1571 1392 1760 1430 virtutibus,
1779 1398 1812 1423 81
1825 1391 1965 1424 111181135
1979 1391 2165 1424 electionis.

1168 1438 1259 1467 Sicut
1271 1435 1396 1468 Paulus
1410 1435 1557 1478 loquitur
1570 1436 1612 1467 ad
1623 1435 1757 1467 Coloss.
1771 1435 1799 1467 3.
1826 1435 1953 1468 lnduite
1974 1447 2094 1468 novum
2107 1437 2166 1469 ho-

1167 1481 1300 1518 minem,
1326 1481 1381 1522 qui
1402 1486 1587 1511 renovatur
1605 1480 1648 1511 ad
1662 1481 1839 1522 imaginem
1853 1481 1936 1519 eius,
1950 1481 2005 1523 qui
2019 1482 2167 1513 condidit

1166 1535 1241 1556 eum
1255 1531 1318 1556 etc.
1331 1523 1455 1566 Ephes.
1465 1524 1496 1554 4.
1515 1523 1643 1555 lnduite
1656 1534 1779 1555 novum
1792 1523 1969 1563 hominem,
1983 1526 2037 1567 qui
2048 1536 2167 1557 secun-

1167 1569 1244 1599 dum
1253 1567 1361 1600 Deum
1371 1568 1526 1600 conditus
1539 1573 1591 1599 851
1600 1568 1632 1598 in
1641 1568 1766 1599 iustitia
1775 1574 1805 1600 et
1816 1569 1995 1600 sanctitate
2005 1569 2166 1602 veritatis·

1255 1637 1516 1669 Consideremus
1542 1637 1643 1680 igitur
1667 1638 1755 1669 bona
1785 1638 1945 1669 attributa
1975 1638 2166 1671 hominibus

1166 1683 1198 1713 in
1223 1683 1405 1720 creatione,
1424 1681 1576 1722 fulgebat
1600 1681 1632 1713 in
1656 1682 1822 1713 mentibus
1847 1681 1904 1713 lux
1927 1681 2101 1715 excellens
2125 1684 2166 1716 de

1166 1725 1254 1764 Deo,
1279 1732 1309 1757 et
1333 1726 1447 1757 notitia
1471 1725 1587 1767 Legis,
1623 1732 1653 1757 et
1690 1725 1786 1757 firma
1808 1727 1967 1757 assensio
1995 1737 2054 1759 seu
2080 1727 2165 1759 fides

1166 1769 1375 1811 amplectens
1410 1770 1654 1811 promissiones
1697 1775 1729 1800 et
1763 1772 1870 1801 minas
1904 1769 1988 1813 Legi
2023 1771 2165 1803 additas.

1166 1814 1300 1845 Deinde
1327 1814 1472 1845 universi
1497 1813 1594 1845 huius
1619 1813 1741 1855 opificii
1765 1814 1889 1852 mundi,
1917 1820 2065 1846 motuum
2091 1826 2166 1847 coe·

1166 1857 1298 1890 lestium
1322 1856 1457 1889 humani
1480 1858 1644 1899 corporis,
1669 1858 1896 1896 animantium,
1920 1865 1952 1889 et
1975 1858 2165 1900 plantarum

1167 1902 1327 1943 cognitio.
1374 1901 1499 1932 Postea
1524 1908 1555 1934 et
1575 1902 1608 1932 in
1634 1899 1806 1933 voluntate
1830 1908 1861 1933 81
1884 1903 1916 1933 10
1941 1903 2044 1934 corde
2067 1903 2165 1935 recti-

1166 1947 1245 1978 tudo
1271 1952 1303 1978 81
1328 1955 1518 1977 consensus
1544 1953 1615 1978 erat
1639 1956 1831 1986 congruens
1862 1957 1937 1978 81101
1969 1947 2094 1978 notitiis
2120 1947 2165 1978 di-

1167 1991 1290 2022 vinitus
1314 1991 1434 2028 insitis,
1459 2001 1546 2032 quae
1570 1996 1648 2022 sunt
1672 1990 1755 2022 radii
1786 1991 1918 2021 divinae
1941 1988 2025 2021 lucis
2050 1991 2081 2022 in
2105 2001 2165 2022 no-

1168 2036 1231 2074 bis,
1256 2035 1297 2066 Et
1321 2041 1393 2066 erat
1418 2034 1563 2066 omnium
1588 2035 1746 2066 virtutum
1771 2032 1953 2076 copulatio,
1979 2035 2075 2066 timor
2088 2034 2164 2074 Dei,

1166 2090 1248 2111 vera
1271 2078 1393 2111 fiducia
1417 2086 1450 2110 et
1474 2089 1555 2110 vera
1579 2077 1711 2110 dilectio
1736 2077 1799 2109 Dei
1820 2085 1853 2109 81
1877 2078 2057 2116 hominum,
2080 2077 2164 2111 nulli

1167 2124 1364 2155 aberrantes
1388 2129 1498 2154 motus
1527 2133 1547 2154 a
1577 2123 1692 2154 notitia
1719 2122 1830 2165 Legis,
1865 2122 1927 2153 sed
1962 2123 2101 2154 ardebat
2130 2123 2164 2155 in

1167 2167 1271 2198 corde
1293 2177 1388 2198 antor
1406 2167 1561 2205 iustitiae,
1585 2167 1748 2205 veritatis,
1775 2166 2028 2205 beneticentiae,
2065 2167 2164 2199 casti-

1167 2212 1258 2249 tatis,
1295 2217 1326 2242 et
1361 2209 1460 2241 simul
1495 2217 1568 2242 erat
1600 2209 1742 2241 libertas
1770 2209 1946 2241 electionis
1970 2221 2036 2241 non
2062 2210 2162 2251 impe-

1167 2255 1245 2286 dita.
1293 2256 1345 2287 Ac
1368 2254 1420 2285 his
1444 2253 1679 2296 pulcherrimis
1703 2255 1837 2286 dotibus
1870 2253 2100 2296 intelligebant
2123 2264 2162 2285 se

1167 2305 1306 2331 ornatos
1327 2309 1404 2330 8558
1426 2299 1521 2340 primi
1551 2305 1720 2340 parentes,
1755 2305 1790 2330 ut
1824 2304 2050 2340 agnoscerent
2084 2308 2162 2330 esse

1167 2353 1226 2374 eas
1261 2343 1451 2374 testimonia
1485 2343 1527 2373 de
1561 2341 1653 2379 Deo,
1689 2352 1729 2373 ex
1764 2343 1885 2385 quibus
1916 2343 2095 2380 discerent,
2130 2347 2163 2374 et

1166 2397 1243 2418 8558
1255 2386 1378 2425 Deum,
1403 2392 1435 2417 et
1459 2385 1567 2428 qualis
1591 2387 1644 2425 sit,
1669 2392 1700 2417 et
1720 2385 1852 2428 qualem
1876 2384 1957 2417 velit
1980 2396 2058 2417 esse
2083 2387 2162 2418 obe-

1166 2431 1334 2463 dientiam.
1381 2431 1438 2462 Sic
1463 2437 1601 2462 ornatus
1626 2436 1677 2461 851
1707 2430 1807 2461 110100
1843 2431 1874 2460 10
1912 2430 2094 2468 creatione,
2129 2435 2162 2461 ct

1164 2474 1286 2515 placuit
1302 2475 1388 2512 Deo,
1414 2475 1491 2516 quia
1515 2480 1626 2506 textus
1650 2484 1812 2514 expresse
1836 2474 1928 2505 dicit:
1952 2473 2043 2504 Vidit
2066 2473 2161 2506 Deus

1166 2520 1275 2550 onmia
1294 2529 1380 2561 quae
1398 2517 1538 2556 fecerat,
1574 2524 1605 2549 et
1630 2517 1728 2549 valde
1751 2523 1846 2548 erant
1877 2518 1976 2556 bona,
2000 2517 2031 2548 id
2057 2523 2118 2553 est⁷
2141 2528 2162 2549 a

1164 2561 1241 2595 Deo
1267 2563 1402 2595 condita
1426 2568 1458 2593 et
1482 2568 1574 2593 certo
1598 2562 1697 2593 modo
1723 2563 1888 2600 ordinata,
1924 2567 1957 2593 et
1993 2560 2160 2603 placentia

1165 2606 1251 2638 Deo.
1287 2608 1338 2638 Ac
1362 2607 1468 2648 magis
1493 2605 1724 2648 intelligebant
1746 2616 1784 2637 se
1808 2604 1945 2646 placere
1969 2605 2058 2644 Deo,
2083 2606 2160 2647 quia

1165 2650 1260 2683 Deus
1282 2651 1441 2693 prodiens
1465 2660 1507 2682 ex
1527 2661 1651 2682 arcana
1681 2650 1762 2681 sede
1796 2648 1976 2692 alloquitur
2011 2660 2071 2681 eos
2106 2659 2160 2680 ex-
