2383 2990
17 1378 20 1383 .
0 595 22 1352 ἠκμα-ηε-ι-«η--εμωέᾑ-

154 145 217 177 541

242 240 352 271 Prima
376 245 427 270 est
450 239 641 271 mandatum
663 238 738 270 Dei.
783 239 867 270 Nam
891 239 998 270 omnis
1017 243 1146 270 creatu-

154 293 192 316 ra
215 281 390 315 rationalis
414 283 514 314 debet
538 282 761 314 obedientiam
784 282 871 317 Deo.

241 370 410 408 Secunda,
436 370 480 401 Ut
503 371 647 402 vitentur
670 380 799 411 poenae
820 368 1027 410 corporales.
1052 368 1145 400 Haec

153 419 205 446 est
227 414 312 445 enim
336 412 453 455 regula
478 415 605 445 divina:
630 414 769 445 Atrocia
793 412 914 444 delicta
937 413 1043 453 puniri
1058 418 1145 443 atro·

150 458 249 489 c’ibus
285 458 402 498 poenis
423 457 520 488 etiam
545 458 576 489 in
601 456 664 488 hac
688 458 773 492 vita,
809 457 898 487 iuxta
924 455 1008 488 haec
1039 456 1145 486 dicta:

153 500 216 536 Qui
253 499 399 543 gladium
434 501 620 542 acceperit,
656 499 769 542 gladio
804 500 935 540 peribit.
981 499 1055 530 Vae
1090 499 1145 540 qui

152 543 292 585 spolias,
318 545 394 585 quia
418 543 629 585 spoliaberis.
663 543 780 574 Omnis
804 543 924 582 anima,
950 553 1035 584 quae
1059 541 1146 573 fece-

152 588 196 618 rit
230 586 292 619 1135
315 588 594 625 abominationes,
628 593 799 618 evometur
833 597 873 617 ex
905 593 1006 617 terra.
1054 586 1145 616 Haec

153 630 241 662 dicta
276 641 357 662 vera
388 641 467 662 esse
502 636 667 662 testantur
700 630 856 660 assiduae
882 628 1089 661 calamitates
1114 629 1144 660 in

152 679 223 705 toto
236 684 359 715 genere
377 674 534 712 humano,
560 673 678 709 morbi,
701 673 901 710 discordiae,
926 674 1069 714 inopiae,
1094 682 1146 703 se-

152 717 307 756 ditiones,
334 716 434 756 bella,
459 718 576 758 tragici
590 718 708 754 exitus,
735 716 940 748 calamitates
965 717 996 747 in
1014 715 1145 754 sobole,

153 766 186 792 et
220 759 305 792 aliae
341 759 600 792 innumerabiles
625 770 767 802 poenae,
791 770 876 800 quae
901 766 976 790 sunt
1001 769 1145 790 commo—

152 803 361 836 nefactiones
385 804 581 836 manifestae
612 804 653 834 de
677 804 725 834 ira
750 802 812 833 Dei
838 803 1002 834 adversus
1026 813 1145 844 pecca·

151 853 233 879 tum.
279 847 357 879 ldeo
387 854 419 879 et.
447 848 534 889 apud
560 847 722 878 Ethnicos
754 847 935 878 recitantur
959 847 1145 877 sententiae

152 898 380 934 congruentes
404 891 486 933 Legi
512 890 593 928 Dei,
617 901 702 932 quae
726 897 756 921 et
781 901 800 921 a
826 889 978 921 Patribus
1003 890 1146 921 traditae

152 943 244 972 sunt,
268 941 300 965 et
313 935 530 966 confirmatae
552 941 631 965 sunt
654 934 846 975 quotidiana
871 934 1086 975 experientia,
1112 939 1145 964 ut

148 978 237 1019 apud
252 977 440 1016 Homerum,
463 977 498 1008 011
523 977 579 1019 γάρ
599 980 719 1016 σχέιλια
744 978 815 1018 ἔργα
840 980 911 1008 θεοὶ
934 977 1070 1019 μάκαρες
1093 990 1143 1018 φι-

148 1023 259 1060 λέουσι,
294 1028 327 1053 01
351 1022 438 1063 apud
464 1022 644 1052 Pindarum
668 1025 745 1051 πυθ.
773 1021 801 1051 δ.

281 1110 341 1139 ἐπὶ
358 1110 413 1147 μὲν
436 1109 563 1139 θνατῶν
586 1111 690 1149 φρένες
713 1107 861 1149 ὠκύτεραι

281 1151 389 1193 κέρδος
412 1153 537 1190 αἰνῆσαι
557 1151 616 1193 πρὸ
642 1151 728 1187 δίκας
753 1151 865 1190 1101011,

282 1199 424 1237 τραχεῖαν
445 1195 596 1236 ἃρπόνιων
618 1194 697 1236 πρὸς
719 1195 847 1236 ἐπίβδαν
870 1193 963 1234 ὅμως.

239 1324 314 1356 Hoc
336 1325 490 1356 iudicium
514 1325 546 1355 in
569 1324 634 1356 hac
657 1325 726 1356 vita
749 1323 915 1366 corporali
929 1324 1023 1356 Deus
1047 1334 1146 1366 regu-

150 1367 266 1400 lariter
300 1375 435 1399 exercet
469 1368 634 1403 adversus
664 1378 780 1399 omnes
805 1374 940 1406 sontes,
974 1368 1051 1410 quia
1075 1366 1146 1399 vult

152 1411 304 1452 conspici
341 1411 532 1442 testimonia
568 1411 639 1442 irae
661 1422 742 1442 suae
767 1411 932 1442 adversus
957 1418 1143 1452 peccatum.

149 1455 193 1486 Et
215 1465 405 1497 quanquam
426 1453 489 1492 1115,
513 1455 569 1496 11111
588 1461 837 1492 convertuntur,
853 1455 986 1486 remittit
999 1454 1144 1496 culpam,

150 1504 185 1531 et
203 1497 289 1530 tollit
314 1508 455 1539 poenam
475 1505 665 1535 aeternam,
701 1506 811 1529 tamen
834 1509 963 1539 poenas
988 1509 1145 1539 corpora-

149 1540 203 1574 les
227 1552 293 1573 non
313 1552 446 1582 semper
470 1540 589 1578 aufert,
613 1552 715 1582 saepe
739 1547 848 1572 autem
874 1542 1049 1573 conversis
1063 1541 1145 1572 miti-

150 1591 228 1628 gat,
262 1590 298 1617 ut
317 1584 420 1616 Zach.
458 1585 485 1615 1.
522 1585 655 1615 dicitur:
699 1583 935 1616 Convertimini
970 1586 1013 1616 ad
1038 1595 1088 1616 me
1114 1590 1145 1615 et

150 1639 215 1671 ego
240 1635 420 1660 convertar
437 1628 479 1659 ad
504 1639 578 1659 vos.
625 1627 667 1659 Et
691 1629 803 1659 Oscae
831 1629 879 1659 to.
925 1629 1000 1660 Non
1025 1627 1145 1659 faciam

149 1670 298 1704 furorem
321 1672 391 1703 irae
415 1681 520 1710 meae,
545 1672 621 1713 quia
646 1670 739 1702 Deus
764 1682 829 1714 ego
859 1682 943 1703 sum.
990 1672 1143 1714 Syracid.

152 1715 201 1747 16.
248 1715 431 1746 Effundens
455 1715 537 1746 iram
567 1716 751 1746 secundum
781 1715 1054 1746 misericordiam.
1100 1716 1144 1747 le·

150 1758 272 1790 remias
292 1760 325 1789 in
348 1758 508 1789 Threnis:
529 1759 784 1790 Misericordiae
795 1757 944 1796 Domini,
967 1760 1056 1800 quod
1076 1769 1143 1789 non

150 1803 318 1835 consumti
345 1811 472 1833 sumus.
520 1801 767 1833 ltem‘Abacuc
791 1802 822 1834 3.
868 1801 904 1833 111
935 1803 983 1833 ira
1019 1802 1144 1833 miseri·

150 1845 287 1879 cordiae
308 1845 512 1876 recordaris.

237 1931 349 1963 Tertia
373 1943 490 1970 causa,
523 1937 661 1973 propter
695 1942 794 1973 quam
830 1931 1006 1972 disciplina
1029 1942 1145 1963 neces-

149 1976 240 2007 saria
275 1981 338 2014 051,
372 1974 527 2007 videlicet
562 1976 751 2006 necessitas
785 1976 927 2007 tuendae
961 1976 1144 2007 communis

148 2019 255 2061 pacis,
280 2019 365 2054 Quia
377 2018 465 2050 113110
479 2019 635 2051 iustitiam
660 2020 826 2051 communi
852 2020 1017 2050 hominum
1038 2020 1144 2051 socie·

148 2063 209 2095 tati
233 2063 405 2101 debemus,
428 2069 463 2094 ut
487 2062 572 2094 alios
597 2073 663 2093 non
687 2061 862 2094 laedamus
886 2063 1018 2095 iniuste.

238 2149 366 2185 Quarta
385 2160 488 2180 causa
513 2148 613 2181 valde
635 2150 777 2191 insignis
801 2157 871 2188 051,
902 2151 943 2181 de
968 2160 1032 2192 qua
1058 2149 1142 2181 Pau-

149 2191 204 2225 lus
227 2194 353 2235 inquit:
378 2193 447 2224 Lex
473 2199 524 2224 051
543 2194 751 2235 paedadogia
773 2194 804 2225 in
820 2192 1001 2231 Christum,
1026 2194 1055 2223 id
1082 2200 1143 2232 051,

150 2238 194 2268 sit
219 2238 345 2268 directa
369 2235 541 2277 disciplina
569 2248 632 2268 non
660 2244 784 2267 1311111111
808 2239 848 2268 ad
875 2238 977 2267 decus
995 2236 1144 2268 Philoso-

149 2280 281 2321 phicum
317 2286 349 2311 et
372 2281 413 2311 ad
439 2291 554 2321 pacem
579 2281 762 2312 communis
792 2282 982 2319 societatis,
1018 2281 1077 2311 5011
1103 2281 1143 2311 311

150 2324 240 2355 1111110
265 2323 361 2354 finem
386 2324 605 2364 potissimum,
629 2330 662 2355 ut
688 2325 801 2355 doceri
826 2324 977 2355 homines
997 2324 1037 2354 de
1052 2324 1141 2355 Chri-

149 2374 204 2398 sto
228 2367 368 2409 110551111.
416 2367 593 2402 Quomodo
625 2367 710 2398 enim
736 2368 821 2399 inter
851 2369 986 2399 assidua
1011 2366 1144 2398 latroci—

150 2412 205 2442 nia
234 2410 413 2451 propagari
449 2411 599 2442 doctrina
634 2417 754 2452 potest.
805 2412 984 2442 Praeterea
1016 2417 1143 2442 certum

151 2461 214 2492 051,
251 2465 310 2485 eos
334 2455 387 2495 qui
413 2461 631 2495 perseverant
656 2455 686 2484 in
712 2453 898 2485 sceleribus
924 2461 1039 2486 contra
1066 2465 1143 2485 con-

151 2498 339 2535 scientiam,
376 2508 584 2538 nequaquam
617 2508 804 2528 conversos
840 2509 917 2530 0550
951 2499 991 2529 ad
1020 2497 1142 2528 Deum:

152 2540 235 2576 Quia
259 2551 362 2582 saepe
387 2542 526 2581 repetita
551 2548 599 2572 est
628 2542 710 2572 11300
735 2543 919 2573 sententia:
943 2542 993 2572 Ne
1014 2542 1144 2579 erretis,

151 2584 382 2623 Scortatores,
416 2584 562 2623 Moechi,
599 2584 791 2616 Homicidae
825 2596 893 2617 non
924 2585 1145 2626 possidebunt

151 2638 291 2671 regnum
316 2627 390 2659 Dei.

794 141 838 174 V.
868 138 1140 174 EXPLICATlO
1165 141 1366 173 SYMBOLI
1388 141 1548 174 NICENl.

2124 144 2188 175 542

1285 237 1358 270 Hae
1381 244 1524 280 quatuor
1547 248 1672 269 causae
1695 239 1760 269 sint
1779 238 1985 276 notissimae,
2020 245 2052 270 et
2075 240 2188 282 singu-

1197 279 1250 312 los
1273 282 1314 312 ad
1339 292 1484 313 amorem
1509 280 1704 323 disciplinae
1723 281 1907 313 hortentur.
1960 281 2013 313 De
2036 282 2088 313 his
2112 294 2188 315 cau-

1198 325 1244 356 sis
1269 332 1299 356 et
1315 324 1440 356 Paulus
1464 324 1621 367 loquitur,
1646 336 1718 356 cum
1742 326 1864 367 inquit:
1889 325 1960 356 Lex
1984 332 2036 357 est
2059 326 2188 358 iniustis

1199 369 1319 410 posita,
1343 369 1375 399 id
1399 375 1462 406 051,
1488 375 1572 406 rata,
1598 375 1629 400 et
1654 370 1770 410 premit
1794 379 1853 400 eos
1877 369 1987 411 quoad
2006 375 2188 411 praecepta

1198 419 1231 443 et
1255 412 1297 443 ad
1321 422 1448 452 poenas
1473 413 1600 443 attinet.
1645 413 1720 444 Non
1745 413 1872 444 dubitet
1895 413 2060 444 homicida
2084 419 2189 444 ratam

1197 465 1276 486 esse
1301 465 1419 486 vocem
1444 456 1484 486 de
1509 465 1629 497 poena,
1654 455 1717 491 Qui
1743 454 1888 498 gladium
1912 457 2094 498 acceperit,
2118 455 2189 499 gla-

1198 499 1251 529 dio
1276 500 1404 539 peribit.
1450 498 1541 536 ltem,
1567 498 1636 530 Lex
1659 505 1711 530 est
1735 500 1811 530 data
1840 507 1977 541 propter
2000 510 2190 542 transgres-

1197 542 1321 580 siones,
1346 540 1475 573 scilicet
1494 542 1699 573 coercendas
1723 543 1756 573 in
1780 543 1843 574 hac
1868 542 2034 585 corporali
2058 544 2134 575 vita.

1286 627 1484 670 Quanquam
1519 634 1628 660 autem
1664 629 1752 660 hanc
1776 635 1945 661 externam
1970 628 2190 672 disciplinam,

1198 672 1230 703 id
1255 678 1318 710 est,
1343 673 1616 714 gubernationem
1639 672 1874 712 locomotivae,
1898 684 1941 705 ne
1960 673 2038 704 fiant
2052 680 2190 706 externa

1198 715 1287 747 facta
1314 722 1430 746 contra
1461 715 1608 758 Legem,
1644 715 1807 748 humanae
1833 718 1920 748 vires
1945 718 2041 748 etiam
2066 718 2097 749 in
2122 727 2189 748 non

1198 760 1337 790 renatis·
1348 757 1461 800 aliquo
1485 760 1584 790 modo
1609 758 1745 791 efficere
1768 766 1931 802 possunt,
1956 767 2067 791 tamen
2091 759 2190 792 simul

1198 802 1368 835 sciendum
1393 810 1455 841 est,
1481 802 1567 833 hanc
1590 801 1776 834 libertatem
1800 804 1929 835 duabus
1954 804 2063 835 causis
2088 814 2190 846 saepe

1198 846 1347 886 impediri
1384 846 1511 877 insidiis
1545 845 1701 885 Diaboli,
1734 853 1765 879 et
1800 846 2026 879 imbecillitate
2056 854 2191 879 nostrae

1198 896 1347 927 naturae,
1371 899 1435 930 qua
1461 889 1509 928 fit,
1534 895 1568 921 ut
1592 900 1695 931 saepe
1718 890 1868 922 homines
1894 896 2011 921 contra
2035 891 2190 922 iudicium

1198 933 1315 964 mentis
1340 931 1471 973 impulsi
1496 933 1671 965 affectibus
1696 941 1793 965 ruant
1816 935 1848 965 in
1861 933 2004 973 scelera,
2026 933 2191 965 sicutMe—

1199 977 1261 1008 dea
1284 977 1404 1018 inquit:
1441 976 1549 1008 Video
1575 975 1710 1008 meliora
1739 979 1927 1019 proboque,
1951 978 2116 1009 deteriora
2141 988 2191 1009 se-

1198 1030 1294 1062 quor.

1285 1105 1427 1138 Miratur
1456 1105 1685 1148 Philosophia,
1716 1108 1803 1139 unde
1833 1108 1877 1139 sit
1906 1114 1997 1140 tanta
2019 1107 2192 1140 infirmitas

1198 1151 1230 1181 in
1254 1149 1405 1188 homine,
1439 1157 1473 1182 ut
1498 1150 1639 1182 affectus
1663 1157 1754 1182 tanto
1778 1151 1899 1193 impetu
1924 1158 2110 1194 repugnent
2133 1162 2191 1183 no-

1198 1194 1276 1225 titiis
1301 1200 1392 1225 recta
1416 1194 1622 1225 iubentibus:
1657 1196 1786 1236 quaerit
1805 1196 1923 1236 igitur,
1959 1196 2037 1237 quid
2061 1196 2103 1226 sit
2127 1196 2190 1227 vir-

1199 1244 1267 1274 tus,
1303 1244 1333 1268 et
1369 1247 1410 1268 311
1447 1238 1600 1269 virtutem
1635 1238 1778 1269 1101113113
1813 1237 1983 1280 diligentia
2017 1249 2191 1270 assumere

1199 1281 1319 1322 possit,
1343 1280 1426 1312 sicut
1451 1281 1610 1322 pictores,
1634 1282 1768 1319 musici,
1798 1289 1888 1313 artes
1913 1293 1992 1313 51135
2016 1288 2191 1314 assumunt

1200 1325 1377 1356 exercitiis.
1425 1322 1550 1355 Paulus
1585 1323 1792 1366 disciplinam
1827 1326 1973 1357 nominat
2003 1336 2106 1367 opera
2130 1325 2190 1356 Le-

1199 1368 1263 1409 gis,
1286 1369 1317 1398 id
1343 1373 1406 1405 est,
1429 1368 1579 1399 actiones
1604 1374 1771 1407 externas,
1802 1379 1888 1411 quae
1913 1370 1995 1401 liunt
2019 1368 2191 1401 locomoti-

1200 1422 1240 1442 va
1265 1411 1373 1443 ciente
1397 1417 1453 1442 aut
1477 1411 1632 1443 frenante
1657 1419 1796 1443 externa
1821 1413 1985 1451 membra,
2009 1420 2041 1444 et
2066 1413 2191 1456 regitur

1199 1453 1401 1487 locomotiva
1426 1455 1628 1497 cogitatione
1653 1462 1685 1487 et
1709 1457 1846 1497 imperio
1863 1454 2054 1495 voluntatis,
2078 1457 2190 1488 etiam-

1199 1499 1227 1529 si
1263 1508 1323 1529 001·
1353 1498 1453 1529 habet
1478 1499 1665 1530 contrarios
1691 1500 1850 1538 31100105,
1880 1506 1916 1531 111
1939 1511 2013 1532 011111
2038 1499 2191 1531 Achilles

1198 1549 1334 1573 revocat
1348 1552 1478 1580 manus,
1504 1552 1545 1573 ne
1568 1542 2075 1585 interficiantAgamemnonem.
2100 1543 2192 1575 Haeo

1199 1593 1335 1616 externa
1360 1586 1544 1616 moderatio
1568 1585 1603 1616 fit
1624 1587 1828 1629 cogitatione
1858 1594 1890 1618 et
1913 1587 2049 1628 imperio
2076 1586 2190 1619 volun—

1199 1629 1276 1660 tatis
1301 1629 1409 1660 ciente
1429 1630 1588 1668 membra,
1612 1636 1644 1661 et
1668 1638 1778 1662 tamen
1802 1631 1929 1663 interea
1952 1632 1984 1663 in
2009 1631 2111 1662 corde
2123 1641 2191 1662 ma-

1199 1683 1300 1714 gnum
1325 1679 1377 1703 est
1399 1673 1470 1704 irae
1494 1673 1692 1705 incendium.

1285 1758 1442 1790 Nominat
1466 1760 1563 1790 etiam
1588 1758 1712 1791 Paulus
1736 1759 1814 1791 talia
1838 1771 1941 1802 opera
1964 1761 2129 1800 Literam,
2158 1762 2190 1793 id

1198 1808 1261 1841 est,
1298 1803 1520 1844 cogitationes
1544 1810 1699 1845 tanquam
1723 1805 1830 1846 pictas
1854 1805 1885 1836 in
1911 1806 2069 1844 cerebro,
2105 1815 2191 1847 quae

1198 1857 1265 1878 non
1300 1853 1377 1877 sunt
1412 1847 1479 1878 vita
1504 1853 1537 1878 et,
1560 1848 1700 1889 Spiritus
1723 1848 1830 1879 sancti
1854 1855 1976 1887 motus,
2012 1859 2072 1880 seu
2095 1848 2189 1881 Deus

1198 1900 1338 1921 movens
1364 1900 1434 1922 cor.

1285 1975 1401 2018 Typns
1426 1983 1476 2008 est
1500 1976 1662 2010 illustrior
1686 1978 1727 2009 de
1751 1976 1831 2010 solio
1862 1978 1934 2018 fici,
1968 1979 2053 2010 sicut
2076 1977 2190 2011 folium

1199 2026 1324 2051 tantum
1359 2019 1441 2051 foris
1477 2021 1557 2063 tegit
1587 2027 1697 2053 motus
1720 2023 1927 2054 inordinatos
1950 2024 2188 2054 membrorum:

1199 2065 1251 2095 Sic
1277 2065 1380 2095 rectio
1405 2063 1627 2096 locomotivae
1652 2071 1701 2096 est
1728 2072 1942 2097 externorum
1967 2067 2190 2098 membrorum

1198 2106 1440 2149 qualiscunque
1475 2107 1627 2139 frenatio.
1675 2109 1710 2140 Si
1742 2120 1806 2150 11113
1830 2110 1929 2151 igitur
1948 2116 1999 2141 est
2025 2111 2131 2142 virtus
2155 2111 2186 2141 in

1197 2151 1330 2182 homine
1365 2162 1430 2182 non
1455 2158 1583 2190 renato,
1619 2158 1670 2183 est
1697 2152 1793 2183 valde
1818 2152 1924 2190 exilis,
1950 2161 2086 2185 econtra
2112 2154 2187 2185 vitia

1197 2193 1295 2226 valde
1327 2195 1509 2236 001151110113
1534 2203 1629 2234 sunt,
1666 2207 1751 2238 (11130
1776 2204 1852 2228 sunt
1875 2197 2033 2235 affectus,
2068 2198 2099 2228 id
2124 2204 2187 2236 est,

1197 2238 1347 2269 {lammae
1371 2239 1578 2269 inordinatae
1602 2240 1633 2270 in
1660 2241 1774 2278 corde,
1824 2247 1857 2272 ut
1884 2252 1977 2272 amor
2001 2242 2032 2271 in
2048 2241 2188 2278 Dux-ide,

1198 2280 1251 2312 vel
1287 2287 1362 2312 sunt
1399 2281 1616 2322 impul-iones
1642 2282 1859 2315 Diubolorum
1885 2295 1943 2315 seu
1969 2285 2027 2326 ipsi
2053 2284 2188 2315 Diaboli

1197 2323 1404 2366 impellentes
1429 2326 1588 2356 iniit-mam
1614 2333 1775 2359 naturam.
1824 2327 1866 2358 Ut
1902 2328 2011 2359 odium
2036 2329 2067 2358 in
2093 2327 2187 2366 Cain,

1197 2367 1312 2406 Saule,
1336 2377 1365 2399 01
1392 2369 1651 2401 innumerabile-2
1673 2371 1814 2411 impetus
1829 2371 1905 2402 mali
1920 2378 2036 2402 contra
2051 2370 2188 2413 στοργήν,

1197 2423 1282 2453 quae
1308 2412 1416 2443 31111110
1442 2412 1568 2454 reliqua
1593 2420 1643 2444 est
1668 2415 1698 2444 in
1722 2421 1838 2445 natura
1858 2422 1934 2456 post
1958 2414 2100 2456 lapsum,
2125 2416 2188 2446 ori-

1197 2462 1297 2486 untur
1321 2455 1547 2497 principaliter
1570 2468 1589 2487 3
1616 2456 1786 2495 Diaboli-2,
1823 2459 1876 2500 qni
1902 2459 1978 2489 odio
2004 2458 2066 2489 Dei
2092 2469 2188 2501 gras-

1198 2506 1324 2536 santur,
1349 2506 1380 2530 ut
1407 2501 1580 2530 maximam
1608 2499 1841 2532 multitudinem
1858 2502 2188 2544 hominumperdant,

1196 2543 1286 2573 iuxta
1312 2543 1415 2574 dicta:
1440 2542 1564 2574 Circuit
1585 2543 1749 2575 Diabolus
1776 2551 1931 2586 tanquam
1945 2545 2014 2576 Leo
2040 2547 2187 2583 rumiens,

1197 2596 1362 2627 quaerena
1395 2597 1491 2628 quem
1528 2587 1675 2618 derozet.
1730 2587 1764 2618 Et
1807 2588 1929 2630 Ephes.
1965 2590 1996 2620 2.
2055 2588 2186 2621 Diaboli

1197 2636 1274 2661 sunt
1299 2629 1456 2662 efficaces
1480 2631 1512 2661 in
1538 2632 1655 2671 impiis,
1680 2633 1765 2663 sicut
1789 2633 1829 2663 de
1852 2633 1931 2664 luda
1955 2633 2087 2666 dicitur:
2130 2635 2186 2666 Sa-
