2383 2990
143 117 206 150 751

143 216 255 244 mento
285 209 438 240 sentiam.
483 206 556 238 Nec
585 206 683 237 video
712 215 864 243 causam,
899 214 960 235 cur
992 214 1060 234 non
1088 203 1134 234 ibi

143 264 225 287 vere
248 253 369 284 adesse
392 251 512 292 possit,
536 250 591 281 ubi
611 259 692 280 vere
711 247 834 290 aliquid
855 245 967 279 efficit.
992 246 1135 278 Constat

144 304 254 330 autem
279 300 489 327 sacramenta
513 294 554 324 ad
578 294 643 324 hoe
666 293 815 323 instituta
834 301 925 330 esse,
951 296 987 322 ut
1011 301 1070 331 per
1093 300 1133 321 ea

144 341 238 373 Deus
262 343 397 370 moveat
426 344 459 369 et
489 338 655 368 exuscitet
684 342 813 366 mentes
844 335 886 366 ad
922 334 1134 365 credendum.

145 384 221 416 Non
244 383 330 414 enim
353 387 432 412 sunt
462 381 628 417 instituta,
657 384 693 411 ut
722 385 848 410 tantum
877 378 943 409 sint
972 385 1072 408 notae
1094 387 1135 407 ac

144 427 241 469 signa
275 424 516 467 professionis,
552 433 637 465 quae
671 423 864 454 discernant
895 431 958 452 nos
987 422 1030 452 ab
1060 419 1135 451 aliis

146 470 315 513 gentibus,
338 474 373 500 ut
396 467 491 509 Toga
514 466 686 498 Romanos
711 465 921 497 discernebat
945 474 965 495 a
985 464 1136 502 Graecis,

145 520 203 545 aut
238 513 382 544 varietas
412 512 552 542 vestitus
588 510 746 541 discernit
775 507 973 540 Monaehos.
1019 507 1136 549 Neque

145 567 263 599 parum
288 553 390 587 refert
413 555 444 586 {n
466 555 529 585 hac
553 553 800 590 controversia,
823 563 937 583 verum
961 561 1057 582 usum
1082 561 1136 582 sa-

147 605 391 631 cramentorum
415 604 542 636 tenere,
566 598 608 629 de
630 607 696 639 quo
719 596 827 638 magis
851 596 1009 638 proderat
1021 592 1137 626 Eccle-

784 109 897 142 PmL.
920 108 1026 140 MEL.
1039 106 1230 140 SCRIPTA
1252 104 1536 137 DOGMATch.

2111 103 2176 135 ⁷52

1188 202 1257 233 siae
1280 199 1420 232 fideliter
1445 200 1578 239 docere,
1602 209 1701 242 quam
1725 200 1767 230 de
1789 199 2003 242 geometricis
2023 197 2178 240 specula·

1188 246 1352 282 tionibus,
1384 254 1469 286 quae
1497 250 1623 275 tantum
1647 244 1790 274 reddunt
1812 250 1941 274 mentes
1973 241 2178 284 prophanas,

1188 299 1255 320 non
1279 287 1371 319 alunt
1391 288 1490 318 tidem
1513 294 1569 318 aut
1593 287 1744 318 timorem
1768 285 1842 325 Dei,
1865 287 1926 317 sed
1953 285 2040 318 facio
2065 285 2177 324 finem,

1188 342 1255 363 non
1288 332 1373 362 enim
1403 331 1526 362 ἰηςῐίιιιί
1557 331 1831 372 disputationem,
1859 330 1920 361 sed
1957 330 2033 361 dum
2064 330 2179 371 Augu-

1188 376 1266 406 stini
1288 373 1398 406 locum
1423 385 1562 416 repono,
1586 374 1670 405 haec
1694 374 1836 405 (licenda
1861 371 2005 411 suerunt,
2028 379 2064 404 ut
2087 371 2180 403 clare

1188 424 1366 460 appareret
1396 417 1485 449 illam
1508 418 1706 449 sententiam
1729 418 1773 449 ad
1801 417 1890 449 hanc
1915 417 2180 449 controversiam

1190 461 1270 493 nihil
1293 462 1468 504 pertinere.

1618 546 1743 579 FINIS.
