2383 2990
121 153 187 186 449

121 250 154 281 1(1
178 253 240 285 est,
263 246 345 288 Legi
370 245 434 277 Dei
458 246 689 287 congruentia,
713 246 789 287 quia
813 244 939 277 Paulus
963 245 1111 276 nominat

121 292 280 323 iustitiam
311 289 435 327 6311115,
470 289 504 320 1(1
538 296 601 328 est,
632 300 730 331 quam
759 299 826 322 non
860 290 967 320 renati
1000 287 1112 320 facere

120 339 273 376 possunt.

208 420 294 452 Sunt
316 425 426 451 autem
450 419 618 457 actiones,
641 429 729 460 quae
753 419 964 450 nominantur
986 418 1111 449 iustitia

120 465 250 501 6311115,
286 464 507 505 cogitationes
538 463 569 492 in
596 469 703 493 mente
726 462 885 499 hominis,
921 472 1112 503 quanquam

119 518 186 538 non
220 508 345 545 renati,
376 509 540 537 intuentes
563 505 691 547 Legem
716 505 795 542 Dei,
830 516 891 536 seu
915 512 1041 536 rectum
1066 507 1112 536 iu-

120 551 240 582 dicium
258 551 407 581 rationis:
433 556 465 581 et
491 550 617 580 cientes
643 548 891 587 locemotivam,
917 549 948 579 id
973 554 1036 586 651,
1061 559 1111 579 16-

119 601 239 636 gentes
263 595 414 625 actiones
439 600 613 630 externas,
633 598 668 623 ut
693 600 877 633 congruant
904 603 978 623 cum
1003 599 1110 623 exter-

118 648 161 668 na
186 647 270 668 voce
293 636 414 679 Legis,
451 637 522 667 sive
547 646 606 668 cor
630 641 810 678 congruat,
846 636 917 666 sive
942 647 1008 667 non
1034 646 1111 666 con-

119 687 228 722 gruat,
252 687 288 711 ut
310 681 342 711 111
367 678 510 717 Achille,
534 679 702 720 repressio
727 679 796 719 irae
820 686 870 709 est
896 680 1055 721 cogitatio
1078 679 1110 709 in

120 726 261 755 cerebro
287 724 358 754 eius
384 725 424 755 de
449 724 512 754 bac
531 722 637 764 Lege:
683 723 759 753 Non
790 722 970 753 interficias
995 723 1112 753 ducem

119 768 296 798 exercitus.
342 767 434 798 Haec
458 766 616 808 cogitatio
637 767 787 797 manibus
810 766 962 807 imperat,
986 772 1019 797 ut
1043 765 1112 808 gla-

119 811 206 842 dium
231 811 424 841 recondant.
472 812 599 841 lnterea
624 815 732 840 tamen
757 820 816 840 cor
840 811 934 841 ardet
958 810 1024 847 ira,
1050 820 1111 839 nec

118 855 302 885 moderatio
326 852 381 884 illa
406 853 441 884 fit
464 859 602 894 propter
625 851 764 895 gloriam
788 852 865 891 Dei,
900 864 961 884 nec
986 853 1112 895 regitur

119 899 289 939 agnitione
312 896 384 927 Filii
409 896 485 934 Dei,
522 907 585 926 nec
608 902 660 927 est
684 897 781 928 vivus
805 904 916 928 motus
940 897 972 927 111
996 896 1111 934 corde,

118 941 180 972 sed
204 950 412 972 evanescens
437 940 607 981 cogitatio.

205 1025 263 1057 Sic
286 1026 413 1057 erudite
437 1026 651 1067 cogitandum
675 1032 742 1063 est,
778 1026 856 1068 quid
880 1037 916 1057 re
949 1028 1022 1067 ipsa
1045 1026 1111 1057 sint

118 1070 270 1101 actiones
282 1071 450 1107 virtutum,
474 1076 506 1100 at
531 1075 698 1111 utcunque
717 1071 867 1101 actiones
881 1069 1019 1110 intelligi
1033 1080 1111 1110 pos-

119 1119 207 1150 sunt,
232 1114 361 1144 etiamsi
386 1112 625 1144 Aristotelicas
650 1114 905 1155 imaginationes
930 1115 971 1144 de
996 1112 1112 1143 habiti-

118 1157 182 1188 bus
207 1159 410 1198 seponimus.
459 1156 609 1198 Suntque
633 1164 758 1187 mentes
785 1157 986 1197 cogitatione
1006 1156 1110 1198 Legis

117 1210 299 1241 poenarum
325 1206 356 1230 et
380 1199 609 1240 exemplorum
634 1201 674 1230 ad
699 1207 790 1230 recte
813 1199 1000 1231 faciendum
1024 1200 1111 1230 exci-

117 1243 250 1274 tandae.
295 1243 405 1283 Supra
439 1249 548 1273 autem
583 1244 705 1274 dictum
740 1250 809 1281 est,
846 1251 989 1285 quatuor
1034 1253 1111 1274 esse

119 1297 255 1323 6311535,
279 1292 417 1327 propter
440 1297 523 1328 quas
548 1287 643 1317 etiam
668 1297 735 1317 non
753 1287 858 1317 renati
883 1297 921 1318 se
935 1286 1111 1327 disciplina

118 1339 238 1371 regere
273 1331 407 1366 debent,
444 1340 582 1371 quarum
606 1331 710 1370 prima
730 1337 792 1368 est,
818 1331 1010 1361 Mandatum
1036 1330 1110 1361 Dei.

117 1372 284 1411 Secunda,
311 1372 351 1403 Ut
375 1373 518 1404 vitentur
541 1383 680 1414 poenae.
726 1373 849 1411 Tertia,
875 1373 915 1404 Ut
939 1372 1011 1404 aliis
1035 1384 1110 1416 par-

118 1426 245 1447 camus.
293 1416 438 1454 Quarta,
461 1416 546 1451 Quia
570 1414 746 1457 disciplina
778 1418 819 1447 sit
843 1417 1052 1459 paedagogia
1078 1418 1108 1447 in

117 1458 359 1497 Christum,
394 1460 426 1490 id
450 1467 518 1497 651,
543 1458 627 1494 Quia
654 1466 780 1490 certum
804 1461 864 1498 sit,
887 1459 1016 1492 Deum
1041 1471 1107 1491 non

117 1501 288 1533 efficacem
313 1513 391 1534 esse
415 1503 445 1533 in
470 1502 533 1541 his,
554 1503 607 1544 qui
628 1511 843 1543 perseverant
869 1504 900 1535 in
921 1503 1108 1535 sceleribus

119 1552 237 1577 contra
268 1547 521 1578 conscientiam.
568 1546 640 1577 Hae
676 1558 800 1578 causae
833 1548 885 1589 pie
911 1548 1107 1589 cogitentur.

116 1588 222 1620 Simul
245 1597 354 1621 autem
379 1590 549 1621 sciendum
574 1596 637 1627 est,
662 1589 818 1621 Iustitiam
843 1591 954 1622 carnis
979 1602 1039 1622 5611
1063 1591 1109 1621 di-

117 1632 304 1673 sciplinam,
339 1644 398 1665 seu
430 1644 531 1674 opera
557 1633 660 1674 Legis
684 1644 891 1676 nequaquam
916 1645 994 1666 esse
1018 1635 1109 1665 iusti-

116 1677 193 1707 tiam
219 1687 333 1708 coram
357 1676 444 1715 Deo,
470 1688 531 1708 nec
555 1676 777 1718 impletionem
802 1678 904 1720 Legis
929 1689 1022 1716 esse,
1045 1688 1107 1709 nec

117 1729 253 1757 causas,
289 1730 351 1750 nec
385 1722 502 1752 merita
532 1721 739 1752 remissionis
768 1730 991 1762 peccatorum.
1039 1722 1106 1752 Sed

118 1763 205 1793 sicut
228 1762 341 1793 solium
366 1763 419 1794 fici
443 1765 577 1805 tegebat
601 1765 780 1804 nuditatem
797 1766 974 1806 primorum
989 1776 1107 1806 paren-

117 1813 197 1842 tum,
221 1806 268 1837 ita
291 1806 412 1838 iustitia
432 1808 550 1838 caruis
575 1814 625 1838 651
637 1808 870 1849 qualecunque
884 1815 1106 1850 tegumentum

115 1848 321 1880 horribilium
344 1848 519 1881 vulnerum
543 1851 575 1881 in
600 1857 726 1888 mente,
756 1851 924 1882 voluntate
948 1859 979 1882 et
1006 1853 1108 1883 corde

115 1892 276 1929 hominis,
313 1899 345 1923 (11
371 1892 510 1934 pulchra
534 1904 589 1924 res
614 1901 664 1925 651
688 1892 789 1932 foris,
815 1896 955 1926 castitas
980 1896 1107 1936 Scipio-

117 1936 181 1973 nis,
206 1936 264 1966 sed
289 1937 376 1967 intus
396 1943 473 1968 sunt
498 1937 721 1968 dubitationes
745 1939 786 1969 de
810 1937 884 1969 Deo
909 1944 940 1969 et
965 1939 1006 1969 de
1029 1950 1107 1979 pro-

114 1980 272 2017 videntia,
308 1981 472 2021 ignoratio
507 1980 721 2020 Mediatoris,
757 1980 907 2013 stemitus
942 1983 1106 2014 adversus

114 2021 224 2054 Deum
253 2029 286 2054 61
315 2022 400 2055 31136
435 2023 588 2055 flammae
622 2026 817 2056 11110511111111
853 2025 1043 2063 affectuum,
1067 2037 1106 2057 36

114 2065 208 2098 multi
232 2074 310 2098 511111
333 2068 415 2110 typi,
439 2068 668 2100 discernentes
693 2068 900 2110 disciplinam
936 2076 965 2100 et
991 2070 1106 2100 iustiti-

114 2121 178 2148 am,
203 2110 244 2141 (16
268 2121 333 2152 (1113
353 2112 490 2142 dicitur:
515 2111 625 2143 Iustus
649 2112 714 2143 tide
739 2123 798 2144 sua
820 2113 925 2143 xivet:
951 2114 1010 2144 sed
1036 2112 1105 2145 illu-

116 2155 197 2185 stris
221 2161 321 2196 typus
346 2161 410 2193 est,
433 2165 531 2196 quent
554 2157 707 2187 recensui
730 2157 770 2188 de
796 2155 876 2188 solio
901 2156 965 2187 fici.

201 2241 300 2273 Nunc
323 2241 552 2273 accedendum
576 2248 628 2273 651
652 2242 694 2273 ad
718 2243 902 2274 doctrinam
927 2243 968 2273 de
991 2242 1106 2275 {ustifi-

114 2285 259 2322 cati0ne.
285 2289 325 2315 (16
350 2296 415 2326 qua
439 2284 583 2326 loquitur
597 2285 732 2324 Paulus,
757 2298 830 2318 cum
850 2287 970 2329 inquit:
988 2286 1106 2318 11151111-

116 2328 180 2358 cati
206 2327 271 2359 fide
294 2339 409 2369 pacem
429 2328 602 2360 habemus.
627 2329 678 2361 Ac
701 2331 839 2372 primum
864 2331 1106 2363 constituamus

115 2370 339 2402 definitionem
363 2370 519 2403 vocabuli
543 2371 725 2414 simplicem
745 2381 777 2406 et
799 2375 1021 2417 perspicuam.

202 2457 494 2490 IUsTtFtCATto
515 2466 566 2490 est
585 2461 736 2501 acceptio
759 2461 965 2493 remissioni<
986 2472 1105 2502 pecca-

114 2507 235 2538 torum,
259 2508 291 2533 ct
314 2501 595 2534 reconciliationis
621 2514 786 2545 personae
810 2516 923 2537 coram
949 2505 1041 2543 Deo,
1072 2512 1105 2537 et

113 2545 341 2585 imputationis
365 2546 520 2584 iustitiae,
544 2554 575 2577 et
599 2547 815 2580 haereditatis
837 2550 922 2580 vitae
934 2556 1103 2587 aeternae,

113 2594 251 2630 propter
285 2589 507 2621 obedientiam
542 2589 748 2630 Mediatoris,
783 2602 870 2634 quae
893 2593 1044 2634 acceptio
1068 2592 1105 2624 fit

114 2632 193 2671 fide,
217 2632 415 2665 consolante
438 2639 470 2664 et
493 2636 644 2676 erigente
668 2646 727 2666 cor
748 2635 782 2667 in
805 2636 895 2668 veris
919 2635 1104 2676 doloribus,

271 2702 419 2721 MELARTH.
428 2703 509 2722 OPER.
524 2703 588 2722 voL.
600 2703 684 2724 xxnl.

760 149 802 182 V.
827 149 1097 181 EXPMCATto
1121 150 1324 182 SYMBOLI
1352 148 1510 182 NICENI.

1133 1675 1214 1716 1(16,
1248 1686 1303 1710 3111
1329 1679 1419 1721 Lege
1443 1691 1503 1711 5611
1530 1681 1698 1721 operibus.

1154 2463 1316 2506 *imputata
1341 2464 1368 2494 61
1383 2463 1576 2495 6(11310115
1601 2465 1799 2496 obedientia.

2084 152 2148 184 450

1165 247 1197 277 in
1221 257 1286 288 qua
1310 246 1344 277 fit
1368 245 1547 277 vivificatio
1566 256 1627 287 per
1651 243 1766 276 Filium
1788 244 1863 282 Dei,
1888 246 2051 278 dicentem
2076 258 2153 279 eon-

1165 289 1363 320 solationem
1388 290 1420 320 in
1446 291 1546 320 corde
1580 300 1664 321 voce
1699 289 1888 331 Evangelii,
1923 297 1955 320 et
1986 291 2154 322 effunden-

1166 339 1230 363 tem
1255 333 1413 375 Spiritum
1437 340 1603 369 sanctum,
1640 344 1705 375 quo
1729 334 1906 365 inchoatur
1929 344 2015 364 nova
2041 335 2153 366 obedi-

1165 377 1252 407 entia
1275 377 1306 407 in
1332 377 1445 414 corde,
1470 377 1553 408 sicut
1569 378 1728 419 scriptum
1743 384 1810 409 est:
1829 377 1928 409 Dabo
1948 378 2074 420 Legem
2088 389 2154 410 nte-

1165 430 1218 450 3111
1241 420 1274 450 in
1299 421 1401 451 corda
1424 430 1548 451 eorum.

1252 506 1508 538 Observandum
1533 512 1584 537 est
1607 513 1732 543 autem,
1756 508 1888 549 quando
1912 507 2080 539 vocabula
2103 511 2152 541 Iu-

1164 550 1263 587 stitia,
1287 549 1410 587 11151115,
1431 549 1632 581 iustificatus
1653 550 2032 592 legaliterusurpentur,
2048 563 2151 594 quan-

1164 594 1206 624 do
1242 594 1283 624 de
1316 594 1439 624 iustitia
1463 594 1639 635 imputata,
1675 595 1707 624 id
1731 601 1794 631 est,
1819 595 1859 625 de
1882 594 2153 627 reconciliatione

1163 646 1223 667 seu
1247 638 1480 678 acceptatione
1502 638 1646 679 gratuita
1670 647 1783 669 coram
1812 637 1886 669 Deo
1921 647 2058 680 propter
2080 640 2150 671 Me-

1164 681 1325 711 diatorem
1349 680 1488 712 dicatur.

1250 766 1348 808 Apud
1363 765 1588 808 Pltilosophos
1612 766 1734 798 lustitia
1753 773 1879 799 tantum
1891 766 2046 810 legaliter
2057 779 2153 800 usur-

1163 816 1277 851 patur,
1313 817 1345 842 et
1373 810 1539 853 significat
1564 812 1686 842 iustitia
1709 811 1910 842 universalis
1934 813 2154 844 obedientiam

1163 855 1347 885 secundum
1372 864 1487 885 omnes
1518 854 1630 896 leges,
1666 855 1757 886 iuxta
1791 855 1932 887 dictum:
1968 857 2093 888 Iustitia
2121 857 2155 887 in

1163 907 1241 929 sese
1266 899 1402 929 virtutes
1428 899 1574 929 continet
1597 908 1725 929 omnes.

1250 983 1286 1015 In
1311 984 1402 1025 Lege
1426 984 1551 1024 divina,
1586 985 1641 1016 ubi
1677 985 1718 1016 de
1741 984 1869 1016 lustitia
1892 984 1995 1027 Legis
2020 985 2152 1024 dicitur,

1163 1028 1260 1059 etiatn
1295 1027 1359 1059 hoc
1396 1029 1495 1059 modo
1530 1035 1712 1069 usurpatur
1735 1029 1776 1060 de
1801 1029 1927 1070 integra
1951 1030 2154 1068 obedientia,

1163 1077 1197 1101 ut
1221 1072 1253 1101 in
1278 1070 1329 1101 1115
1355 1072 1463 1108 dictis,
1488 1071 1625 1102 Psalmo
1664 1072 1736 1102 142.
1783 1072 1857 1103 Non
1882 1074 1986 1103 intres
2016 1074 2048 1103 in
2072 1073 2153 1103 iudi-

1163 1115 1248 1145 cium
1278 1126 1352 1146 cum
1381 1125 1482 1146 servo
1513 1122 1589 1153 tuo,
1613 1115 1698 1150 Quia
1730 1126 1797 1146 non
1823 1117 1883 1147 erit
1907 1117 2014 1147 iustus
2040 1127 2152 1147 coram

1162 1164 1195 1188 te
1220 1159 1326 1189 omnis
1351 1159 1479 1189 vivens.
1515 1158 1593 1189 ltem
1618 1158 1694 1189 lob:
1719 1158 1810 1190 Vere
1833 1161 1916 1198 scio,
1943 1170 2008 1190 non
2033 1166 2083 1191 est
2107 1161 2154 1191 iu-

1162 1208 1235 1232 stus
1260 1202 1358 1232 homo
1384 1212 1497 1233 coram
1522 1201 1607 1233 Deo.
1653 1205 1780 1241 iustus,
1808 1203 1841 1234 id
1865 1209 1928 1241 est,
1952 1202 2082 1235 habens
2106 1204 2154 1234 in

1163 1251 1292 1286 tegram
1317 1246 1551 1276 obedientiam.

1248 1332 1413 1363 Interdum
1437 1332 1533 1363 etiam
1559 1333 1599 1363 de
1623 1333 1720 1363 bonis
1745 1333 1903 1374 operibus
1926 1333 2089 1364 iustorum
2105 1333 2151 1364 di-

1163 1374 1268 1412 611111,
1304 1376 1434 1406 etiamsi
1459 1386 1523 1406 non
1549 1382 1599 1406 est
1622 1376 1751 1417 integra
1776 1377 1976 1414 obedientia,
2002 1384 2047 1414 ut,
2072 1376 2151 1408 Feci

1161 1419 1315 1449 iudcium
1351 1425 1383 1449 et
1417 1419 1584 1451 iustitiam.
1642 1418 1744 1450 Solus
1780 1420 1946 1450 Osiander
1983 1419 2151 1451 transtulit

1162 1472 1280 1492 nomen
1305 1463 1347 1492 ab
1372 1462 1545 1493 effectibus
1570 1463 1613 1494 ad
1638 1474 1786 1495 causam.
1836 1463 1961 1494 lustitia
1986 1470 2036 1494 est
2061 1464 2151 1505 quod

1161 1504 1240 1536 facit
1275 1516 1338 1536 nos
1363 1506 1447 1536 iusta
1471 1504 1600 1543 facere,
1626 1506 1778 1538 videlicet
1802 1505 1907 1538 Deus.
1954 1507 2046 1538 Haec
2071 1507 2151 1538 defi

1160 1549 1241 1579 nitio
1266 1556 1357 1580 certe
1381 1560 1446 1580 11011
1472 1551 1624 1592 congruit
1649 1551 1690 1581 ad
1714 1551 1929 1582 ltocdictum:
1954 1550 2151 1592 ltnputatum

1160 1598 1211 1623 est
1247 1593 1275 1623 61
1311 1593 1352 1623 ad
1388 1593 1558 1624 iustitiam.
1604 1593 1675 1624 Nec
1700 1593 1824 1625 Paulus
1849 1593 1989 1635 loquitut
2020 1593 2148 1625 dehac

1161 1635 1352 1674 effectione,
1377 1637 1510 1677 quando
1534 1638 1680 1678 quaerit,
1716 1647 1757 1668 an
1784 1638 1880 1669 1101110
1906 1638 2074 1669 51111151115
2099 1637 2150 1668 Fi-

1745 1681 1814 1712 Sed
1839 1692 1913 1712 cum
1938 1692 2003 1712 non
2028 1681 2149 1712 habea-

1160 1733 1232 1753 111115
1267 1722 1353 1753 illam
1389 1724 1610 1755 obedientiam
1645 1725 1825 1766 integram,
1862 1725 1960 1756 docet
1986 1736 2050 1756 vox
2075 1735 2150 1766 pro-

1159 1767 1354 1797 missionum
1378 1767 1419 1797 (16
1442 1768 1681 1805 misericordia,
1704 1778 1790 1810 quae
1814 1768 1897 1806 fule,
1920 1769 1954 1799 id
1978 1774 2041 1806 est,
2068 1769 2148 1800 fidu-

1160 1811 1210 1840 cia
1234 1810 1430 1841 Mediatoris
1452 1812 1548 1842 nobis
1567 1811 1764 1853 applicatur.

1247 1895 1398 1938 Angelus
1422 1898 1531 1928 bonus
1556 1905 1607 1929 est
1631 1899 1752 1936 iustus,
1777 1899 1853 1940 quia
1871 1897 2149 1940 hahetintegram

1160 1940 1401 1979 obedientiam,
1438 1940 1490 1972 vel
1525 1941 1746 1982 impletionem
1768 1942 1882 1984 Legis,
1909 1941 1961 1972 vel
1987 1943 2150 1983 integram

1160 1982 1424 2015 conformitatem
1447 1985 1488 2015 ad
1513 1984 1659 2024 DEUM,
1695 1985 1768 2024 vel,
1804 1985 1886 2021 Qua
1910 1985 2005 2016 Deus
2041 1993 2091 2016 est
2117 1986 2150 2016 in

1159 2037 1212 2064 60,
1238 2027 1388 2058 efficiens
1414 2028 1499 2060 113116
1523 2029 1686 2071 integram
1710 2028 1986 2061 conformitatem.
2018 2029 2059 2061 lli
2082 2040 2150 2061 mo-

1158 2071 1190 2101 di
1208 2070 1367 2113 loquendi
1390 2073 1476 2103 idem
1500 2073 1700 2114 significant.

1246 2158 1313 2189 Sed
1338 2158 1448 2189 David
1474 2165 1523 2190 est
1542 2160 1671 2198 iustus,
1706 2159 1739 2190 id
1769 2165 1840 2198 est,
1876 2165 2036 2201 acceptus
2059 2158 2146 2198 Deo,

1158 2211 1217 2233 seu
1241 2201 1491 2243 placens-Deo,
1514 2214 1580 2234 non
1606 2204 1682 2245 quia
1704 2202 1805 2235 habet
1828 2204 1990 2245 integram
2015 2202 2148 2234 confor-

1158 2246 1302 2276 mitatem
1329 2256 1388 2277 seu
1412 2246 1635 2287 impletionem
1660 2246 1782 2289 Legis,
1805 2248 1865 2278 sed
1890 2248 1966 2288 quia
1990 2248 2148 2288 recipitur

1158 2300 1218 2330 per
1252 2290 1513 2321 misericordiam
1538 2291 1619 2321 Fide
1651 2298 1788 2332 propter
1810 2291 2046 2329 Mediatoretn,
2083 2301 2149 2332 qua

1158 2333 1235 2369 tide,
1255 2334 1317 2363 etsi
1342 2344 1420 2364 vere
1445 2333 1479 2364 fit
1499 2334 1678 2365 vixiiicatio
1702 2345 1763 2366 seu
1786 2335 1960 2366 renovatio
1985 2344 2072 2376 quae
2095 2339 2147 2365 est

1157 2375 1326 2407 inchoatio
1350 2387 1458 2408 novae
1482 2378 1700 2412 obedientiae,
1724 2384 1832 2409 tamen
1857 2388 2002 2419 persona
2027 2384 2078 2408 est
2101 2378 2147 2408 iu

1158 2426 1229 2458 sta,
1249 2420 1280 2451 id
1306 2426 1376 2458 est,
1400 2418 1538 2460 placens
1562 2420 1636 2452 Deo
1660 2428 1798 2462 propter
1821 2421 2056 2459 mediatorem,
2086 2431 2146 2452 seu

1845 2464 1905 2495 Est
1931 2475 2012 2506 ergo
2036 2465 2145 2496 iustus

1158 2517 1270 2538 coram
1294 2507 1368 2538 Deo
1393 2507 1481 2539 iuxta
1504 2507 1722 2550 Evangelium
1747 2508 1887 2549 placens
1900 2507 1988 2546 Deo,
2011 2518 2071 2539 seu
2096 2519 2146 2539 16

1158 2551 1356 2582 conciliatus
1380 2561 1440 2582 seu
1463 2558 1623 2593 acceptus
1657 2560 1793 2594 propter
1822 2552 2040 2583 Mediator-em
2066 2551 2144 2590 fide,

1157 2605 1222 2636 qua
1246 2595 1378 2636 quidem
1402 2594 1437 2626 fit
1461 2595 1640 2627 vivificatio
1664 2596 1697 2626 in
1717 2596 1806 2627 veris
1831 2594 2022 2634 doloribus,
2053 2595 2144 2626 iuxta

1156 2638 1293 2670 dictum:
1317 2638 1427 2670 Iustus
1439 2639 1520 2671 Ftde
1543 2650 1605 2672 sua
1627 2640 1715 2672 vivit.
1762 2638 1894 2672 Relatio
1919 2640 2030 2682 igitur,
2054 2639 2143 2671 vide-

1938 2702 1971 2726 29
