2383 2990
171 134 237 168 25⁷
808 129 865 162 IV.
911 129 1172 162 ENARRATIO
1197 129 1399 162 SYMBOLI
1417 129 1578 162 NlCENl.
2150 129 2216 163 258

174 229 329 263 voluntas
363 237 443 260 vere
477 226 585 258 libera
608 232 691 265 erat,
725 226 771 258 ita
795 231 831 258 ut
853 231 971 267 posset
997 225 1079 268 Legi
1102 224 1167 257 Dei

173 274 303 316 integre
326 271 464 303 obedire
486 276 543 303 aut
565 276 718 303 avertere
741 280 779 302 se
802 280 823 301 a
846 269 933 302 Deo.

260 350 353 383 Haec
387 350 540 381 doctrina
574 349 616 381 de
645 348 836 391 integritate
859 347 1002 379 hominis
1026 347 1167 389 primum

173 395 353 437 cogitanda
375 399 440 432 est,
458 403 526 425 non
544 391 655 424 solum
674 393 762 430 ideo,
798 397 832 423 ut
855 392 962 433 magis
987 391 1167 432 perspicua
1190 388 1194 409 ¹

172 440 216 470 sit
250 436 428 480 explicatio
463 437 504 468 de
538 436 666 478 Lapsu,
703 442 734 467 et
759 435 903 466 Peccato
928 435 1080 475 originis,
1105 434 1167 465 sed

172 483 271 514 etiam
289 487 326 513 ut
349 481 601 513 consideremus
614 479 876 522 magnitudinem
888 479 1013 510 amoris
1033 479 1065 509 in
1079 477 1166 516 Deo,

172 536 256 568 erga
279 535 386 567 genus
410 523 601 562 humanum,
625 534 723 565 quem
748 522 893 554 ostendit
917 522 949 553 in
974 520 1039 552 hac
1063 521 1167 553 dono-

171 579 245 600 rum
269 567 485 605 excellentia,
521 567 610 609 quod
634 577 744 598 rerum
769 566 966 606 optimarum
990 565 1023 595 in
1047 570 1167 596 natura

171 613 283 644 divina
318 612 429 644 radios
464 612 496 642 in
519 620 582 641 nos
606 608 802 647 transfudit,
838 619 934 641 suam
958 609 1167 650 sapientiam,

170 656 326 688 iustitiam
351 662 383 687 et
406 653 602 686 libertatem.

260 734 322 766 Hic
346 735 444 767 etiam
467 734 613 765 iuniores
636 732 837 763 admonendi
860 736 950 769 sunt,
985 737 1021 762 ut
1044 731 1166 762 doctri-

172 789 249 810 nam
273 779 339 809 huc
363 776 517 809 adferant
541 786 582 807 ex
608 774 774 817 Physicis,
799 775 840 806 de
853 775 1009 816 potentiis
1024 774 1166 812 animae,

172 828 206 853 et
228 822 455 858 considerent,
479 821 600 862 quibus
623 818 906 861 adpellationibus
930 824 1044 850 utatur
1056 829 1166 849 sermo

172 866 395 908 Propheticus
419 862 696 906 etApostolicuS.
744 862 998 894 Discernendae
1018 868 1096 893 sunt
1109 872 1167 903 po·

171 911 294 941 tentiae
329 914 578 951 cognoscentes
614 913 646 937 et
681 913 890 948 appetentes.
956 905 991 936 In
1020 906 1167 947 potentia

173 959 403 996 cognoscente
427 958 504 983 sunt
528 951 685 989 Notitiae,
709 957 743 982 ut
766 957 874 981 autem
899 950 942 980 ad
968 949 1054 980 hanc
1069 950 1166 990 perti-

171 1003 263 1036 nent,
282 995 505 1037 adprehensio
530 993 740 1035 simplicium,
764 994 964 1036 compositio
989 1000 1021 1024 et
1035 994 1167 1031 (nasio,

171 1040 416 1083 argumentatio
441 1046 473 1070 et
497 1039 653 1070 iudicium
678 1039 719 1069 de
745 1038 955 1079 conipositis,
981 1037 1109 1075 divisis,
1135 1043 1167 1068 et

170 1084 390 1127 argumentis,
414 1084 459 1114 ita
478 1088 510 1114 et
530 1083 757 1113 conscientiae
780 1082 935 1113 iudicium
957 1081 1092 1122 proprie
1116 1086 1168 1111 estv

170 1128 204 1159 in
226 1133 321 1170 parte
357 1132 606 1169 cognoscente,
641 1126 717 1167 quia
741 1132 791 1157 est
817 1123 991 1157 conclusio
1017 1131 1168 1155 extructa

172 1182 211 1204 ex
234 1170 380 1213 legibus,
415 1177 450 1202 ut
475 1171 506 1201 in
530 1169 677 1201 Diabolo
712 1175 845 1201 manent
876 1168 987 1209 legum
1018 1169 1166 1206 notitiae,

171 1220 284 1246 manet
307 1221 337 1246 et
365 1214 594 1246 conscientiae
607 1213 775 1251 iudicium,
800 1213 927 1243 etiamsi
947 1211 1102 1243 voluntas
1117 1223 1168 1243 re-

171 1264 299 1300 pugnat
317 1258 413 1299 Legi,
436 1263 468 1288 et
487 1255 679 1298 petulanter
701 1257 765 1288 ruit
779 1262 897 1288 contra
916 1256 1168 1293 conscientiam,

172 1298 292 1340 id'est,
327 1307 446 1332 contra
476 1301 621 1339 notitias,
658 1310 741 1342 quas
773 1310 874 1330 veras
899 1310 978 1331 esse
1002 1300 1074 1330 sinr-
1100 1298 1169 1330 ulla

173 1345 378 1377 dubitatione
401 1345 505 1376 novit.

259 1422 427 1454 Usitatum
462 1429 514 1453 est
549 1428 660 1453 autem
695 1422 870 1452 nominare
903 1422 1088 1462 potentiam
1114 1431 1168 1451 co-

171 1472 404 1510 gnoscentem,
418 1464 636 1502 intellectum,
661 1474 721 1496 seu
737 1471 891 1503 mentem,
911 1475 972 1496 seu
992 1465 1167 1502 rationem,

173 1511 237 1543 etsi
269 1510 354 1542 haec
394 1511 460 1541 duo
496 1507 665 1541 vocabula
698 1509 863 1540 interdum
899 1500 1196 1551 complectunturi

173 1555 272 1586 etiam
296 1552 511 1586 voluntatem.
570 1552 685 1595 ltaque
711 1563 777 1594 quo
802 1553 834 1583 in
858 1551 936 1583 loco
961 1563 1048 1594 quae
1072 1563 1167 1583 usur-

171 1603 293 1640 pentur
315 1598 590 1640 significationes,
616 1596 897 1628 consideramlum
929 1602 988 1628 est.
1047 1596 1167 1627 Poten-

172 1641 218 1672 tia
241 1647 417 1683 appetens,
441 1641 473 1672 id
498 1646 560 1682 est,
596 1646 758 1680 expetens
781 1646 839 1671 aut
863 1640 997 1682 fugiens
1019 1640 1166 1682 cognita,

170 1685 360 1717 nominatur
386 1683 564 1723 voluntas,
599 1683 641 1714 Et
664 1684 706 1714 ad
731 1684 819 1715 hanc
845 1684 1092 1727 adiungendum
1118 1690 1168 1714 est

172 1738 243 1767 cor,
277 1729 367 1770 quod
402 1734 455 1760 est
484 1738 643 1759 verorum
678 1726 870 1758 adfectuum
906 1734 937 1758 et
962 1738 1028 1759 non
1067 1727 1167 1758 simu-

171 1770 317 1804 latorum
339 1771 417 1803 fons
442 1777 475 1802 et
498 1769 711 1802 domicilium.
780 1770 815 1802 ln
851 1770 1021 1802 intellectu
1045 1770 1167 1812 loseph

171 1816 289 1848 notitia
320 1821 371 1847 est
394 1814 516 1857 Legis,
550 1813 646 1845 Deus
670 1813 840 1856 prohibuit
864 1825 971 1857 vagas
996 1813 1167 1853 libidines,

171 1864 205 1891 et
227 1857 299 1891 vult
320 1859 353 1890 in
378 1869 503 1900 genere
525 1857 672 1889 humano
697 1865 808 1892 certas
834 1869 911 1890 esse
935 1858 1167 1901 coniugiorum

170 1902 286 1946 leges,
322 1913 402 1934 vere
437 1903 593 1934 irascitur
615 1900 807 1941 adulteriis,
842 1909 874 1933 et
899 1902 1103 1934 horribiliter
1127 1912 1167 1933 ea

170 1947 274 1989 punit.
299 1946 371 1978 Hac
394 1945 472 1989 lege
495 1952 648 1977 movetur
671 1944 839 1984 voluntas,
863 1956 905 1978 ne
929 1947 1065 1988 adpetat
1088 1956 1167 1977 con-

170 1991 283 2034 iugem
318 1991 452 2029 domini,
487 1990 549 2021 sed
584 1996 619 2021 ut
654 1988 734 2021 nihil
769 1991 812 2021 sit
837 1989 1072 2029 simulationis,
1108 2000 1167 2022 cor

171 2036 271 2066 etiam
294 2045 376 2066 vere
398 2034 519 2065 timens
542 2033 666 2072 Deum,
689 2040 721 2065 et
746 2036 885 2076 cupiens
916 2035 1054 2065 obedire
1077 2033 1165 2073 Deo,

170 2077 257 2121 fugit
281 2077 492 2115 adulterium,
515 2084 546 2109 et
570 2076 727 2109 voluntas
751 2078 890 2119 imperat
904 2076 1023 2116 oculis,
1048 2084 1077 2109 et
1093 2076 1166 2109 aliis

171 2122 329 2154 membris
354 2122 515 2159 externis,
539 2131 581 2153 ne
605 2120 770 2153 adulterio
795 2123 952 2153 serviant.
1001 2121 1084 2154 Cum
1108 2122 1167 2164 igi-

171 2172 226 2197 tur
251 2175 311 2198 cor
333 2163 447 2208 aliquo
470 2165 570 2196 modo
585 2176 659 2197 cum
673 2164 846 2197 voluntate
870 2176 1056 2208 congruere
1069 2176 1168 2207 opor-

172 2215 259 2248 teat,
293 2209 326 2240 in
348 2210 440 2242 veris
464 2215 496 2240 et
520 2219 589 2240 non
619 2208 783 2241 simulatis
813 2208 1020 2248 adfectibus,
1057 2221 1167 2241 sermo

171 2252 395 2294 Propheticus
427 2251 653 2295 adpellatione
688 2254 801 2285 cordis
836 2255 937 2285 utitur
974 2264 1076 2296 saepe
1108 2265 1167 2296 pro

171 2296 356 2335 intellectu,
391 2295 566 2328 voluntate
602 2303 635 2329 et
670 2298 783 2329 corde.

172 2341 291 2372 mentis
315 2339 540 2381 adpellatione
562 2341 675 2373 utitur.

852 2297 1021 2330 Interdum
1057 2298 1106 2329 sic
1138 2302 1169 2329 et

261 2410 378 2442 Sciant
413 2411 511 2441 etiam
545 2411 693 2442 iuniores
722 2411 881 2443 usitatum
911 2421 989 2443 esse
1011 2411 1169 2443 Liberum

173 2454 344 2486 arbitrium
367 2454 539 2485 nominare
558 2453 763 2486 voluntatem
782 2466 856 2486 cum
891 2454 1066 2487 intellectu
1090 2465 1170 2487 eon·

173 2498 332 2537 iunctam,
357 2496 535 2540 eligentem
559 2496 716 2530 videlicet
739 2497 865 2541 aliquid
888 2498 1005 2537 libere,
1030 2509 1169 2540 praece-

174 2542 274 2573 dente
298 2541 500 2584 cognitione.
570 2541 640 2573 Sed
669 2542 822 2574 doctrina
846 2543 887 2575 de
911 2544 1068 2585 potentiis
1091 2541 1169 2574 alibi

175 2586 348 2627 copiosius
373 2586 527 2624 traditur,
559 2591 589 2617 et
614 2592 773 2628 quantum
797 2588 1004 2626 conceditur,
1042 2597 1168 2629 cogno-

174 2629 302 2661 scenda
332 2635 396 2662 est.
454 2629 516 2661 Hic
544 2635 654 2661 autem
685 2630 832 2663 breviter
861 2632 903 2663 de
927 2642 967 2663 ea
990 2618 1195 2668 Lectoremi

332 2699 480 2718 usstnm'ru.
490 2700 564 2718 OPER
588 2700 650 2718 VOL.
663 2700 748 2720 xxm.

1220 224 1475 264 commonefeci,
1498 226 1575 268 quia
1598 226 1707 268 magis
1730 225 1911 267 perspicua
1941 225 2002 257 erit
2033 226 2214 267 descriptio

1218 270 1350 310 peccati
1373 270 1524 312 originis,
1548 269 1590 301 ad
1613 280 1713 312 quam
1735 279 1825 301 nunc
1848 269 2053 307 accedimus,
2076 269 2216 301 intuenti

1218 313 1385 354 potentias
1410 314 1548 345 animae.

1219 480 1294 521 DE
1326 480 1512 534 LAPSU
1546 480 1854 522 PRIMORUM
1886 479 2215 530 PARENTUM,

1384 559 1455 599 ET
1489 557 1756 599 PECCATO
1791 557 2051 600 ORIGINIS.

1307 677 1442 709 Dictum
1467 683 1519 709 est
1543 678 1583 709 de
1596 677 1766 708 creatione
1779 676 1935 715 hominis,
1959 678 2001 708 de
2024 688 2090 719 qua
2102 683 2217 710 utcun-

1220 732 1285 764 que
1310 727 1574 753 consentaneum
1598 721 1730 752 videtur
1753 720 1918 752 humanae
1942 722 2080 759 rationi,
2112 720 2216 753 homi·

1220 776 1281 797 nes
1305 767 1347 796 ab
1373 771 1511 796 aeterna
1531 770 1641 795 mente
1665 763 1933 795 architectatrice
1957 771 1988 795 ct
2006 764 2124 806 opifice
2139 775 2217 797 con-

1221 810 1308 840 ditos
1333 819 1422 840 esse.
1471 808 1540 840 Sed
1566 818 1652 850 quae
1677 809 1718 839 de
1741 807 1841 850 lapsu
1865 814 1896 839 et
1921 809 1961 839 de
1987 809 2098 839 causis
2111 808 2217 841 horri-

1221 854 1333 885 bilium
1368 851 1531 884 malorum
1565 853 1598 883 in
1634 862 1759 894 genere
1790 851 1934 883 humano
1965 862 2054 883 nunc
2078 852 2217 884 dicenda

1220 902 1309 937 sunt,
1344 896 1429 928 haec
1464 906 1547 928 vero
1582 895 1717 937 longius
1742 902 1835 927 extra
1861 902 2079 938 conspectum
2103 895 2216 927 huma-

1220 951 1284 972 nae
1307 941 1445 972 rationis
1469 941 1580 982 posita
1603 945 1692 971 sunt.

1309 1018 1392 1051 Cum
1428 1020 1597 1061 ingentem
1628 1018 1889 1059 magnitudinem
1925 1019 2130 1050 miseriarum
2158 1017 2218 1050 hu-

1220 1074 1407 1099 manarum,
1432 1069 1584 1100 mortem,
1606 1068 1638 1093 et,
1662 1061 1748 1092 alias
1773 1061 1982 1093 calamitates
2015 1062 2217 1100 horrendaS‚

1221 1107 1357 1144 caedes,
1383 1105 1481 1145 bella,
1507 1116 1703 1147 magnarum
1728 1104 1867 1137 Urbium
1899 1106 2041 1144 excidia,
2072 1107 2219 1148 gentium

1221 1151 1427 1182 vastationes
1462 1156 1495 1181 et
1531 1150 1769 1191 dissipationes
1802 1148 2001 1190 multiplices
2025 1150 2218 1191 aspicimus,

1222 1204 1393 1225 movemur
1416 1194 1561 1236 quidem,
1593 1200 1628 1225 ut
1654 1193 1841 1235 cogitemus
1867 1194 1993 1225 tristem
2016 1192 2163 1235 aliquam
2187 1199 2219 1224 et

1221 1247 1377 1280 magnam
1402 1248 1539 1269 causam
1563 1247 1640 1268 esse
1666 1243 1832 1267 tantarum
1856 1237 2073 1276 miseriarum,
2097 1238 2130 1268 in
2154 1244 2221 1269 tam

1222 1282 1407 1323 praestanti
1442 1288 1563 1313 natura
1598 1282 1730 1321 generis
1766 1280 1917 1319 humani,
1953 1280 2021 1312 Sed
2057 1291 2143 1322 quae
2177 1281 2220 1311 sit

1222 1329 1327 1366 prima
1351 1331 1383 1356 et
1407 1325 1583 1366 potissima
1607 1335 1723 1362 causa,
1747 1334 1813 1355 non
1839 1325 2017 1356 cernimus.
2063 1324 2220 1356 Philoso-

1224 1370 1278 1409 phi
1310 1369 1481 1410 disputant
1516 1374 1667 1406 mortem,
1703 1368 1861 1406 morbos,
1892 1374 1923 1399 et
1947 1367 2070 1399 multas
2094 1378 2219 1410 pravas

1222 1411 1454 1443 inclinationes
1478 1423 1498 1444 a
1522 1413 1658 1442 materia
1683 1422 1862 1452 corporum
1882 1412 1972 1449 oriri,
1997 1413 2083 1444 sicut
2108 1418 2220 1453 putre-

1222 1455 1292 1487 fieri
1316 1455 1462 1497 plantas,
1496 1461 1528 1486 et
1552 1455 1637 1486 mori
1660 1455 1807 1496 pecudes
1832 1455 2003 1493 videmus,
2038 1456 2115 1497 quia
2135 1454 2221 1487 tales

1222 1505 1300 1531 sunt
1324 1499 1481 1530 materiae
1505 1500 1608 1531 vices.
1655 1499 1787 1530 Deinde
1810 1497 1956 1537 suroreS,
1981 1501 2036 1541 qui
2060 1510 2079 1531 a
2103 1498 2221 1531 voiun—

1222 1550 1290 1575 tate
1325 1543 1487 1582 oriuntur,
1523 1543 1637 1574 dicunt
1661 1542 1830 1574 hominum
1855 1543 2026 1574 erroribus
2050 1549 2106 1575 aut
2128 1549 2222 1585 petu-

1222 1587 1324 1619 lantia
1347 1588 1488 1619 accersi.
1556 1587 1627 1617 Nec
1651 1585 1738 1618 falsa
1762 1587 1873 1618 dicunt
1898 1585 2115 1628 Philosophi,
2145 1588 2221 1629 quia

1222 1632 1264 1662 de
1288 1632 1401 1662 causis
1426 1631 1583 1671 proximis
1607 1629 1799 1672 loquuntur,
1824 1640 1892 1661 non
1916 1632 1957 1662 de
1971 1632 2145 1672 prioribus
2164 1636 2222 1662 aut.

1221 1673 1477 1717 principalibus.
1536 1675 1600 1707 Sed
1624 1673 1689 1706 hoc
1712 1675 1822 1716 ipsum
1847 1676 2039 1716 quaeritur,
2064 1674 2133 1706 Cur
2156 1680 2222 1706 tam

1222 1725 1400 1760 praestans
1432 1725 1551 1750 natura
1587 1719 1758 1750 homimnn
1789 1720 1891 1749 tantis
1916 1719 2056 1750 miseriis
2083 1725 2221 1750 onerata

1223 1764 1298 1795 est?
1366 1762 1463 1794 Unde
1499 1768 1591 1794 tanta
1627 1763 1669 1794 sit
1706 1761 1932 1801 imbecillitas,
1968 1768 2005 1794 ut
2029 1768 2094 1794 tam
2119 1761 2221 1794 facile

1222 1812 1297 1838 ruat
1320 1807 1352 1837 in
1377 1813 1489 1838 tantos
1513 1806 1669 1838 furores?
1693 1806 1756 1838 Hic
1781 1807 1934 1838 doctrina
1958 1817 1978 1838 a
2001 1805 2076 1838 Deo
2101 1807 2221 1838 tradita

1221 1851 1254 1882 in
1277 1848 1446 1888 Ecclesia,
1473 1860 1611 1882 causam
1634 1849 1853 1892 principalem
1878 1850 2009 1889 recitat,
2034 1861 2133 1892 quam
2158 1850 2221 1882 etsi

1219 1893 1365 1926 humana
1390 1894 1510 1926 iudicia
1534 1893 1706 1925 ridiculam
1727 1905 1804 1926 esse
1828 1895 1989 1937 cogitant,
2016 1900 2048 1925 et
2072 1892 2164 1926 multi
2187 1894 2220 1926 in

1221 1936 1388 1977 Ecclesia,
1412 1944 1447 1970 ut
1473 1936 1656 1980 Pelagiani,
1683 1944 1716 1969 et
1740 1937 1794 1969 alii
1808 1944 2084 1977 extenuaverunt,
2108 1944 2221 1970 tamen

1221 1983 1331 2014 bonae
1354 1988 1495 2020 mentes,
1519 1992 1607 2024 quae
1630 1992 1710 2013 vere
1735 1988 1766 2013 et
1791 1983 1879 2013 serio
1895 1979 2137 2024 amplectuntur
2161 1983 2219 2014 do-

1222 2027 1362 2057 ctrinam
1398 2036 1418 2057 a
1453 2025 1529 2057 Deo
1565 2026 1739 2064 traditam,
1763 2036 1826 2058 nec
1852 2026 2130 2066 commenticiam,
2155 2036 2218 2058 nec

1220 2069 1331 2102 levem
1355 2080 1433 2101 esse
1457 2076 1618 2102 statuunt.

1881 2149 1894 2161 Ἰ

1309 2147 1411 2180 Extat
1434 2155 1543 2180 autem
1568 2149 1600 2179 in
1626 2148 1751 2180 Genesi
1777 2159 1850 2190 cap,
1874 2152 1906 2180 ἑ).
1930 2150 2078 2181 narratio
2103 2149 2145 2181 de
2156 2148 2219 2181 La-

1222 2203 1297 2235 psu.
1344 2192 1541 2224 Hic.‹licent
1555 2191 1765 2234 Philosophi,
1790 2193 1919 2224 etiamsi
1944 2203 2059 2225 verum
2083 2200 2136 2225 est
2159 2193 2218 2225 ho-

1222 2238 1330 2269 mines
1366 2242 1444 2268 tunc
1481 2237 1636 2268 conditos
1676 2237 1880 2268 discessisse
1915 2248 1933 2268 a
1958 2238 2115 2269 mandato
2140 2236 2218 2276 Dei,

1223 2281 1300 2323 quid
1325 2280 1391 2312 hoc
1416 2281 1457 2312 ad
1481 2281 1712 2321 posteritatem
1737 2281 1920 2321 pertinuit?
1944 2287 2001 2312 aut
2021 2291 2106 2323 quae
2129 2287 2221 2312 tanta

1223 2335 1278 2356 res
1303 2324 1375 2363 suit,
1399 2325 1492 2356 vesci
1516 2335 1615 2366 pomo
1640 2325 1843 2357 interdicto?
1901 2324 1968 2356 Sed
1991 2326 2066 2366 piae
2090 2330 2220 2356 mentes

1223 2374 1455 2410 expavescant
1477 2369 1589 2408 potius
1614 2369 1819 2409 cogitatione
1842 2369 1937 2410 primi
1968 2367 2084 2410 lapsus
2110 2374 2142 2400 et
2164 2379 2221 2400 ne-

1223 2423 1391 2454 quaquam
1425 2412 1559 2443 audiant
1593 2411 1774 2443 virulentas
1807 2411 1989 2444 calumnias
2018 2412 2219 2444 narrationis

1223 2457 1379 2488 divinitus
1404 2457 1556 2494 traditae,
1576 2466 1662 2497 quae
1686 2456 1818 2497 quidem
1843 2462 1919 2487 sunt
1944 2455 2013 2487 tela
2032 2457 2141 2499 magis
2165 2467 2219 2489 ve-

1221 2506 1355 2539 nenata,
1381 2510 1478 2542 quam
1503 2498 1617 2541 qualia
1640 2498 1868 2531 suerunttunc
1880 2510 2054 2532 sermones
2066 2499 2217 2539 Diaboli,

1223 2545 1343 2587 quibus
1368 2544 1459 2575 initio
1484 2544 1669 2575 sauciatum
1694 2549 1746 2575 est
1770 2554 1830 2576 cor
1852 2543 1977 2576 Hcvae.

1308 2631 1446 2664 Etiamsi
1471 2638 1644 2664 externum
1667 2641 1765 2673 opus,
1787 2637 1823 2664 ut
1846 2632 1939 2664 vesci
1951 2643 2066 2675 pomo,
2091 2642 2147 2665 res
2172 2632 2218 2664 le-

2011 2695 2042 2718 17
