2383 2990
188 141 253 173 601
624 139 682 171 Vl.
713 139 775 172 DE
799 138 1018 172 ECCLESIA
1040 138 1097 171 ET
1118 137 1182 170 DE
1205 138 1495 171 AUTORITATE
1518 137 1657 170 VERBI
1681 137 1767 170 DEI.
2181 137 2248 170 602

187 243 269 275 tum,
294 237 348 278 qui
373 237 418 268 ibi
442 236 514 267 fieri
538 234 635 267 solet.
660 235 733 267 Etsi
756 236 858 278 igitur
881 234 1006 269 oblatio
1031 245 1099 266 non
1122 245 1191 266 uno

187 281 286 312 modo
307 279 477 312 intellecta
500 278 579 318 suit,
602 286 711 311 tamen
735 287 858 321 postea
882 291 1002 312 nomen
1026 280 1192 310 detortum

187 331 240 356 est
265 325 305 356 ad
331 323 536 356 oblationem
560 324 727 365 eorporis,
753 325 841 356 unde
865 324 973 356 secuti
986 329 1065 354 sunt
1078 323 1191 365 ingen-

187 374 240 399 tes
259 369 400 399 abusus.

273 454 461 498 Dionysius
486 455 518 485 in
543 464 583 486 eo
607 453 707 492 libro,
727 454 783 495 qui
808 455 957 485 continet
982 452 1190 486 ceremonias

186 498 382 538 Ecclesiae,
418 509 492 530 cum
516 499 613 529 ritum
639 497 785 540 Synaxis
810 497 986 539 diligenter
1010 497 1190 537 describat,

187 548 297 574 tamen
322 553 464 584 prorsus
490 541 615 573 nullam
638 540 718 573 facit
743 542 942 572 mentionem
964 542 1004 573 de
1019 539 1190 572 oblatione

186 587 340 628 corporis
365 586 531 617 dominici.
577 586 649 616 Nec
663 584 780 616 Canon
794 584 911 615 Basilii
935 586 1083 616 continet
1103 582 1190 615 hanc

187 629 400 661 oblationem.
448 629 514 661 Sed
539 635 659 670 postea
684 629 790 660 dicam
815 627 910 669 plura
935 629 976 660 de
1001 638 1106 660 coena
1119 627 1190 659 Do-

185 674 275 705 mini.
301 673 392 705 Haec
407 679 533 704 tantum
546 673 668 710 addidi,
693 679 727 704 ut
752 673 963 704 ostenderem
987 679 1119 704 veteres
1143 672 1190 702 in-

184 718 313 748 terdum
338 724 508 749 mutuatos
533 726 611 748 esse
636 726 810 747 sermones
835 716 1070 748 incommodos
1094 726 1114 746 a
1132 725 1190 758 po-

184 759 276 803 pulo,
301 767 335 793 ut
359 761 430 792 fieri
455 760 543 792 solet
567 761 721 791 omnibus
746 760 924 791 aetatibus.

273 848 442 880 Interdum
472 848 650 879 vincuntur
674 847 805 878 iudiciis
837 853 867 878 et
893 846 1056 888 exemplis
1080 845 1189 878 multi·

185 892 322 931 tudinis,
347 902 433 933 quae
457 902 524 922 non
549 897 601 922 est
624 891 692 931 pia,
717 897 751 920 ut
777 889 953 921 trahantur
977 891 1008 921 in
1029 890 1189 932 supersti-

184 935 293 965 tiones
327 935 439 975 aliqua
469 934 615 964 humana
650 933 905 974 imaginatione,
930 940 963 964 ut
990 934 1022 964 in
1048 934 1188 976 Synodo

183 977 322 1015 moena,
346 977 410 1008 nisi
435 988 521 1008 unus
536 976 744 1017 Paphnutius
769 978 966 1015 obstitisset,
989 975 1108 1008 suisset
1129 988 1186 1019 ap-

183 1022 328 1062 probata
363 1021 529 1052 sententia
564 1019 716 1055 illorum,
752 1021 806 1062 qui
830 1019 988 1051 volebant
1015 1021 1187 1052 decretum

184 1066 269 1103 fieri,
303 1071 338 1095 ut
373 1065 571 1095 sacerdotes
607 1065 814 1095 abstinerent
848 1075 868 1094 a
903 1065 973 1095 suis
1009 1065 1185 1096 uxoribus.

184 1108 241 1140 Sic
262 1108 466 1150 Cyprianum
490 1115 522 1139 et.
546 1106 670 1138 multos
695 1107 779 1139 alios
804 1108 883 1139 vicit
908 1108 1128 1147 consuetudo,
1152 1115 1187 1140 ut

181 1153 363 1194 probarent
388 1152 645 1193 prohibitionem
670 1152 827 1194 coniugii.

272 1239 365 1278 Item,
389 1245 459 1270 tota
483 1238 640 1281 Synodus
659 1239 788 1270 Nicena
812 1249 982 1270 consensu
1007 1237 1186 1271 multitudi-
1211 1183 1215 1322 Ι

184 1284 235 1314 nis
260 1290 314 1315 aut
349 1283 510 1324 temporis
535 1283 639 1321 victa,
676 1283 875 1324 approbavit
900 1293 1049 1314 canones
1072 1284 1186 1325 poeni-

183 1328 318 1365 tentiae,
344 1327 399 1368 qui
423 1333 544 1368 postea
562 1334 764 1368 pepererunt
790 1337 856 1357 non
880 1325 1074 1358 tolerandos
1096 1337 1186 1358 erro-

182 1381 249 1402 res.
296 1371 421 1411 Magna
446 1368 600 1411 exempla
624 1370 722 1401 etiam
746 1370 820 1410 pios
844 1381 947 1412 saepe
971 1369 1102 1409 fallunt,
1123 1371 1186 1401 sie-

182 1419 218 1445 ut
241 1414 378 1445 Antonii
402 1412 590 1454 exemplum
614 1412 725 1444 multis
749 1412 864 1445 offudit
890 1414 1076 1456 caliginem.
1121 1414 1186 1445 Ila-

182 1464 301 1490 ctenus
327 1457 393 1489 dixi
418 1458 459 1488 de
483 1458 558 1498 piis,
583 1457 638 1499 qui
663 1457 790 1489 etiamsi
815 1464 893 1488 sunt
917 1459 1045 1495 sancti,
1075 1465 1185 1490 tamen

181 1501 313 1544 plurimi
338 1507 416 1533 sunt
440 1501 572 1532 infirmi.
617 1501 749 1532 Addam
773 1511 862 1532 nunc
886 1502 927 1532 dc
952 1500 1069 1542 lapsis.

269 1588 438 1620 Interdum
462 1589 506 1630 pii
530 1598 672 1629 prorsus
695 1586 863 1626 labuntur,
887 1595 919 1620 et
939 1589 1089 1621 amittunt
1113 1589 1187 1631 Spi-

182 1633 280 1664 ritum
305 1638 470 1670 sanctum,
495 1634 581 1664 sicut
596 1632 778 1673 Origenem
803 1633 924 1663 iudicio
938 1643 1079 1674 prorsus
1105 1632 1186 1665 fuis-

182 1686 220 1708 se
243 1675 389 1718 lapsum,
424 1676 625 1717 praesertim
660 1676 689 1706 si
713 1674 892 1707 affirmavit
915 1675 991 1707 illos
1015 1678 1186 1719 prodigio-

182 1730 242 1751 sos
279 1729 437 1757 errores,
473 1719 573 1755 Quod
608 1717 730 1750 fuerint
763 1719 1024 1752 innumerabiles
1060 1721 1184 1760 mundi,

184 1763 283 1798 Quod
309 1761 445 1794 Diaboli
469 1769 641 1804 postremo
676 1763 742 1793 sint
767 1761 932 1794 salvandi.
957 1762 1185 1796 Tertullianus

183 1807 283 1838 etiam
306 1806 405 1847 impie
429 1806 563 1838 damnat
586 1807 756 1837 secundas
776 1807 922 1847 nuptias,
948 1806 1104 1839 fortassis
1129 1819 1186 1840 au-

182 1856 250 1881 tem
273 1850 498 1891 resipuerunt.
546 1848 643 1881 Multi
668 1850 753 1881 enim
779 1860 858 1881 vere
882 1850 968 1892 lapsi
1003 1852 1037 1882 in
1060 1852 1130 1883 vita
1153 1859 1186 1884 et

182 1893 348 1932 doctrina,
380 1899 491 1925 tamen
515 1894 730 1935 resipiscunt.
776 1893 818 1925 Et
843 1895 1041 1936 saepissime
1061 1895 1116 1934 fit,
1150 1902 1186 1928 ut

182 1938 291 1969 sancti
315 1948 395 1969 vere
419 1936 588 1976 labantur,
612 1948 676 1969 nec
700 1937 846 1970 iudicent
868 1938 959 1969 iuxta
978 1940 1129 1976 verbum,
1153 1946 1186 1971 et

181 1980 390 2023 spiritualem
414 1980 537 2020 lucem,
559 1982 621 2013 sed
646 1982 855 2023 decipiantur
873 1982 1111 2024 imaginatione
1134 1994 1186 2015 ra-

181 2025 294 2063 tionis,
329 2025 384 2066 qui
419 2032 531 2056 tamen
567 2026 688 2057 deinde
724 2026 937 2067 resipiscunt.
993 2027 1086 2058 Sicut
1122 2026 1186 2059 Ge-

182 2068 267 2143 depn
292 2079 434 2110 prorsus
458 2067 575 2111 lapsus
599 2075 660 2108 est,
679 2068 824 2101 humano
850 2070 989 2102 consilio
1007 2071 1186 2103 instituens
1209 2069 1215 2249 1

183 2122 223 2144 cu
240 2119 319 2144 tum.

270 2198 321 2229 Ex
344 2198 397 2230 his
421 2199 577 2230 omnibus
602 2200 754 2240 sequitur
778 2198 971 2232 conclusio:
1006 2200 1081 2232 Etsi
1104 2212 1186 2233 vera

182 2240 357 2280 Ecclesia,
395 2253 482 2284 quae
512 2248 563 2273 est
587 2243 730 2284 exigua,
767 2244 887 2274 retinet
911 2242 1072 2275 articulos
1095 2243 1184 2283 fidei,
1207 2254 1215 2290 1

181 2291 291 2317 tamen
315 2285 373 2317 illa
395 2287 471 2328 ipsa
490 2296 573 2318 vera
595 2284 751 2317 Ecclesia
775 2293 887 2328 potest
911 2287 1039 2318 habere
1062 2293 1184 2327 errata,

183 2330 401 2362 obscurantia
424 2329 587 2361 articulos
611 2329 697 2361 fidei.
744 2329 925 2362 Praeterea
955 2329 1047 2362 multi
1071 2332 1115 2362 ita
1138 2330 1186 2363 la·

182 2374 318 2412 buntur,
337 2379 373 2405 ut
396 2375 586 2416 approbent
608 2384 750 2415 prorsus
773 2375 892 2416 impios
918 2385 1052 2406 errores
1072 2397 1082 2414 ‚
1107 2385 1186 2407 con-

182 2422 234 2448 tra
269 2416 432 2449 articulos
466 2417 559 2456 fidei,
593 2418 723 2450 etiamsi
757 2416 914 2449 fortassis
945 2417 1047 2460 aliqui
1071 2419 1186 2461 resipi-

183 2466 293 2492 scunt.

272 2547 417 2579 Primum
441 2548 553 2590 igitur,
577 2558 653 2580 cum
676 2549 838 2580 autoritas
861 2548 1040 2581 Ecclesiae
1063 2548 1186 2593 allega-

184 2599 248 2630 tur,
273 2592 504 2634 quaerendum
528 2598 591 2631 est,
614 2602 658 2623 an
681 2590 782 2624 fuerit
799 2603 901 2625 verae
913 2592 1092 2625 Ecclesiae
1106 2605 1185 2627 con—

184 2645 322 2675 sensus,
345 2646 537 2679 congruens
562 2646 638 2668 eum
661 2637 768 2668 verbo
792 2636 868 2669 Dei.

1332 234 1465 266 Deinde
1500 235 1676 267 dicendum
1701 241 1771 272 est,
1806 235 2000 276 Scriptores
2030 235 2084 277 qui
2121 239 2245 272 extant,

1245 289 1349 320 saepe
1373 278 1491 320 lapsos
1516 289 1611 317 esse,
1647 285 1680 310 et
1708 277 1866 310 fortassis
1891 277 2023 320 aliquos
2047 288 2090 309 ne
2114 278 2247 320 quidem

1245 323 1393 354 membra
1417 321 1595 354 Ecclesiae
1615 333 1702 354 esse.

1332 391 1446 423 Tertio
1480 392 1667 424 addendum
1702 398 1755 424 est
1783 391 1874 423 aliud
1899 392 2094 430 discrimen,
2130 392 2165 422 In
2188 389 2246 422 illo

1245 442 1360 473 coetu,
1396 437 1450 478 qui
1472 442 1613 471 vocatur
1637 435 1811 474 Ecclesia,
1847 442 1899 467 est
1927 437 2046 478 ingens
2070 433 2246 466 multitudo

1244 479 1431 520 impiorum,
1455 490 1596 521 quorum
1620 479 1771 522 plerique
1794 480 1997 511 antecedunt
2019 484 2177 510 caeteros
2189 488 2247 509 au-

1244 524 1391 561 toritate,
1411 524 1524 564 specie
1538 522 1721 565 religionis,
1747 524 1902 564 opinione
1922 523 2106 561 doctrinae,
2121 520 2247 557 Quales

1244 566 1379 598 suerunt
1402 567 1434 598 in
1459 565 1583 608 populo
1608 567 1706 605 luda,
1737 574 1887 608 tempore
1911 567 2110 604 Hieremiae,
2134 566 2247 597 Ponti-

1244 610 1327 641 fices
1352 617 1383 641 et
1408 611 1607 641 sacerdotes
1632 611 1730 652 impii,
1764 611 1819 653 qui
1844 617 1875 642 et
1898 611 1962 652 ipsi
1987 616 2107 641 contra
2131 609 2246 641 Hiere-

1243 654 1341 684 miam
1365 652 1559 696 allegabant
1582 655 1792 686 autoritatem
1816 654 1907 685 sedis
1932 665 1973 685 ac
1996 653 2093 696 legis,
2119 659 2150 685 et
2167 662 2245 694 pro-

1243 697 1440 728 missiones:
1487 697 1562 728 Non
1588 699 1706 738 peribit
1729 697 1801 728 Lex
1824 709 1844 728 a
1869 699 2116 736 sacerdotibus,
2143 707 2246 739 nega-

1244 742 1323 772 bant
1348 751 1445 772 suum
1470 748 1601 772 coetum
1627 752 1740 772 errare
1765 752 1884 782 posse,
1921 752 1994 772 eum
2019 748 2127 773 tamen
2152 751 2246 783 pror-

1242 795 1302 816 sus
1328 791 1493 822 errarent,
1518 790 1550 815 et
1574 785 1790 816 dissentirent
1816 785 2023 817 aHieremia.
2048 785 2141 822 ltem,
2166 791 2245 816 tem-

1241 838 1327 869 pore
1351 827 1476 860 Christi
1500 834 1594 860 erant
1617 829 1813 870 paucissimi
1838 829 1894 870 pii,
1918 828 2093 867 videlicet,
2117 827 2246 860 Zacha-

1242 873 1311 902 rias
1333 878 1365 903 et
1390 872 1538 903 Simeon.

1331 931 1436 964 Porro
1458 944 1533 965 cum
1552 934 1652 975 impia
1671 931 1847 964 multitudo
1873 933 2062 965 dominatur
2086 934 2116 964 in
2128 931 2246 964 Eccle-

1241 976 1304 1014 sia,
1331 977 1501 1008 constituit
1524 978 1659 1008 nomine
1683 975 1861 1008 Ecclesiae
1892 975 1997 1008 multa
2022 975 2110 1008 salsa
2134 982 2167 1007 et
2189 977 2246 1008 im-

1241 1021 1306 1060 pia.
1371 1019 1462 1051 Talis
1498 1019 1676 1052 multitudo
1707 1019 1863 1062 amplexa
1899 1027 1950 1052 est
1987 1019 2245 1062 applicationem

1241 1063 1422 1095 Missarum
1452 1075 1512 1105 pro
1538 1065 1624 1095 vivis
1650 1071 1681 1096 et
1705 1065 1862 1103 mortuis,
1899 1063 2009 1096 cultus
2035 1071 2189 1095 votorum
2214 1068 2246 1095 et

1241 1113 1449 1146 sanctorum,
1475 1115 1592 1149 postea
1613 1106 1799 1149 exemplum
1824 1108 1936 1140 nocuit
1950 1109 2024 1150 piis.
2055 1107 2148 1139 Talis
2162 1105 2245 1138 mul-

1241 1152 1346 1183 titudo
1383 1152 1482 1182 etiam
1512 1153 1544 1183 in
1564 1152 1703 1194 Synodo
1729 1153 1917 1190 constituit,
1955 1150 2143 1184 divellenda
2167 1161 2246 1182 esse

1242 1195 1398 1237 coniugia
1434 1196 1660 1227 sacerdotum.
1708 1195 1817 1236 Saepe
1847 1203 1956 1227 autem
1980 1196 2101 1227 accidit
2125 1196 2157 1226 in
2181 1194 2243 1226 Ec-

1240 1238 1358 1277 clesia,
1384 1246 1418 1269 ut
1443 1239 1543 1280 impii,
1568 1238 1777 1271 excellentes
1802 1240 1957 1282 ingeniis,
1983 1244 2118 1271 sumant
2141 1239 2243 1279 impe-

1240 1289 1294 1314 tus
1319 1283 1544 1314 constituendi
1569 1282 1766 1326 religionem
1790 1284 1936 1315 humana
1970 1283 2152 1325 sapientia,
2189 1282 2245 1324 qui

1241 1337 1316 1358 cum
1339 1337 1406 1358 non
1432 1334 1629 1358 moveantur
1653 1328 1758 1358 verbo
1778 1326 1853 1366 Dei,
1874 1328 1934 1359 sed
1958 1328 2121 1358 ducantur
2144 1327 2245 1358 ratio-

1239 1371 1291 1401 nis
1315 1370 1569 1412 imaginatione,
1602 1377 1633 1402 et
1657 1377 1820 1413 quaerant
1849 1371 2032 1402 concinnas
2057 1371 2244 1411 opiniones,

1240 1415 1382 1456 gignunt
1406 1414 1505 1455 impia
1529 1415 1706 1456 dogmata,
1732 1416 1818 1446 sicut
1843 1415 2104 1452 SamosatenuS,
2129 1413 2244 1452 Arius,

1240 1457 1412 1500 PelagiuS.
1459 1457 1527 1489 Alii
1552 1464 1716 1500 quaerunt
1740 1459 1875 1497 merita,
1900 1465 1955 1490 aut
1981 1464 2144 1501 quaerunt
2168 1467 2244 1500 spe-

1241 1503 1370 1533 ciosum
1396 1502 1565 1544 regimen,
1602 1508 1634 1533 et
1665 1502 1803 1541 εὐταξίαν
1826 1502 1959 1544 populi,
1997 1509 2029 1534 et
2053 1502 2104 1533 his
2131 1502 2245 1533 causis

1239 1552 1418 1577 moventur
1443 1546 1485 1576 ad
1509 1544 1732 1578 instituendos
1756 1552 1790 1578 et
1814 1546 2036 1578 cumulandos
2061 1545 2185 1584 cultus,
2208 1550 2245 1576 ut

1239 1589 1399 1621 Monachi
1420 1595 1450 1620 et
1477 1589 1675 1631 Gregorius,
1712 1596 1744 1621 et
1774 1589 1841 1621 hoc
1876 1596 2024 1631 tempore
2048 1589 2243 1628 Pontifices,

1241 1633 1428 1675 Principes,
1454 1640 1487 1664 et
1511 1632 1603 1664 multi
1628 1634 1689 1665 viri
1714 1634 1816 1672 docti,
1841 1635 2014 1675 cupientes
2039 1634 2245 1665 constituere

1239 1675 1448 1715 Ecclesiam,
1474 1684 1651 1708 moventur
1675 1678 1819 1709 humana
1843 1678 2022 1720 sapientia,
2058 1683 2090 1709 et
2115 1678 2243 1708 omisso

1240 1722 1345 1752 verbo
1360 1720 1435 1759 Dei,
1460 1719 1578 1752 volunt
1601 1720 1792 1753 Ecclesiam
1816 1722 1907 1753 iuxta
1931 1732 2012 1753 suas
2037 1721 2244 1764 imaginatio-

1239 1774 1301 1796 nes
1327 1765 1548 1803 constituere‚
1574 1765 1646 1797 Nec
1670 1766 1785 1797 vident
1809 1776 1888 1797 esse
1912 1764 2107 1796 horribilem
2130 1765 2243 1807 impie·

1239 1814 1353 1847 tatem,
1380 1809 1557 1840 discedere
1581 1820 1600 1840 a
1623 1810 1728 1841 verbo
1752 1808 1829 1848 Dei,
1853 1819 2017 1851 quaerere
2036 1808 2147 1840 Deum
2170 1809 2245 1840 sine

1239 1853 1356 1889 verbo,
1383 1851 1495 1884 cultus
1519 1853 1692 1885 instituere
1715 1852 1861 1885 humano
1885 1854 2036 1891 arbitrio,
2061 1853 2133 1884 sine
2151 1862 2243 1884 man-

1240 1896 1317 1927 dato
1335 1895 1410 1935 Dei,
1434 1907 1516 1928 vera
1540 1897 1699 1939 dogmata
1722 1903 1863 1936 mutare,
1886 1904 1919 1929 et
1942 1897 2133 1939 opprimere
2155 1897 2243 1939 puri-

1238 1946 1340 1971 tatem
1364 1941 1460 1972 verbi
1482 1940 1558 1972 Dei.

1329 2009 1413 2041 Cum
1436 2011 1538 2052 igitur
1561 2011 1717 2042 obiicitur
1740 2011 1903 2042 autoritas
1923 2009 2114 2048 Ecclesiae,
2138 2015 2176 2040 ut
2200 2009 2241 2041 de

1239 2053 1422 2085 Missarum
1446 2053 1683 2096 applicatione,
1708 2054 1863 2086 Ecclesia
1877 2065 1944 2086 non
1959 2060 2060 2092 errat,
2083 2052 2242 2085 Ecclesia

1240 2104 1289 2128 tot
1324 2097 1451 2129 seculis
1486 2097 1669 2140 applicavit
1691 2098 1830 2137 Missas,
1866 2098 1971 2141 lgitur
1993 2108 2069 2129 mos
2094 2104 2147 2129 est
2170 2107 2241 2129 ser-

1240 2142 1383 2173 vandus.

1327 2201 1613 2243 Respondendum
1638 2207 1689 2233 est
1709 2202 1751 2233 ad
1774 2204 1949 2235 maiorem:
1983 2201 2141 2235 Ecclesia
2169 2203 2241 2234 uni-

1242 2255 1356 2285 versa,
1377 2256 1462 2286 quae
1487 2252 1539 2276 est
1562 2244 1739 2277 multitudo
1754 2247 1994 2278 dominantium
2016 2247 2049 2278 in
2073 2245 2241 2281 Ecclesia,

1239 2294 1353 2330 potest
1377 2299 1503 2327 errare,
1528 2290 1613 2320 sicut
1639 2291 1797 2322 errabant
1811 2290 2006 2329 Pontifices,
2030 2296 2063 2322 et
2085 2290 2242 2322 sacerdo-

1239 2338 1305 2370 tes,
1340 2332 1500 2365 leremiae
1534 2339 1592 2364 aut
1614 2332 1741 2365 Christi
1775 2340 1938 2375 tempore.
1982 2333 2025 2365 Et
2049 2344 2242 2376 quanquam

1239 2382 1376 2417 praeter
1399 2374 1490 2408 illam
1513 2376 1755 2409 multitudinem
1779 2384 1858 2409 sunt
1880 2377 1983 2420 aliqui
2006 2378 2062 2420 pii,
2088 2381 2143 2420 qui
2166 2377 2242 2409 reti-

1240 2426 1320 2451 nent
1340 2419 1500 2451 articulos
1521 2420 1610 2459 fidei,
1636 2427 1746 2452 tamen
1758 2420 1792 2452 hi
1817 2432 1953 2464 quoque
1975 2423 2057 2453 moti
2076 2419 2241 2463 exemplis

1241 2464 1473 2496 assentiuntur
1486 2465 1687 2506 quibusdam
1700 2466 1884 2497 erroribus.
1909 2465 1955 2496 Ita
1969 2465 2017 2504 fit,
2030 2471 2066 2497 ut
2077 2464 2240 2497 articulos

1240 2507 1319 2539 fidei
1354 2509 1463 2540 minus
1493 2518 1598 2549 puros
1622 2509 1797 2547 retineant,
1850 2509 1944 2540 Sicut
1967 2510 2099 2541 videtur
2133 2509 2240 2541 Bern-

1238 2550 1365 2583 hardus
1391 2552 1600 2583 commodius
1614 2553 1778 2591 sensisse,
1797 2563 1896 2595 quam
1916 2554 2052 2593 caeteri,
2076 2554 2138 2585 etsi
2158 2551 2240 2585 mul-

1239 2595 1282 2628 tis
1317 2596 1491 2627 erroribus
1516 2596 1681 2635 assensit,
1714 2602 1751 2628 ut.
1774 2597 1895 2628 abusui
1918 2596 2111 2637 Missarum,
2145 2602 2239 2640 pote-

1240 2639 1318 2671 stati
1341 2638 1553 2679 Pontificiae,
1587 2640 1694 2678 votis,
1729 2638 1832 2673 cultui
1856 2640 2068 2673 Sanctorum.
