2383 2990
161 145 225 175 503
785 144 896 175 PfflL.
915 144 1018 175 MEL.
1038 119 1224 177 SCRwTA
1241 145 1519 178 DOGMATICA.
2111 149 2177 182 504

160 239 234 281 Ego
258 240 399 281 gestabo
424 248 497 276 VOS,
520 239 606 269 sicut
629 244 782 279 pastores
800 249 907 281 agnos
930 249 1050 272 recens
1073 240 1141 272 edi-

161 288 214 313 tos
232 283 265 314 in
289 283 414 325 gremio
438 292 499 313 suo
524 289 665 323 gestant.

588 444 704 476 XXIII.

244 539 322 571 Ideo
346 538 470 571 Paulus
502 540 619 581 inquit:
655 539 789 571 Habitat
816 541 848 571 in
873 539 1016 571 Christo
1038 539 1140 581 pleni-

159 583 236 614 tudo
260 583 439 614 divinitatis
469 582 698 624 corporaliter.
745 583 807 614 Hic
830 583 894 614 duo
919 590 995 614 sunt
1026 585 1141 615 discri-

156 627 255 664 mina,
280 636 365 667 quae
388 627 437 657 sic
461 627 669 667 interpretor.
710 627 746 658 In
769 626 842 658 aliis
866 627 990 657 sanctis
1014 627 1141 658 habitat

156 668 250 700 Deus
274 668 518 710 separabiliter,
544 670 669 701 docens
693 677 725 701 et
747 680 885 702 movens·
909 680 985 708 eos,
1019 676 1051 701 et
1075 681 1141 701 non

156 718 257 743 totam
293 714 489 754 sapientiam
524 719 555 744 et
589 714 697 744 onmia
731 713 819 744 dona
848 713 977 751 tribuit,
1013 714 1073 744 sed
1108 714 1140 744 in

156 753 292 787 Christo
315 756 442 787 habitat
465 757 655 795 σωματικοῖς,
685 757 718 787 id
742 763 804 795 est,
837 757 893 794 ita,
929 761 964 787 nt
987 757 1052 786 sint
1075 767 1140 787 una

156 808 300 839 persona
322 800 408 838 λόγος
431 805 463 830 et
484 806 601 830 natura
625 806 785 837 assumta,
822 806 852 830 et
882 800 944 829 sint
967 798 1030 829 hae
1056 799 1141 830 duae

155 848 294 873 naturae
328 842 594 883 inseparabiliter
626 843 757 874 iunctae
786 844 818 873 in
843 849 911 873 tota
934 843 1139 873 aeternitate.

156 884 241 916 Nam
263 892 299 916 ut
323 896 384 916 nos·
409 886 545 917 dicimus
566 889 653 917 nunc
671 887 792 917 usitato
811 895 965 916 sermone
984 895 1140 926 persona,

157 929 206 959 sic
231 928 352 959 Graeci
377 930 527 963 dixerunt
552 930 651 967 σῶμα.
697 929 739 959 Et
774 940 847 960 cum
881 928 967 967 λόγος
1001 929 1033 958 in
1067 939 1140 968 per-

158 981 242 1002 sona
266 971 389 1003 Christi
420 973 461 1002 sit
498 971 720 1002 essentialiter
742 971 855 1009 Deus,
890 972 934 1002 ibi
969 970 1138 1012 plenitudo

157 1021 206 1045 est
219 1015 396 1055 potentiae,
419 1015 618 1057 sapientiae,
641 1015 795 1053 iustitiae,
820 1016 921 1053 vitae,
941 1021 973 1046 et
996 1015 1140 1046 oninium

157 1059 328 1089 donorum.

1194 241 1267 272 sinu
1290 241 1417 272 aeterni
1431 241 1551 279 Patris,
1578 247 1610 273 et
1635 241 1847 273 credentibus
1870 243 2014 274 ostendit
2035 249 2175 285 patrem.

1194 283 1383 315 IUSTITIA
1406 290 1469 322 est,
1503 285 1579 326 quia
1615 291 1751 326 propter
1785 295 1859 316 eum
1883 286 2002 317 dantur
2023 287 2176 319 remissio

1192 334 1405 367 peccatorum
1421 333 1452 358 et
1464 327 1702 366 reconciliatio,
1727 338 1791 369 qua
1811 339 1924 360 coram
1938 329 2011 360 Deo
2028 330 2116 369 iusti,
2143 330 2177 361 id

1194 376 1256 408 est,
1281 371 1408 411 accepti
1427 380 1551 402 sumus.
1592 371 1653 402 Est
1676 378 1707 402 et
1730 371 2076 411 SANCTIFICATIO,
2100 373 2178 415 quia

1192 424 1252 454 per
1274 424 1348 444 eum
1372 414 1556 445 immediate
1580 425 1667 446 nova
1690 413 1746 445 lux
1780 415 1811 446 in
1834 416 2000 446 mentibus
2024 416 2177 447 accendi-

1193 463 1255 496 tur,
1279 463 1312 487 et
1336 457 1521 488 ostenditur
1544 456 1701 488 voluntas
1727 457 1846 495 Patris,
1871 464 1904 489 et
1927 459 2023 489 datur
2036 450 2176 500 S‘piritus

1192 505 1340 531 sanctus.
1398 499 1458 530 Est
1493 506 1525 531 et
1546 499 1791 538 REDEMTIO,
1835 501 1868 531 {d
1899 507 1961 539 est,
2004 500 2177 541 liberator,

1192 552 1251 583 per
1285 553 1382 584 quem
1417 544 1563 574 redemta
1600 549 1651 574 est
1684 542 1856 581 Ecclesia,
1899 550 1931 575 et
1964 543 2124 576 liberatur
2156 556 2177 576 a

1192 591 1297 615 morte
1332 592 1483 623 aeterna,
1519 592 1551 617 et
1587 587 1729 617 donatur
1753 585 1860 628 gloria
1883 593 1916 618 et
1938 588 2005 618 vita
2028 594 2175 619 aeterna.

1192 628 1252 659 Est
1275 635 1384 659 autem
1408 635 1439 660 et
1463 628 1548 660 haec
1572 630 1752 669 descriptio
1783 629 1958 661 effectuum
1982 629 2106 662 Christi
2129 637 2176 662 te-

1193 672 1392 709 stimonium,
1416 673 1504 713 quod
1535 673 1577 703 sit
1601 673 1820 713 omnipotens.
1867 673 1919 704 Ac
1941 674 2106 714 pertinent
2129 674 2176 705 di-

1193 720 1245 745 cta
1269 715 1310 745 de
1334 715 1490 746 missione
1506 722 1584 746 ante
1603 716 1840 747 assumtionem
1859 714 2023 747 humanae
2039 722 2177 749 naturae

1192 758 1233 788 ad
1259 757 1347 788 hanc
1369 759 1648 799 propositionem,
1683 758 1857 797 videlicet,
1891 758 2062 790 Abraham
2095 760 2177 792 vidit

1192 801 1278 831 diem
1301 811 1407 831 meum
1430 807 1464 832 et
1486 800 1629 832 laetatus
1654 808 1716 833 est.
1746 804 1834 840 Item,
1857 802 2045 844 Antequam
2068 803 2177 835 Abra-

1191 843 1267 874 ham
1292 850 1390 874 natus
1414 851 1477 883 est,
1507 855 1570 885 ego
1595 855 1676 875 sum⁴
1724 845 1815 883 Item,
1846 844 1898 883 τήν
1927 844 2022 885 ἀρχήν
2052 844 2099 877 ὅτι
2125 848 2177 876 καὶ

1191 887 1272 917 λαλῶ
1295 886 1373 926 ὑμῖν.
1397 887 1489 925 Item,
1525 887 1640 924 Filius,
1665 889 1719 929 qui
1744 894 1794 918 est
1817 889 1849 918 in
1872 889 1947 919 sinu
1960 888 2081 927 Patris,
2104 889 2178 930 ipse

1192 931 1359 960 enarravit
1371 931 1478 960 nobis.
1509 930 1601 967 Item,
1621 930 1671 961 Ex
1684 930 1886 971 plenitudine
1899 931 1969 962 eius
1983 941 2046 962 nos
2060 942 2176 963 omnes

1192 973 1392 1013 accepimus,
1426 974 1530 1015 inquit
1554 973 1714 1014 Baptista,
1751 974 1874 1005 Omnes
1898 974 2016 1005 Patres
2041 980 2073 1005 et
2095 973 2177 1006 Pro-

1190 1015 1310 1056 phetas
1335 1017 1510 1057 accepisse
1533 1015 1749 1058 Evangelium
1786 1024 1818 1048 et
1853 1016 2110 1048 vivificationem
2144 1023 2176 1049 et

1190 1059 1349 1090 iustitiam
1382 1060 1424 1090 ad
1458 1060 1559 1090 vitam
1592 1066 1773 1098 aeternam,
1809 1060 1909 1091 dante
1942 1059 2008 1091 hoc
2030 1059 2112 1091 Filio
2143 1067 2176 1092 et

1140 1123 1148 1131 ,
1190 1107 1326 1143 propter
1350 1113 1434 1134 eum.

579 1185 712 1218 XXIIII.

243 1281 371 1313 Primae
396 1281 543 1314 Corinth
560 1281 610 1312 10.
645 1280 770 1313 Paulus
793 1279 947 1319 affirmat,
971 1280 1139 1313 Christum

154 1324 305 1357 adfuisse
338 1325 462 1367 populo
498 1324 602 1356 Isra'e'l
636 1326 668 1356 in
702 1326 844 1356 deserto.
895 1325 1061 1356 Bibebant
1096 1336 1138 1356 ex

155 1367 318 1410 spirituali
353 1371 528 1400 comitante
563 1378 622 1399 eos
656 1374 761 1409 petra,
792 1368 891 1399 Petra
924 1374 1033 1399 autem
1067 1374 1139 1399 erat

158 1411 323 1443 Christus.
370 1412 462 1443 Haec
485 1412 574 1442 dicta
597 1422 681 1453 quae
711 1410 876 1442 affirmant
905 1417 982 1442 ante
1011 1422 1138 1443 assum·

155 1455 279 1486 tionem
303 1461 440 1486 naturae
466 1455 630 1486 humanae
653 1453 802 1486 adfuisse
824 1453 998 1485 Ecclesiae
1022 1455 1138 1486 Filium

154 1497 232 1537 Dei,
250 1499 391 1529 maxime
414 1499 593 1539 perspicue
617 1498 795 1529 ostendunt.
825 1497 912 1536 λόγον
940 1497 1139 1538 ὑφιστάμενον

154 1552 242 1576 esse,
267 1547 299 1572 et
323 1541 494 1572 declarant
512 1542 703 1572 missionem
721 1541 761 1571 ad
778 1539 970 1576 Ecclesiam,
995 1547 1026 1572 et
1050 1541 1139 1582 quod

154 1595 286 1625 semper
309 1595 369 1625 per
392 1585 498 1626 ipsum
521 1585 706 1615 immediate
730 1582 871 1615 collecta
905 1584 948 1614 sit
983 1590 1014 1615 et
1047 1583 1139 1615 colli-

155 1636 253 1670 gatur
276 1626 440 1666 Ecclesia,
467 1635 497 1659 et
528 1629 617 1669 quod
640 1628 714 1658 ideo
738 1627 821 1658 haec
843 1636 988 1668 persona
1011 1638 1139 1658 assum-

154 1674 235 1704 serit
258 1677 407 1702 naturam
430 1671 624 1708 humanam,
657 1671 734 1712 quia
767 1670 850 1701 haec
885 1671 958 1710 ipsa
992 1680 1137 1711 persona

154 1715 197 1745 ad
228 1713 449 1756 colligendam
477 1714 663 1745 EcclesIam
692 1714 795 1744 missa
830 1719 892 1744 est.
943 1713 1065 1744 Notum
1095 1714 1138 1744 sit
1162 1720 1164 1734 ¹

154 1758 254 1800 igitur
278 1764 310 1789 et
333 1756 559 1788 dulcissimum
584 1759 706 1789 dictum
722 1757 848 1787 Irenaci
870 1756 955 1787 libro
969 1756 999 1788 3.
1021 1767 1092 1797 cap.
1105 1757 1136 1787 ⁵2.

154 1802 211 1834 ubi
233 1799 377 1832 affirmat
407 1802 492 1840 λόγον
527 1811 604 1832 esse
638 1810 817 1842 personam
852 1806 883 1831 et
917 1810 1048 1840 semper
1081 1800 1136 1831 ad-

152 1843 260 1876 fuisse
283 1844 475 1881 Ecclesiae,
510 1845 608 1875 etiam
642 1850 816 1885 antequam
845 1845 1001 1874 assumsit
1024 1842 1137 1874 huma·
1162 1851 1165 1893 1

153 1898 229 1919 nam
253 1894 414 1918 naturam.
461 1887 575 1918 Verba
599 1887 726 1918 Irenaei
749 1885 833 1917 haec
857 1893 949 1917 sunt:
991 1887 1137 1917 Ostenso

153 1929 345 1969 manifeste,
378 1931 468 1972 quod
502 1930 600 1968 hunc,
635 1931 689 1971 qui
720 1940 740 1960 a
762 1930 924 1970 principio
960 1929 1046 1969 λόγος
1079 1928 1139 1960 fuit

154 1974 241 2014 apud
264 1973 390 2012 Deum,
419 1985 479 2015 per
508 1984 606 2015 quem
635 1974 744 2004 omnia
777 1971 866 2003 facta
895 1979 983 2010 sunt,
1018 1974 1072 2014 qui
1108 1978 1138 2003 et

156 2027 289 2057 semper
317 2017 431 2048 aderat
463 2016 608 2048 humano
633 2017 757 2058 generi,
792 2016 980 2047 novissimis
1016 2022 1138 2057 tempo-

154 2061 246 2091 ribus
271 2061 453 2091 secundum
473 2060 683 2101 praefinitum
700 2066 829 2100 tempus
848 2069 867 2090 a
881 2059 990 2097 Patre,
1013 2060 1140 2090 unitum

154 2113 216 2134 suo
240 2101 402 2144 plasmati,
426 2102 617 2144 passibilem
640 2102 805 2134 hominem
828 2101 949 2133 factum
972 2103 1067 2133 misit.

243 2188 317 2220 Sint
336 2190 436 2230 igitur
458 2190 490 2220 in
516 2196 701 2230 conspectu
724 2189 921 2227 testimonia,
945 2199 1029 2230 quae
1053 2187 1141 2219 affir-
1165 2128 1169 2229 i

156 2238 257 2269 mant,
287 2243 420 2274 semper
442 2231 590 2263 adfuisse
614 2231 787 2263 Ecclesiae
812 2231 938 2262 Filium.
984 2232 1034 2262 Fit
1057 2233 1142 2263 enim

157 2276 324 2306 invocatio
349 2276 530 2314 ardentior,
555 2287 628 2306 cum
652 2276 717 2307 hoc
741 2274 885 2306 officium
906 2275 978 2306 Filii
1002 2282 1032 2306 et
1057 2274 1142 2306 hanc
1167 2284 1169 2287 ·

154 2317 406 2350 familiaritatem
430 2320 602 2350 nobiscum
628 2319 823 2360 cogitamus,
846 2317 934 2360 quod
950 2319 993 2349 sit
1008 2319 1141 2357 missus,
1167 2291 1170 2346 l

155 2369 189 2392 ut
221 2372 353 2402 semper
386 2361 522 2403 colligat
546 2360 752 2399 Ecclesiam,
786 2369 897 2393 servet
927 2362 1141 2392 ministerium

156 2404 340 2446 Evangelii,
374 2407 417 2436 sit
454 2404 576 2436 efticax
601 2406 801 2447 cogitatione
835 2404 1021 2446 Evangelii,
1057 2406 1140 2436 sicut

157 2448 296 2479 diCitur:
333 2448 548 2490 Evangelium
578 2455 627 2479 est
650 2450 797 2490 potentia
828 2447 891 2479 Dei
925 2449 967 2479 ad
1001 2447 1141 2479 salutem

158 2491 245 2521 omni
276 2493 432 2523 credenti.
484 2492 562 2522 ltem
587 2491 740 2523 Christus
776 2497 827 2522 est
860 2492 956 2522 nobis
991 2490 1097 2522 factus
1121 2502 1139 2522 a
1164 2514 1168 2534 ί

158 2533 231 2565 Deo
256 2536 429 2575 sapientia,
452 2536 585 2573 iustitia,
610 2535 828 2566 sanctificatio
853 2541 886 2566 et
907 2535 1078 2565 redemtio.
1164 2536 1168 2542 '

243 2619 479 2651 SAPIENTIA
508 2627 576 2660 est,
610 2622 686 2662 quia
708 2619 834 2662 profert
855 2619 1073 2662 Evangelium
1096 2630 1138 2651 ex

1628 1247 1737 1280 XXV.

1277 1323 1384 1356 Valde
1408 1324 1604 1356 confirmant
1632 1326 1719 1366 piam
1742 1330 1883 1357 mentem
1907 1326 2111 1368 cogitantem
2134 1326 2176 1357 de

1191 1369 1358 1400 divinitate
1392 1369 1424 1399 in
1452 1367 1534 1398 Fssio
1561 1367 1642 1406 Dei,
1676 1369 1764 1400 dicta
1798 1379 1884 1410 quae
1917 1368 2100 1410 loquuntur
2133 1369 2176 1400 de

1189 1412 1376 1454 praesentia
1399 1411 1470 1442 eius
1492 1412 1525 1441 in
1544 1410 1699 1442 Ecclesia
1722 1417 1798 1442 ante
1821 1412 2023 1442 nativitatem
2047 1421 2089 1442 ex
2110 1411 2175 1443 vir-

1190 1456 1277 1497 gine.
1324 1453 1429 1486 Simul
1452 1459 1560 1485 autem
1584 1454 1749 1496 cogitetur
1773 1455 1813 1486 de
1839 1454 2088 1495 omnipotentia,
2110 1465 2176 1496 qua

1191 1504 1222 1529 et
1245 1504 1324 1528 tunc
1345 1496 1404 1528 fuit
1428 1497 1558 1536 efficax,
1592 1504 1625 1528 et
1648 1498 1766 1528 eodem
1790 1498 1889 1528 modo
1913 1496 2036 1529 efficax
2066 1504 2119 1529 est
2141 1498 2175 1528 in

1189 1540 1344 1572 Ecclesia
1362 1546 1438 1582 post
1457 1547 1639 1571 assumtam
1660 1540 1835 1571 humanam
1849 1546 2011 1571 naturam.
2045 1540 2130 1572 Nam
2143 1546 2177 1572 et

1190 1584 1274 1615 haec
1288 1585 1374 1615 dicta
1394 1585 1434 1614 de
1447 1584 1681 1624 omnipotentia
1696 1590 1772 1614 sunt
1785 1584 1973 1614 testimonia
1986 1583 2175 1615 divinitatis.

1190 1628 1385 1658 Nominatur
1409 1626 1563 1657 Christus
1588 1632 1686 1668 caput
1709 1625 1882 1658 Ecclesiae
1904 1626 2028 1667 Ephes.
2044 1627 2072 1658 l.
2107 1625 2176 1658 De-

1191 1671 1236 1701 dit
1267 1681 1340 1701 eum
1375 1676 1474 1710 caput
1508 1680 1609 1710 super
1644 1671 1753 1700 omnia
1775 1668 1967 1707 Ecclesiae,
2002 1679 2088 1711 quae
2123 1675 2176 1701 est

1192 1724 1314 1755 corpus
1339 1714 1409 1744 eius
1433 1714 1610 1755 integrum,
1645 1712 1847 1754 perficientis
1882 1713 1991 1743 onmia
2014 1714 2047 1744 in
2071 1714 2174 1743 onmi-

1190 1758 1263 1788 bus.
1315 1756 1483 1797 Expresso
1516 1763 1625 1787 autem
1659 1754 1804 1787 fatentur
1836 1756 2020 1796 scriptores
2054 1754 2112 1786 lib.
2142 1755 2173 1787 3.

1162 1789 1428 1849 'sententiarum
1462 1800 1673 1830 distinctione
1704 1799 1753 1830 13.
1804 1799 1934 1830 Nomen
1969 1799 2087 1841 capitis
2121 1799 2176 1830 tri-

1191 1844 1245 1874 bui
1280 1844 1340 1875 toti
1373 1853 1550 1884 personae,
1585 1848 1617 1873 et
1651 1841 1735 1873 alias
1769 1843 1888 1873 additis
1919 1842 2175 1883 proprietatibus

1193 1892 1382 1927 competere
1405 1887 1434 1916 ei
1458 1887 1643 1917 secundum
1671 1885 1850 1917 humanam
1884 1890 2054 1923 naturam,
2088 1883 2173 1916 alias

1192 1930 1375 1961 secundum
1399 1930 1551 1960 divinam.

1278 2015 1338 2046 Est
1358 2021 1455 2056 caput
1479 2013 1642 2052 efficacia,
1664 2013 1882 2055 perfectione,
1913 2013 2029 2046 merito
2060 2019 2092 2044 et
2122 2023 2175 2044 or-

1193 2059 1278 2090 dine.
1324 2058 1468 2089 Primum
1498 2057 1660 2095 efficacia,
1695 2058 1771 2098 quia
1805 2056 1889 2088 haec
1922 2067 2068 2097 persona
2100 2066 2176 2097 pro-

1193 2103 1263 2143 prie
1297 2103 1401 2132 missa
1436 2108 1498 2139 est,
1532 2106 1567 2131 ut
1600 2100 1785 2131 immediate
1818 2111 1877 2141 per
1911 2110 1983 2131 eam
2019 2106 2175 2131 aeternus

1194 2146 1293 2176 Pater
1316 2143 1453 2186 colligat
1465 2143 1666 2175 Ecclesiam.
1703 2143 1793 2174 Haec
1817 2153 1962 2184 persona
1985 2143 2076 2174 initio
2099 2153 2176 2183 pro—

1194 2188 1257 2219 fert
1280 2187 1511 2229 Evangelium.
1535 2198 1593 2227 per
1617 2198 1688 2217 eam
1712 2187 1897 2218 immediate
1918 2187 2026 2217 Adam
2050 2192 2082 2217 et
2104 2186 2177 2217 Eva

1194 2231 1417 2263 vivificantur:
1452 2231 1560 2261 Adest
1594 2229 1784 2270 Ecclesiae,
1820 2236 1851 2260 et
1885 2240 1957 2261 eam
1990 2229 2176 2260 immediate

1196 2276 1354 2311 viviticat,
1390 2280 1570 2311 sustentat,
1606 2280 1637 2304 et
1673 2280 1796 2304 servat.
1843 2272 1906 2303 Per
1930 2282 2001 2303 eam
2024 2271 2120 2303 Nohe
2142 2272 2174 2302 in

1195 2329 1290 2355 arca,
1320 2319 1460 2358 populus
1484 2318 1515 2348 in
1539 2318 1620 2347 mari
1647 2318 1764 2353 rubro,
1791 2322 1858 2347 tres
1882 2317 1943 2347 viri
1966 2315 1998 2346 in
2022 2314 2175 2352 flammiS‚

1195 2368 1225 2391 et
1250 2362 1283 2392 in
1306 2371 1432 2391 summa
1455 2361 1611 2391 universa
1626 2359 1779 2390 Ecclesia
1800 2359 1984 2390 immediate
2007 2369 2066 2399 per
2088 2358 2176 2389 hanc

1196 2415 1371 2445 personam
1395 2411 1561 2435 servatur:
1592 2403 1647 2434 Sic
1671 2403 1774 2444 inquit
1800 2401 1922 2433 Paulus
1952 2402 1984 2432 in
2009 2400 2174 2443 Ephesiis,

1194 2446 1359 2477 Perficere
1381 2457 1454 2478 eum
1480 2448 1588 2478 omnia
1611 2447 1642 2477 in
1667 2447 1836 2483 omnihus,
1871 2454 1901 2476 et
1926 2455 2027 2485 supra
2051 2445 2174 2475 dictum

1193 2497 1259 2521 est:
1284 2489 1355 2531 Ego
1380 2491 1481 2521 vitam
1505 2496 1674 2521 aeternam
1699 2490 1742 2519 do
1766 2490 1826 2520 eis.
1872 2488 1971 2526 Item,
1995 2487 2088 2523 Quos
2112 2488 2173 2518 Pa-

1192 2540 1242 2564 ter
1264 2533 1421 2571 vivificat,
1445 2533 1507 2564 hos
1533 2540 1563 2564 et
1586 2531 1688 2564 Filius
1712 2532 1869 2563 vivificat.
1905 2531 1997 2562 Haec
2020 2529 2173 2561 efficacia

1191 2583 1241 2607 est
1266 2577 1381 2617 capitis
1404 2577 1591 2617 praesentis
1614 2576 1647 2606 in
1670 2574 1842 2613 Ecclesia,
1877 2574 2059 2606 secundum
2091 2573 2173 2604 divi-

1190 2630 1266 2651 nam
1289 2626 1450 2651 naturam.

2322 2188 2336 2267 —„'”*=
2324 2139 2327 2149 s
