2383 2990
162 123 227 156 383

160 218 340 255 victimam,
373 220 424 248 καὶ
457 220 597 256 neo-rim
631 217 684 246 καὶ
716 216 808 253 ἱκέτην
832 223 921 252 esse,
956 211 1100 245 mirabili
1119 219 1152 245 et

159 260 375 294 inenarrabili
401 259 553 297 consilio,
577 264 609 290 et
631 259 794 290 immensa
817 259 984 296 bonitate,
1019 263 1053 289 et
1075 268 1151 290 san-

161 305 287 346 ctifica,
322 315 374 336 me
398 304 523 345 Spiritu
545 309 602 333 tuo
626 307 761 340 sancto,
797 308 892 333 casto
912 307 946 333 et
968 302 1094 340 veraci,
1118 307 1153 333 ut

159 355 192 381 te
227 359 423 391 agnoscam,
456 348 619 385 invocem,
655 347 787 377 timeam
822 352 855 377 et
879 344 1152 388 diligan1.verum

160 392 270 424 Deum
294 392 572 432 omnipotentem,
607 391 808 431 sapientem,
839 396 970 421 eastum
1004 395 1037 421 et
1059 399 1154 421 vera-

159 447 232 467 cem
267 442 440 466 aeternum
459 433 591 465 Patrem
614 432 751 465 Domini
778 435 886 465 nostri
916 433 993 465 Iesu
1016 432 1151 472 Christi,

160 487 193 511 et
215 478 396 510 Dominum
430 484 583 509 nostrum
606 477 715 508 lesum
740 476 910 509 Christum
940 483 973 509 et
996 476 1153 518 Spiritum

159 528 324 560 sanctum,
350 522 405 563 qui
429 528 462 553 te
484 519 672 563 patefecisti
696 522 798 553 misso
822 520 918 560 Filio,
943 520 1067 563 collige
1089 520 1153 552 Ec-

161 565 297 598 clesiam
331 567 417 598 inter
450 575 526 603 1105,
558 565 601 596 (13
637 563 798 596 salutaria
828 571 860 596 et
893 565 949 607 pia
979 565 1154 607 regimina,

158 617 301 653 protege
323 620 376 641 me
397 617 429 641 et
441 608 599 641 familiam
612 619 732 647 meam,
751 609 910 651 oppidum
921 615 1074 640 nostrum
1088 614 1152 640 etc.

290 817 354 850 AD
402 817 569 858 [FiLmM
604 816 743 849 IESUM
778 815 1020 855 CHRISTUM]

502 863 816 919 MEDLATOREM.

249 1018 467 1059 Omnipotens
490 1016 635 1048 Domine
662 1016 739 1048 lesu
762 1015 886 1048 Christi
909 1014 971 1047 Fili
995 1015 1059 1047 Dei
1085 1015 1154 1055 λόγε

159 1064 210 1094 καὶ
243 1062 332 1093 εἰκών
365 1061 448 1092 ‹iz-6⁶2
477 1060 585 1092 ἀϊδίου.
634 1058 808 1098 Ε1113111181,
842 1065 919 1091 11318
943 1070 983 1090 ex
1014 1060 1154 1102 virgine,

162 1105 321 1138 crucifixe
343 1116 404 1147 pro
427 1105 525 1136 nobis
551 1110 583 1135 et
606 1105 821 1141 resuscitate,
845 1103 900 1145 qui
920 1113 956 1134 es
981 1102 1154 1134 Sacerdos

160 1150 194 1182 in
217 1155 401 1187 aeternum,
422 1149 546 1179 sedens
567 1148 609 1179 ad
634 1148 807 1179 dexteram
832 1148 958 1178 aeterni
976 1145 1099 1186 Patris,
1124 1153 1153 1178 et

160 1203 198 1225 es
222 1193 423 1234 deprecator
446 1203 506 1233 pro
531 1192 640 1230 nobis,
665 1192 814 1233 sapienS,
839 1191 938 1228 bone,
961 1201 1076 1229 verax,
1101 1201 1156 1222 ca—

160 1244 224 1275 ste,
242 1237 342 1267 iudex
364 1236 560 1274 iustissime,
584 1235 788 1272 misericors,
811 1233 998 1274 liberrime,
1029 1235 1084 1276 qui
1108 1234 1156 1265 di-

159 1280 252 1312 xisti:
278 1280 400 1311 Venite
422 1280 466 1311 ad
486 1289 538 1310 me
558 1290 686 1317 omnes,
710 1279 765 1320 qui
789 1278 952 1309 laboratis
977 1285 1009 1310 et
1027 1278 1155 1309 onerati

161 1324 256 1363 estis,
280 1334 344 1366 ego
369 1323 518 1355 reficiam
539 1333 616 1362 vos.
641 1323 801 1354 miserere
823 1322 903 1361 mei,
928 1328 961 1353 et
983 1322 1156 1353 intercede

158 1378 222 1410 pro
241 1378 293 1398 me
317 1368 407 1409 apud
429 1373 603 1398 aeternum
626 1367 759 1398 Patrem
781 1372 892 1404 tuum,
927 1372 960 1397 et
983 1365 1157 1397 sanctifica

159 1422 213 1443 me
238 1411 364 1452 Spiritu
388 1417 507 1442 sancto
532 1417 600 1449 tuo,
625 1409 749 1452 collige
772 1410 830 1441 tibi
852 1411 938 1440 inter
961 1420 1024 1442 nos
1037 1408 1156 1441 Eccle-

160 1456 256 1494 siam,
281 1462 312 1486 et
336 1465 410 1486 eam
436 1455 598 1497 guberna,
624 1455 709 1485 sicut
735 1454 863 1484 dixisti:
886 1453 954 1484 Ero
978 1453 1157 1485 vobiscum

158 1509 269 1540 usque
303 1499 345 1529 ad
380 1498 700 1530 consummationem
723 1496 847 1535 seculi,
875 1498 918 1528 da
941 1495 1101 1528 salutaria
1125 1503 1157 1528 et,

159 1543 215 1585 pia
239 1543 411 1585 regimina,
435 1548 576 1583 protege
600 1551 652 1572 me
676 1547 709 1572 et
731 1539 888 1572 familiam
912 1551 1031 1579 meam,
1056 1546 1088 1572 et
1101 1541 1156 1572 de-

160 1585 251 1628 pelle
274 1597 291 1617 a
317 1587 415 1617 nobis
438 1584 607 1617 Diabolos
631 1584 748 1616 hostes
772 1591 920 1623 nostros,
954 1585 1041 1616 sicut
1077 1585 1158 1616 dixi-

161 1630 219 1661 sti:
241 1630 350 1662 Nemo
372 1630 477 1671 rapiet
503 1640 585 1661 oves
608 1639 701 1660 meas
725 1639 766 1660 ex
788 1629 943 1660 manibus
966 1629 1061 1660 meis.

1182 2250 1186 2354 l

437 1815 512 1855 DE
546 1813 883 1856 CREATIONE.

425 1935 593 1966 Factorem
616 1936 698 1966 coeli
720 1939 754 1966 et
772 1938 892 1965 terrae.

250 2054 323 2087 Etsi
358 2054 522 2087 naturalis
557 2056 642 2087 ratio
677 2054 710 2086 in
732 2053 922 2085 hominibus
949 2054 1158 2086 convincitur

163 2099 281 2131 ordine
312 2110 490 2141 col-potum
525 2100 661 2138 mundi,
702 2105 734 2130 et
768 2105 915 2129 motuum
950 2097 1157 2137 coelestium,

165 2143 424 2175 conservatione
444 2144 644 2185 specierum,
670 2148 698 2173 et
725 2143 800 2184 ipsa
823 2141 969 2173 naturali
983 2142 1097 2173 notitia
1112 2141 1158 2173 le-

164 2188 216 2229 gis
235 2187 268 2217 in
292 2188 469 2225 mentibus,
503 2194 538 2218 ut
563 2186 659 2218 fateri
687 2192 828 2229 cogatur
852 2196 929 2217 esse
952 2185 1073 2224 Deum,
1108 2196 1159 2217 sa—

162 2231 319 2272 pientem,
345 2231 480 2269 bonum,
504 2241 671 2267 veracem,
695 2231 829 2264 iustum,
850 2237 881 2261 et
906 2241 926 2261 a
944 2229 1020 2261 Deo
1045 2230 1156 2260 condi-

163 2280 231 2306 tum
256 2284 333 2306 esse
357 2275 531 2313 mundum,
567 2281 676 2306 tamen
701 2274 731 2305 in
756 2273 819 2304 hac
842 2273 1033 2305 infirmitate
1056 2272 1159 2304 homi-

163 2328 242 2349 num
264 2317 426 2359 languida
451 2324 503 2349 est
526 2319 694 2356 assensio,
731 2323 763 2348 et
787 2316 985 2359 Philosophi
1020 2316 1158 2348 affinxe-

162 2368 239 2392 runt
265 2361 385 2393 multos
411 2368 516 2393 tetros
541 2360 686 2400 furores,
709 2362 784 2392 ideo
808 2362 841 2392 ia
866 2360 1020 2393 Ecclesia
1044 2361 1158 2392 divini·
1182 2358 1186 2441 ἢ

164 2410 218 2435 1115
237 2405 407 2445 patefacta
431 2412 483 2437 est
506 2416 588 2438 vera
612 2406 763 2436 doctrina
787 2405 828 2436 de
853 2404 1043 2442 Creatione,
1068 2410 1099 2435 et
1122 2404 1159 2436 il-

160 2445 279 2479 lustris
303 2450 512 2481 asseveratio
537 2450 688 2487 traditur,
713 2450 802 2491 quod
826 2448 920 2480 Deus
944 2449 987 2480 sit
1011 2449 1158 2480 essentia

165 2496 320 2530 aeterna,
345 2494 499 2525 distincta
524 2505 543 2525 a
567 2495 667 2525 rebus
691 2493 832 2531 creatis,
867 2499 897 2524 81
921 2493 1011 2534 quod
1031 2491 1159 2523 liberri-

165 2544 221 2566 ma
244 2533 418 2567 voluntate
441 2538 626 2569 condiderit
651 2535 782 2569 coelum
806 2542 839 2568 et
858 2542 992 2575 terram,
1016 2535 1158 2578 angelos

166 2582 199 2609 et
233 2577 385 2610 homines
419 2586 452 2611 et
485 2580 569 2612 alias
594 2587 767 2613 creaturas
798 2590 839 2612 ex
863 2578 979 2619 nihilo,
1013 2590 1076 2611 nec
1100 2572 1186 2611 suitl

166 2619 233 2654 alia
254 2628 391 2654 aeterna
412 2634 468 2656 res
492 2632 568 2656 ante
592 2626 806 2664 creationem,
829 2625 894 2656 nisi
916 2622 990 2657 sola
1013 2625 1160 2656 essentia
1182 2608 1186 2649 l

798 117 910 150 PHlL.
933 117 1040 149 MEL.
1065 117 1255 150 SCRIPTA
1277 117 1562 150 DOGMATICA.
1610 145 1614 148 .

2135 116 2201 150 384

1206 214 1328 252 divina,
1358 218 1390 244 et
1423 213 1605 244 execrandi
1634 218 1712 245 sunt
1744 212 1876 245 furores
1904 211 2200 255 Philosophorum,

1207 258 1263 300 qui
1287 256 1417 299 fingunt
1439 256 1550 288 Deum
1574 267 1651 288 esse
1675 257 1851 299 quitldam,
1887 257 1978 299 quod
2008 263 2135 288 tantum
2158 257 2202 289 sit

1205 303 1240 333 in
1274 301 1418 343 quadam
1441 301 1579 332 materia
1604 307 1804 341 coaeterna,
1829 306 1862 334 et
1884 301 2079 332 necessario
2103 301 2136 332 in
2161 311 2202 332 ea

1207 346 1261 384 sit,
1283 350 1315 376 et
1338 346 1534 377 necessario
1557 343 1678 377 formet
1701 356 1785 377 eam.
1820 345 1997 378 Adversus
2021 344 2106 378 haec
2122 343 2202 376 Dia-

1208 388 1318 421 bolica
1343 388 1563 421 deliramenta
1585 390 1675 421 veris
1699 390 1896 421 testimoniis
1920 390 2040 421 (livinis
2053 392 2201 423 munien-

1207 433 1270 465 dae
1294 439 1371 464 sunt
1394 440 1533 472 mentes,
1557 444 1599 466 ac
1618 434 1760 475 primum
1783 433 1824 464 de
1849 444 1953 465 causa
1976 432 2145 466 efficiente
2169 440 2203 467 et

1206 475 1297 507 finali
1332 477 1547 519 cogitandum
1583 483 1646 516 est,
1680 483 1800 519 postea
1834 477 2007 509 recitanda
2041 483 2121 509 sunt
2154 484 2202 510 te-

1207 521 1373 559 stimonia,
1408 521 1499 562 quod
1531 520 1639 553 libera
1673 519 1845 552 voluntate
1869 531 1924 552 res
1947 521 2014 552 sint
2036 522 2202 554 conditae.

1208 564 1299 603 Item,
1324 564 1414 606 quod
1438 575 1494 597 res
1518 575 1560 596 ex
1583 564 1687 596 nihilo
1710 565 1778 596 sint
1801 565 1963 596 conditae.
1996 565 2087 602 ltcm,
2112 565 2204 607 quod

1195 618 1282 647 ‚cum
1319 609 1488 640 creatione
1523 607 1621 640 simul
1656 614 1809 649 oporteat
1841 607 1978 648 intelligi
2008 614 2204 650 perpetuam

1208 652 1501 683 conservationem
1525 653 1808 690 substantiarum,
1842 653 1932 694 quod
1955 652 2113 684 videlicet
2135 652 2203 684 De-

1206 705 1248 726 us
1271 705 1339 726 non
1364 695 1560 727 discesserit
1583 707 1603 726 a
1627 706 1689 727 suo
1715 705 1834 737 opere,
1868 696 1954 728 sicut
1976 694 2072 728 faber
2095 696 2203 728 disce-

1208 739 1255 770 dit
1279 749 1298 770 a
1321 740 1399 770 navi
1421 745 1499 781 post
1520 738 1786 771 fabrIcationem.

1585 937 1648 970 DE
1672 938 1823 970 PRIMO.

1296 1023 1359 1055 DE
1383 1023 1536 1056 CAUSA
1558 1024 1820 1057 EFFICIENTE
1838 1023 2120 1057 CREATlONIS.

1298 1136 1396 1172 Quod
1409 1137 1541 1169 Creatio
1565 1138 1609 1169 sit
1632 1148 1717 1180 opus
1742 1148 1917 1170 commune
1939 1138 2064 1170 aeterni
2082 1136 2207 1177 Patris,

1210 1180 1285 1212 Filii
1321 1188 1353 1212 et
1378 1182 1520 1222 Spiritus
1555 1183 1664 1213 sancti
1693 1181 1872 1213 manifeste
1905 1181 2130 1224 significatum
2154 1186 2208 1213 cst

1211 1224 1316 1256 Gene.
1344 1225 1372 1256 1.
1397 1225 1429 1256 in
1449 1224 1515 1256 hoc
1539 1226 1645 1256 (1ίο103
1670 1226 1847 1257 Faciamus
1871 1225 2039 1257 hominem
2062 1225 2106 1257 ad
2128 1225 2207 1256 ima·

1210 1269 1320 1311 ginem
1356 1275 1387 1299 et
1411 1267 1660 1300 similitudinem
1684 1277 1846 1308 nostram,
1877 1275 1909 1300 et
1933 1269 1975 1300 (18
1997 1267 2080 1300 Filio
2105 1267 2209 1300 multa

1210 1318 1289 1344 sunt
1322 1322 1487 1353 expressa
1517 1313 1708 1345 testimonia
1738 1313 1771 1344 in
1802 1313 1960 1351 iohanne,
1995 1312 2114 1344 Omnia
2147 1322 2209 1354 per

1209 1356 1318 1398 ipsum
1353 1356 1445 1388 facta
1479 1362 1575 1395 sunt,
1610 1364 1644 1388 et
1677 1357 1750 1387 sine
1784 1357 1859 1398 ipso
1883 1355 2007 1388 factum
2031 1362 2083 1388 est
2112 1354 2206 1394 nihil,

1211 1400 1301 1442 quod
1334 1399 1460 1432 sactum
1495 1406 1557 1431 est.
1603 1401 1701 1439 Item,
1730 1400 1832 1431 Pater
1854 1410 1949 1431 meus
1972 1409 2082 1441 usquc
2105 1400 2208 1431 modo

1211 1450 1381 1484 operatur,
1406 1450 1438 1475 et
1461 1453 1526 1486 ego
1551 1453 1684 1484 operor.
1731 1442 1784 1475 De
1809 1444 1934 1485 Spiritu
1956 1449 2075 1474 sancto
2100 1442 2208 1474 Gene.

1213 1488 1241 1518 1.
1277 1487 1403 1519 dictum
1434 1493 1504 1518 est:
1552 1486 1696 1527 Spiritus
1731 1486 1866 1518 Domini
1900 1485 2072 1518 ferebatur
2105 1496 2209 1528 super

1210 1541 1330 1572 aquas.
1376 1530 1417 1562 Et
1448 1529 1585 1561 Psalmo
1609 1530 1663 1562 33.
1708 1530 1823 1562 Verbo
1848 1530 1983 1561 Domini
2014 1527 2099 1561 coeli
2129 1529 2210 1562 facti

1211 1580 1300 1613 sunt,
1337 1580 1369 1605 et
1392 1575 1518 1616 Spiritu
1553 1574 1622 1605 oris
1657 1574 1730 1606 eius
1755 1575 1863 1606 onmis
1889 1574 2058 1606 exercitus
2081 1583 2207 1606 eorum.

1210 1618 1272 1649 Hic
1296 1624 1364 1649 tres
1388 1628 1558 1659 personae
1581 1618 1776 1650 nominatim
1800 1618 1994 1656 recitantur,
2028 1623 2061 1649 et
2085 1617 2210 1649 diserte

1211 1663 1252 1693 (18
1271 1672 1419 1703 persona
1443 1662 1562 1693 dicitur
1587 1661 1615 1692 1.
1641 1661 1792 1693 Corinth.
1819 1661 1870 1692 12.
1906 1661 2038 1704 ‘Omnia
2056 1661 2141 1692 haec
2160 1658 2209 1692 es·

1212 1706 1276 1736 licit
1303 1715 1389 1736 unns
1415 1712 1445 1736 et
1470 1705 1558 1737 idem
1582 1705 1738 1747 Spiritus.
1784 1704 1868 1737 Cum
1892 1705 1992 1749 igitur
2017 1705 2142 1736 creatio
2165 1705 2210 1736 sit

1211 1759 1386 1780 commune
1412 1758 1497 1790 opus
1521 1750 1619 1780 trium
1642 1759 1875 1791 personarum,
1900 1749 2022 1780 tradita
2046 1754 2098 1780 est
2110 1759 2209 1791 regu-

1210 1791 1263 1824 la:
1289 1793 1401 1834 Opera
1424 1792 1594 1824 Trinitatis
1619 1794 1661 1824 ad
1687 1799 1781 1824 extra
1805 1798 1883 1824 sunt
1906 1793 2062 1831 indivisa,
2086 1792 2120 1823 id
2144 1797 2209 1831 est,

1210 1846 1378 1877 personae
1403 1835 1501 1866 siimil
1525 1842 1614 1874 sunt,
1634 1843 1665 1867 et
1690 1835 1787 1868 simul
1810 1842 1926 1878 agunt,
1951 1842 2107 1867 ettamen
2120 1834 2209 1868 haec

1211 1878 1328 1921 regula
1353 1880 1403 1911 sic
1426 1879 1645 1922 intelligenda
1670 1886 1732 1918 est,
1753 1886 1788 1911 ut
1812 1890 1874 1911 sua
1898 1880 2017 1921 cuique
2039 1888 2209 1921 personae

1210 1923 1401 1964 proprietas
1432 1924 1606 1955 tribuatur.
1652 1923 1754 1955 Pater
1786 1929 1877 1954 creat
1901 1923 2035 1961 dicens,
2065 1928 2101 1954 ut
2124 1923 2209 1954 scri-

1212 1974 1300 2008 ptum
1326 1974 1376 1998 est
1401 1968 1434 1998 in
1459 1968 1599 1999 Genesi:
1624 1966 1665 1997 Et
1691 1967 1772 1998 dixit
1792 1966 1899 2005 Deus,
1919 1966 2081 1998 faciamus
2104 1965 2209 1998 homi·

1210 2021 1286 2042 nem
1322 2017 1384 2042 etc.
1430 2011 1534 2042 Pater
1567 2011 1668 2052 igitur
1703 2016 1796 2041 creat
1830 2020 1890 2051 per
1920 2009 2040 2041 Filium
2075 2010 2131 2052 qui
2155 2015 2209 2041 est

1210 2054 1373 2092 Verbum,
1400 2055 1431 2085 in
1455 2065 1521 2095 quo
1546 2053 1635 2085 lucet
1661 2064 1747 2096 opus
1771 2055 1873 2085 totius
1893 2053 2028 2095 opificii,
2053 2060 2085 2085 et
2105 2053 2208 2096 Spiri-

1212 2105 1266 2129 tus
1309 2104 1447 2130 sanctus
1491 2098 1679 2129 immediate
1722 2096 1814 2129 fovet
1857 2104 2030 2129 creaturas
2072 2102 2106 2128 et
2139 2106 2209 2128 mo·

1212 2149 1280 2173 tum
1323 2142 1477 2183 impertit.
1508 2141 1591 2172 ‘Ideo
1623 2142 1764 2173 dicitnr:
1813 2141 1955 2183 Spiritus
1989 2140 2124 2172 Domini
2157 2139 2208 2172 so-

1212 2187 1312 2217 vehat
1346 2195 1464 2227 aquas·
1516 2185 1568 2216 Ac
1592 2184 1759 2216 lohannes
1791 2192 1823 2216 et
1848 2184 1974 2217 Paulus
1998 2190 2091 2216 certo
2128 2194 2207 2216 cou-

1212 2228 1287 2260 511ἰο
1323 2235 1459 2261 (1111111111-
1493 2228 1558 2260 hoc
1593 2229 1691 2260 modo
1726 2228 1903 2271 loquendi,
1938 2235 1975 2261 ut
2008 2229 2119 2260 dicant
2147 2238 2209 2270 per

1210 2272 1329 2304 Filium
1365 2273 1473 2303 omnia
1509 2280 1623 2304 creata
1654 2283 1744 2311 esse,
1781 2279 1814 2304 et
1849 2283 1908 2304 cur
1942 2273 2083 2310 dicatur,
2116 2271 2209 2314 quod

1213 2317 1416 2359 cogitatione
1469 2316 1750 2348 considerandum
1806 2323 1868 2347 est.
1954 2315 2053 2357 Haecj
2097 2316 2207 2357 magis

1212 2361 1389 2401 perspicua
1427 2359 1519 2398 fiunt,
1556 2371 1630 2392 cum
1664 2360 1908 2392 restitutionem
1933 2360 2028 2391 Adae
2057 2365 2089 2391 et
2113 2358 2208 2391 Evae

1212 2405 1396 2436 intuemur:
1432 2403 1535 2435 Pater
1568 2404 1663 2435 mittit
1687 2403 1817 2442 Filium,
1842 2404 1898 2446 qui
1922 2404 1990 2435 edit
2013 2403 2207 2445 promissio·

1212 2459 1303 2495 nem,
1327 2455 1358 2479 et
1381 2445 1485 2479 Filius
1509 2458 1635 2479 sonans
1660 2448 1916 2489 promissionem
1939 2444 2038 2479 simul
2061 2452 2113 2478 est
2135 2444 2208 2478 effi-

1213 2503 1276 2524 cax
1310 2493 1342 2523 in
1378 2492 1492 2530 corde,
1528 2492 1712 2523 ostendens
1737 2490 1941 2523 voluntatem
1965 2501 2122 2522 arcanam
2144 2489 2208 2521 Pa·

1211 2537 1283 2574 tris,
1303 2542 1334 2567 et
1356 2546 1416 2577 per
1439 2535 1586 2567 Verbum
1601 2535 1744 2577 Spiritus
1768 2542 1906 2567 sanctus
1930 2535 2115 2566 immediate
2137 2532 2207 2565 lae·

1212 2580 1313 2611 titicat
1338 2586 1369 2611 et
1394 2586 1507 2611 movet
1531 2580 1633 2611 corde
1657 2580 1700 2610 ad
1724 2580 1970 2611 invocationem
1992 2577 2068 2617 Dei,
2093 2583 2127 2609 et
2149 2587 2206 2609 ao-

1213 2624 1324 2656 cendit
1347 2622 1433 2655 tales
1457 2629 1568 2656 motus
1592 2622 1702 2666 qualis
1725 2623 1799 2665 ipse
1822 2628 1884 2655 est.
