2383 2990
163 142 229 175 641
247 122 251 128 ’

165 237 366 275 doctrinam,
389 246 475 278 quae
499 242 551 267 est
574 237 647 267 sine
671 235 739 268 ulla
763 237 987 274 dubitatione,
1023 245 1166 266 consen-

164 282 252 313 tiens
287 281 452 311 sententia
477 279 674 312 Catholicae
702 280 879 312 Ecclesiae
903 279 1039 311 Christi.
1098 278 1166 309 Utt-

164 335 243 357 nam
277 324 387 354 bonae
420 330 551 354 mentes
587 324 814 361 considerent,
850 330 1008 365 quantum
1028 321 1167 360 referat,

164 378 233 400 non
257 376 335 398 esse
358 368 390 398 in
416 368 537 397 castris
556 367 700 398 hostium
727 365 913 404 Ecclesiae,
938 367 999 397 sed
1022 376 1100 397 csse
1124 366 1168 397 ci-

165 421 243 443 vem
279 420 380 441 verae
403 409 581 442 Ecclesiae
605 410 741 448 Christi,
777 417 915 452 propter
949 421 1046 451 quam
1071 409 1166 440 Deus

164 454 380 486 innotescere
415 453 533 492 voluit,
568 460 708 496 propter
743 464 843 495 quam
873 455 984 484 omnia
1008 453 1167 489 condidit,

166 508 266 540 quam
290 496 364 528 Filii
400 498 564 539 sanguine
599 496 839 535 sanctificavit,
863 497 894 527 in
920 507 985 538 qua
1009 495 1167 538 patefecit

166 551 205 572 se
229 539 480 572 admirabilibus
505 542 664 582 operibus
688 551 747 582 per
770 547 901 581 patres,
931 540 1022 578 Noe,
1058 540 1166 571 Abra-

164 584 263 622 ham,
293 583 432 625 Ioseph,
455 583 606 623 Moisen,
630 584 813 621 Davidem,
836 582 961 622 Elium,
984 582 1166 620 Elisaeum,

165 626 372 669 Apostolos,
409 634 440 658 et
475 627 604 669 reliqua
639 626 763 658 lumina
787 626 976 665 Ecclesiae,
1013 627 1167 668 denique,

167 681 254 713 quae
288 670 427 702 habebit
451 672 552 702 vitam
583 677 614 702 et
646 670 788 713 gloriam
819 678 1007 709 aeternam,
1038 669 1167 701 fruetur

167 715 371 746 commercio
395 713 459 745 Dei
483 720 515 745 et
538 714 667 755 piorum
692 713 911 755 Angelorum.
938 714 1072 749 Quanta
1096 712 1168 755 glo-

165 757 216 789 ria
241 758 468 795 et-beatitudo
492 763 556 796 est,
591 758 689 788 huius
713 765 829 788 coetus
853 758 980 788 socium
1005 768 1099 795 esse,
1134 758 1166 788 in

165 799 233 832 hoc
256 801 388 842 agmine
420 802 587 842 conspici,
622 802 710 842 quod
746 802 833 832 ducit
869 800 1042 839 Christus,
1077 801 1166 842 quod

167 843 411 876 circumvolant
434 845 477 884 pii
501 843 624 886 angeli,
649 845 681 875 in
707 855 773 886 quo
804 846 959 875 incedunt
985 845 1166 886 principes,

166 888 289 925 Adam,
313 887 398 925 Noe,
421 888 606 926 Abraham,
630 887 771 926 Moiscs,
796 887 901 926 Elias,
927 895 957 919 et
978 887 1096 929 reliqui
1121 888 1167 918 vi-

166 931 195 962 ri
218 931 406 972 insignibus
430 931 571 971 praediti
595 931 714 962 donis?
739 931 771 962 lu
792 930 858 962 hoc
876 933 1007 973 agmine
1020 932 1083 962 iani
1098 941 1168 961 cer-

166 979 235 1005 tum
260 980 354 1005 tenes
379 972 501 1012 locum,
534 976 564 1005 si
588 984 654 1005 uon
679 975 837 1013 adiuvas,
872 986 939 1006 nou
965 975 1167 1016 comprobas

165 1016 312 1049 hostium
336 1016 513 1049 Ecclesiae
537 1018 738 1059 impietatem
758 1025 791 1049 et
816 1018 1071 1056 crudelitatem,
1107 1018 1168 1049 sed

166 1071 280 1093 veram
305 1061 492 1092 doctrinam
516 1060 741 1103 ampla-teri&
767 1062 951 1101 confiteris,
975 1069 1004 1093 et
1024 1062 1086 1103 ¹›iis
1099 1073 1168 1092 mo-

167 1105 261 1136 ribus
285 1115 398 1136 ornaS.
445 1104 603 1137 Psalmus
627 1106 748 1147 iuquit:
786 1105 916 1148 Rogate
940 1116 1055 1148 pacem
1080 1105 1168 1136 leru-

166 1147 284 1179 salem.
330 1148 426 1179 Beati
451 1154 560 1187 erunt,
597 1150 649 1191 qui
675 1148 817 1192 diligunt
841 1160 926 1182 eam.
974 1150 1003 1180 ()
1029 1159 1168 1180 suavem

167 1196 200 1223 et
223 1190 356 1223 dulcem
379 1193 588 1223 sententiam.
614 1192 776 1224 Hortatur
800 1204 927 1228 omnes,
951 1200 985 1224 ut
1010 1193 1168 1224 adiuvent

167 1235 255 1266 omni
282 1245 406 1277 genere
430 1235 533 1267 efficii
557 1234 757 1275 Ecclesiam,
793 1244 827 1268 ut
852 1238 1025 1269 doctrinae
1045 1237 1168 1277 purita-

166 1283 232 1310 tem
257 1284 289 1309 et
309 1289 513 1310 consensum
537 1285 703 1318 tueantur,
739 1286 775 1311 ut
809 1281 1008 1312 doctoribus
1033 1272 1169 1311 boneia-

168 1321 268 1360 ciant,
287 1327 323 1353 ut
346 1323 561 1363 precibus-et
584 1325 674 1355 votis
698 1323 772 1355 Deo
797 1335 1005 1357 communem
1025 1323 1168 1355 salutem

169 1366 414 1404 commendent,
438 1372 473 1397 ut
495 1367 616 1408 impios
640 1368 811 1406 doctores,
836 1374 870 1399 ut
890 1368 1068 1411 Tyr-annos
1093 1367 1169 1398 inde

167 1415 316 1440 arceant.
351 1409 440 1451 Opto
453 1415 564 1442 autem
578 1420 620 1442 ex
633 1411 755 1449 animo,
776 1417 812 1443 ut
824 1412 1086 1454 magnitudinem
1109 1410 1169 1442 bo-

321 2699 470 2720 RELANTH.
486 2701 569 2722 OPER.
584 2702 648 2724 VOL.
664 2703 737 2722 xxn.

598 140 658 173 VI.
681 139 745 172 DE
767 139 988 172 ECCLESIA
1012 139 1069 172 ET
1091 139 1154 171 DE
1178 138 1469 171 AUTORITATE
1491 138 1630 171 VERBI
1652 138 1741 171 DEI.

2154 141 2219 174 642

1220 246 1293 266 rum
1307 233 1495 267 officiorum
1508 235 1569 266 viri
1583 234 1706 277 politici
1720 236 1948 274 considerent,
1973 238 2027 279 qui
2043 238 2165 270 debent
2188 245 2222 270 et

1219 285 1361 320 possunt
1385 278 1575 310 Ecclesiam
1588 280 1713 311 iuvare.
1760 279 1954 311 lntueantur
1977 282 2217 322 posteritatem,

1221 324 1274 353 cui
1298 329 1331 353 ut
1356 321 1608 364 Rempublicam
1622 324 1835 355 constitutam
1860 322 2049 366 relinquere
2074 327 2220 366 cupiunt,

1220 367 1266 397 ita
1289 364 1393 397 multo
1418 367 1524 407 magis
1549 367 1672 398 debent
1697 378 1811 398 veram
1835 366 1899 398 Dei
1923 368 2136 410 agnitionem,
2171 370 2220 400 in-

1222 416 1414 450 corruptam
1450 409 1663 451 religionem,
1698 422 1817 452 purum
1852 410 2092 453 Evangelium,
2126 419 2220 444 recte

1222 454 1424 484 constitutas
1449 452 1626 484 Ecclesias
1660 455 1812 492 tradere,
1849 455 1935 486 sicut
1969 454 2095 487 Paulus
2131 457 2221 488 iubet

1221 495 1430 527 Timotheum
1445 495 1584 527 fideliter
1598 499 1769 529 custodire
1782 499 1982 539 depositum,
2006 506 2039 530 ut
2053 500 2219 537 integ-rum

1222 545 1255 570 et
1280 540 1572 571 incontaminatum
1597 541 1638 571 ad
1658 548 1816 583 posteros
1840 544 2022 583 perveniat.
2069 536 2142 574 Ha}
2162 555 2217 576 cu—

1221 593 1258 613 ra
1282 593 1422 623 prorsus
1447 583 1527 614 nihil
1551 584 1648 615 adfici
1672 586 1823 616 videmus
1845 586 2045 624 Pontifices,
2080 586 2220 629 Episco-

1221 637 1298 668 pos,
1312 624 1515 665 Canonicos,
1539 628 1580 658 de
1604 629 1723 669 oribus
1738 630 1808 659 suis
1823 630 1990 668 dimicant,
2014 641 2079 661 non
2104 632 2145 662 de
2164 632 2221 663 do-

1222 671 1338 701 ctrina.
1384 669 1476 712 Ergo
1501 669 1553 701 alii
1579 672 1610 702 in
1635 671 1774 709 scholis,
1808 673 1840 703 in
1875 674 2118 715 gubernatione
2142 675 2222 706 civi-

1221 720 1337 751 tatum,
1374 714 1560 755 suscipiant
1595 714 1681 746 hanc
1717 726 1840 747 curam.
1909 717 1980 748 lloc
2014 718 2217 750 sacrificium

1220 758 1400 798 praecipue
1424 756 1518 788 Deus
1543 759 1585 789 ab
1611 760 1765 790 (minibus
1788 759 1948 801 postulat,
1985 762 2072 792 sicut
2097 762 2216 794 Petrus

1220 801 1338 842 inquit,
1366 807 1508 832 vocatos
1533 812 1596 832 nos
1621 813 1710 840 esse,
1733 810 1767 834 ut
1794 802 2003 835 celebremus
2029 805 2091 836 Dei
2117 807 2216 838 bene-

1221 844 1342 875 ficium.
1390 844 1451 875 Hic
1485 847 1684 887 praecipuus
1713 846 1787 877 finis
1822 848 1966 879 omnium
2002 848 2216 882 consiliorum

1221 895 1322 929 atque
1346 888 1514 919 actionum
1539 890 1745 931 sapientibus
1770 893 1965 932 propositus
2001 903 2078 923 esse
2103 894 2214 933 debet,

1222 938 1257 962 ut
1281 938 1399 963 ornent
1424 930 1564 974 gloriam
1590 932 1723 965 Christi.
1772 933 1838 965 Pro
1872 934 1938 966 hoc
1962 934 2074 967 officio
2098 938 2220 976 ingen-

1222 977 1266 1006 tia
1290 976 1438 1016 praemia
1462 974 1641 1016 pollicetur
1665 978 1695 1008 in
1720 976 1786 1009 hoc
1803 977 1972 1011 versiculo
1987 978 2098 1011 Deus:
2122 974 2218 1012 Beati

1223 1025 1331 1057 erunt,
1364 1020 1420 1061 qui
1443 1018 1582 1061 diligent
1606 1019 1804 1054 Ecclesiam.
1859 1021 2111 1062 Defensionem,
2146 1035 2221 1056 suc-

1223 1073 1354 1100 cessus,
1379 1070 1409 1094 et
1435 1061 1576 1095 salutem
1600 1073 1795 1106 perpetuam
1819 1067 1977 1107 promittit
2002 1066 2065 1106 his,
2089 1069 2144 1110 qui
2165 1079 2218 1100 ve-

1222 1116 1292 1137 ram
1328 1105 1516 1138 Ecclesiam
1550 1115 1672 1139 amant.
1729 1109 1802 1140 Hac
1837 1120 1921 1141 voce
1954 1112 1998 1152 pii
2033 1113 2219 1144 exuscitent

1223 1151 1351 1181 animos
1386 1151 1428 1181 ad
1459 1161 1573 1182 curam
1608 1154 1779 1184 ornandae
1802 1153 1990 1193 Ecclesiae,
2025 1166 2130 1198 seque
2152 1167 2220 1188 non

1222 1194 1323 1225 modo
1342 1194 1510 1225 adversus
1534 1202 1754 1237 tyrannorum
1778 1198 1885 1229 minas
1911 1199 2122 1239 confirment,
2157 1201 2218 1233 sed

1223 1237 1321 1268 etiam
1347 1244 1464 1269 contra
1488 1238 1713 1280 Sophisticam
1731 1240 1865 1273 illorum
1888 1243 2055 1281 muniant,
2079 1244 2134 1285 qui
2158 1242 2218 1275 fal-

1223 1291 1261 1311 so
1287 1281 1492 1323 antiquitatis
1516 1289 1545 1313 et
1560 1282 1734 1316 Ecclesiae
1758 1285 1945 1318 testimonia
1969 1287 2160 1328 dog-matum
2174 1288 2216 1319 ad

1224 1324 1453 1356 defensionem
1477 1326 1651 1367 impiorum
1676 1329 1789 1367 citant,
1823 1330 1865 1360 ad
1901 1341 1987 1372 quos
2016 1323 2218 1363 refutandos

1222 1367 1375 1400 nonnihil
1393 1370 1567 1402 instituere
1590 1372 1763 1404 studiosos
1786 1371 1889 1405 volui.

1993 2710 2026 2735 41
