2383 2990
140 124 204 156 205

142 228 193 251 tur
228 228 310 250 suae
345 218 464 249 aetatis
499 217 599 254 ritus,
633 217 678 248 ibi
709 215 818 249 facilis
849 224 901 247 est
931 215 1132 247 diiudicatio.

141 263 293 296 Necesse
317 267 368 292 est
392 262 478 292 enim
502 259 662 292 anteferri
687 271 805 292 100001
818 259 884 291 Dei
908 260 1006 292 dictis
1029 258 1134 290 homi-

141 317 228 338 num.
299 304 343 336 Ut
372 305 404 335 in
433 303 558 347 populo
582 303 686 336 lsrael
710 302 921 335 manifestum
941 303 1133 334 mandatum

141 356 223 387 erat,
246 359 288 380 ne
311 347 408 390 plura
431 347 555 389 templa
577 349 810 379 conderentur.
835 347 906 378 Etsi
930 347 1031 388 igitur
1055 356 1133 377 con-

141 393 283 425 suetudo
319 398 406 429 erat,
442 390 537 432 plura
561 392 720 428 condere,
744 397 854 421 tamen
878 390 1070 431 Prophetae
1095 400 1133 420 ea

141 437 355 468 damnabant.
422 434 464 466 Et
498 435 669 466 habebant
709 444 907 474 expressum
943 433 1134 463 mandatum

139 490 226 512 voce
255 479 356 511 Moisi
381 479 547 510 traditum.
601 478 680 510 Inde
705 476 830 520 populo
860 475 961 508 facile
992 484 1063 507 erat
1088 477 1133 506 iu-

141 524 272 562 dicare,
306 523 371 554 utri
395 528 488 554 recte
512 522 683 552 sentirent.
751 520 832 551 Erat
857 520 922 551 alia
947 519 1051 551 multo
1076 520 1134 550 ob-

141 568 272 599 scurior
294 566 445 608 quaestio
465 566 506 596 de
529 565 667 603 Messia,
692 575 734 595 an
757 564 932 595 habiturus
963 569 1052 594 esset
1076 563 1134 594 im-

140 611 267 652 perium
290 609 473 651 politicum,
496 619 539 640 an
563 618 644 639 vero
669 608 741 639 sine
766 608 903 649 imperio
928 608 960 638 in
980 606 1044 638 hac
1066 608 1134 638 1113

140 654 290 692 tuturus,
322 659 354 684 et
378 651 509 684 futurus
532 653 665 684 victima
697 658 799 682 esset.
867 650 920 682 De
944 651 1010 682 1130
1035 661 1134 692 quae-

140 698 250 729 stione
272 697 414 728 maxima
437 706 516 737 pars
540 694 656 736 populi
680 702 711 726 et
737 696 911 726 doctorum
945 695 1033 725 omni
1056 701 1135 725 tem-

139 752 223 782 pore
242 741 360 778 sensit,
383 739 643 780 eumimperium
655 739 767 770 mundi
781 746 1023 779 occupaturum
1047 748 1135 769 esse.

139 784 381 816 Reclamabant
397 783 506 824 pauci,
531 782 592 814 sed
606 783 776 814 habebant
799 792 962 823 expressa
985 782 1135 814 testimo-

139 828 195 859 nia
224 826 480 867 Prophetarum,
516 837 602 868 quae
633 827 705 857 sine
741 826 956 868 ambiguitate
980 826 1135 857 adfirma—

140 872 221 902 bant
244 870 403 902 Messiam
426 868 498 901 forc
522 870 701 901 victimam.
771 869 860 900 Haec
890 868 1135 910 Prophetarum

140 915 228 946 dicta
252 913 469 946 anteferenda
494 919 589 946 erant
613 914 790 945 contrariis
815 914 1029 955 opinionibus
1053 912 1135 944 mul-

139 959 299 990 titudinis.

226 1044 279 1075 Ac
298 1045 340 1076 de
364 1044 500 1083 talibus,
523 1044 579 1075 ubi
600 1044 754 1075 convinci
767 1043 920 1075 homines
934 1044 1134 1076 testimoniis

137 1086 323 1120 manifestis
348 1094 502 1130 possunt,
538 1086 647 1118 facilis
673 1094 725 1118 est
749 1088 950 1120 diiudicatio.
987 1094 1021 1119 ut
1045 1099 1135 1119 nunc

138 1132 179 1164 (10
203 1131 314 1163 11101115
338 1130 489 1163 articulis
514 1132 555 1162 de
580 1132 747 1172 coniugio,
772 1133 812 1163 de
832 1133 1023 1163 discrimine
1044 1133 1133 1163 cibo-

136 1186 221 1214 rum,
243 1176 308 1207 imo
334 1176 375 1206 de
394 1175 512 1213 Missa,
537 1174 798 1215 adplicationem
821 1186 863 1207 ex
888 1186 990 1218 opere
1018 1186 1134 1218 opera—

136 1225 171 1251 to
191 1230 260 1251 non
283 1220 403 1251 mereri
428 1218 502 1250 aliis
527 1219 771 1250 remissionen..

225 1305 292 1337 Sed
323 1307 412 1338 unde
447 1311 543 1338 erunt
566 1307 648 1337 certi
672 1305 824 1337 homines
850 1306 882 1336 in
900 1304 984 1337 locis
1010 1308 1134 1337 obscu-

135 1349 292 1388 rioribus,
322 1351 356 1381 in
391 1351 511 1391 quibus
541 1350 672 1381 videtur
699 1349 898 1391 ambiguitas
919 1351 1024 1383 csse?
1071 1350 1134 1381 Re-

136 1394 306 1435 spondeo:
331 1393 473 1428 Quando
488 1392 658 1430 Patribus,
682 1399 736 1424 aut
758 1392 950 1434 Prophetis,
975 1400 1030 1424 aut
1044 1396 1134 1436 Apo-

137 1435 235 1469 stolis
260 1437 336 1467 data
360 1443 410 1467 est
431 1448 496 1468 1οΧ
520 1437 779 1478 promissionum
804 1448 863 1467 sen
887 1436 1076 1479 Evangelii,
1102 1444 1133 1468 et

136 1482 270 1523 quando
292 1481 356 1522 ipsi
378 1481 518 1522 primum
543 1481 740 1518 docuerunt,
776 1480 869 1512 Deus
905 1482 1031 1512 addidit
1065 1493 1133 1512 ma-

136 1523 259 1556 nifesta
281 1525 483 1563 testimonia,
507 1524 636 1555 scilicet
660 1523 839 1556 miracula.
865 1536 950 1567 quae
977 1526 1133 1556 ostende-

139 1574 222 1607 rent,
246 1579 319 1600 eam
344 1569 528 1599 doctrinam
553 1568 710 1599 (111101105
734 1569 885 1599 traditam
918 1579 1007 1600 esse.
1065 1570 1132 1600 Sed

139 1622 226 1644 nunc
262 1618 339 1653 post
374 1611 677 1654 promulgationem
708 1620 737 1643 et
765 1612 1051 1644 confirmationem
1076 1614 1134 1643 do-

138 1656 265 1687 ctrinae
289 1666 355 1687 non
375 1662 530 1697 petantur
554 1666 642 1687 nova
664 1655 837 1694 miracula,
858 1657 920 1686 etsi
944 1667 1078 1698 semper
1102 1658 1134 1687 in

135 1698 292 1731 Ecclesia
315 1706 392 1731 sunt
412 1698 585 1738 miracula,
611 1701 670 1732 sed
696 1706 895 1732 tamennon
919 1701 1031 1732 01111113
1056 1711 1134 1732 con·

138 1744 273 1775 vincunt
298 1744 430 1785 impios.

226 1831 277 1864 Sit
296 1832 398 1874 igitur
421 1837 541 1873 postea
565 1831 730 1863 certitudo
755 1841 796 1862 ex
818 1832 900 1872 ipsis
932 1831 1029 1863 dictis
1053 1831 1135 1863 Pro-
1157 1837 1160 1872 1

137 1875 281 1918 1111011015
307 1882 338 1907 01
361 1874 582 1917 Apostolicis,
602 1886 743 1917 quorum
766 1877 913 1907 nativam
938 1876 1134 1907 sententiam
1158 1875 1161 1913 Ξ

136 1921 170 1953 in
206 1919 386 1952 collatione
420 1920 648 1961 agnoscimus.
717 1919 787 1950 Nec
818 1918 899 1950 illud
930 1926 1134 1958 1010010551,

138 1964 228 2007 quod
253 1964 384 2001 dicitur,
409 1962 556 1995 Literam
580 1963 769 2005 ambiguam
799 1973 887 1994 esse.
956 1963 998 1994 Et
1032 1974 1135 2004 quan-

139 2019 238 2050 quam
273 2008 395 2039 inimici
428 2008 579 2039 veritatis
598 2008 732 2049 proprie
756 2008 846 2038 dicta
871 2018 893 2038 v
916 2007 974 2038 riis
999 2006 1135 2038 cavilla-

138 2052 286 2083 tionibus
310 2050 444 2083 eludere
463 2058 617 2093 possunt,
643 2057 753 2081 tamen
779 2052 863 2082 sicut
888 2050 984 2082 Deus
1005 2061 1136 2093 semper

141 2100 254 2127 servat
276 2094 419 2137 aliquem
444 2102 588 2135 coetum,
623 2096 678 2136 qui
701 2101 754 2126 est
777 2105 857 2126 1013
881 2093 1057 2133 Ecclesia,
1093 2106 1135 2126 ne

143 2139 253 2170 desint
273 2137 344 2170 ullo
363 2145 514 2181 tempore
536 2145 642 2171 testes
679 2140 720 2170 de
755 2149 837 2170 vera
871 2139 1039 2178 doctrina,
1075 2149 1137 2170 seu

144 2181 256 2221 multi,
291 2192 351 2214 seu
373 2185 488 2224 pauci:
521 2182 643 2215 1131113
666 2194 746 2214 vera
771 2182 928 2215 Ecclesia
952 2184 1038 2214 inter
1063 2193 1137 2214 cae-

142 2233 213 2258 tera
248 2226 336 2258 dona
369 2226 513 2267 Spiritus
548 2226 656 2258 sancti
692 2232 725 2258 et
747 2225 814 2259 hoc
837 2227 956 2265 habet,
987 2227 1075 2268 quod
1100 2237 1137 2258 re

141 2270 216 2313 ipsa
240 2276 292 2302 est
314 2270 412 2309 fides,
435 2281 501 2312 qua
522 2277 652 2302 mentes
678 2271 802 2302 cedunt
824 2272 930 2302 verbo
954 2270 1049 2309 DEI,
1075 2281 1137 2302 nec

142 2313 332 2347 anteferunt
364 2314 543 2346 humanam
577 2314 790 2356 sapientiam,
837 2314 904 2346 Sed
938 2320 975 2346 ut
1010 2313 1136 2347 Paulus

143 2359 324 2401 praecipit,
359 2358 511 2400 redigunt
546 2368 584 2389 50
607 2359 640 2388 111
663 2357 751 2389 hanc
775 2359 863 2400 piam
899 2359 1136 2399 captivitatem,

145 2409 179 2434 ut.
202 2402 358 2434 obediant
384 2400 530 2440 Chiisto,
553 2402 641 2433 sicut
663 2401 694 2431 2.
719 2401 869 2434 Corinth.
896 2402 946 2433 10.
976 2403 1137 2443 scriptum

145 2446 206 2479 051.
275 2445 317 2477 Et
345 2444 431 2477 11300
458 2445 533 2486 ipsa
556 2444 641 2476 fides
665 2455 726 2477 seu
747 2446 906 2477 adsensio
931 2444 1137 2487 amplectens

146 2491 235 2523 dicta
269 2487 470 2530 Apostolica
499 2489 532 2520 in
568 2499 608 2520 ea
643 2490 825 2528 sententia,
869 2500 967 2531 quam
1003 2487 1165 2528 collati01

145 2534 293 2566 ostendit
316 2542 394 2564 esse
416 2533 574 2571 nativam,
598 2542 635 2563 10
656 2533 731 2574 ipsa
749 2539 801 2564 est
825 2534 948 2564 donum
978 2534 1138 2574 interpre-

145 2577 295 2615 tationis,
314 2577 404 2619 quod
427 2583 479 2607 est
502 2575 559 2608 lux
583 2575 671 2614 fidei,
697 2586 855 2608 crescens
880 2578 912 2608 in
935 2577 1017 2619 ipsis
1041 2587 1138 2608 exer-

142 2621 233 2653 citiis
255 2621 493 2663 poenitentiae,
515 2621 548 2651 in
571 2620 768 2661 pavoribus,
790 2621 823 2652 in
846 2621 1083 2662 persecutione
1106 2626 1139 2653 et

780 121 837 154 1V.
866 119 1127 153 ENARRATIO
1151 118 1353 152 SYMBOLI
1374 117 1533 151 NtCENJ.

2109 117 2173 148 -206

1188 214 1491 252 consolationibus,
1516 220 1549 245 ut
1574 214 1735 254 5011111001
1760 223 1832 244 est:
1869 211 2010 254 Eloquia
2046 212 2179 245 Domini

1189 264 1296 296 casta,
1322 265 1495 301 argentum
1519 264 1694 300 purgatum
1720 256 1922 298 septuplum.

1276 336 1347 367 Nec
1378 342 1488 367 tamen
1518 337 1638 367 desunt
1661 335 1738 366 huic
1763 345 1863 366 verae
1887 333 2063 366 Ecclesiae
2088 335 2179 365 testi-

1188 380 1297 411 monia
1322 381 1468 421 priorum
1491 386 1676 420 temporum
1702 379 1777 420 quia
1800 377 1895 410 Deus
1926 379 2067 410 subinde
2091 378 2179 409 exci-

1187 424 1268 454 13111
1305 430 1409 454 testes
1445 433 1564 461 veros,
1600 430 1630 453 ct
1655 422 1842 464 aliquorum
1866 427 2078 454 monumenta
2102 432 2179 464 pro-

1188 474 1259 508 pter
1282 474 1438 507 posteros
1463 472 1588 503 servat,
1613 467 1697 497 sicut
1722 474 1752 497 et
1768 472 1916 497 nostram
1931 465 2180 497 confessionem

1188 509 1384 552 praelucere
1418 509 1489 541 vult
1519 510 1677 551 posteris.
1744 509 1785 540 Et
1809 509 1896 541 haec
1920 520 2000 541 1013
2023 509 2181 541 Ecclesia

1189 555 1347 585 discernit
1372 554 1559 595 scriptores
1590 554 1744 585 sinceros
1769 554 1810 584 ab
1830 555 2018 584 insinceris.
2087 552 2180 584 Certi

1189 604 1266 628 sunt
1289 598 1390 639 igitur
1413 604 1444 628 et
1468 597 1510 638 pii
1534 597 1682 635 iudices,
1714 603 1746 628 et
1769 598 1813 637 pii
1836 598 2009 628 auditores
2033 608 2074 628 ex
2097 597 2181 638 ipsis

1188 640 1337 672 fontibus
1362 640 1571 682 Propheticis
1596 647 1629 672 et
1652 639 1870 681 Apostolicis,
1895 647 1926 671 01
1952 651 1992 671 ex
2017 639 2090 671 aliis
2116 641 2182 672 sin-

1190 686 1277 716 ceris
1312 685 1509 716 testimoniis
1556 683 1810 726 Symbolorum,
1846 691 1877 715 et
1918 684 2182 726 congruentibus

1188 729 1416 770 probatiorum
1439 729 1641 768 scriptorum
1664 728 1983 759 asseverationibus.
2031 727 2073 759 Et
2097 728 2183 759 haec

1188 772 1399 804 satisfaciunt
1423 772 1497 813 piis,
1523 773 1600 813 quia
1624 772 1656 802 111
1676 772 1724 803 015
1750 771 1834 802 fides
1858 770 1961 809 lucet,
1995 781 2082 813 quae
2108 781 2183 803 cum

1190 822 1382 847 reverenter
1404 815 1625 857 amplectatur
1648 816 1785 846 verbum
1810 814 1886 853 Dei,
1912 822 1942 846 et
1965 814 2028 846 Dei
2052 815 2184 856 sapien-

1189 861 1254 891 tiae
1278 870 1314 891 se
1338 860 1506 898 subiiciat,
1542 870 1604 890 nec
1628 857 1793 890 anteferat
1815 858 2013 896 humanam,
2049 869 2085 889 re
2109 860 2184 900 ipsa

1190 905 1312 935 donum
1337 910 1387 934 est
1412 903 1707 944 interpretationis.
1765 902 1962 944 Acquiescit
1993 902 2093 943 igitur
2116 903 2184 933 hoc

1189 948 1288 979 inodo
1323 958 1403 978 1013
1431 947 1602 985 Ecclesia,
1637 952 1794 978 contenta
1824 947 1982 977 mandato
2006 947 2086 978 isto:
2121 945 2184 977 Hic

1190 998 1240 1023 est
1262 990 1364 1022 Filius
1384 1001 1478 1022 meus
1504 989 1656 1029 dilectus,
1681 990 1777 1021 Hunc
1801 991 1925 1022 audite.

1277 1070 1375 1106 Quod
1400 1075 1509 1100 autem
1533 1068 1715 1100 reclamant
1739 1069 1839 1111 impii,
1865 1068 2011 1100 nondum
2032 1069 2095 1100 sibi
2119 1068 2184 1101 hoc

1188 1114 1288 1145 modo
1324 1112 1536 1144 satisfactum
1567 1123 1664 1151 esse,
1700 1114 1776 1155 quia
1812 1123 1879 1143 non
1904 1113 1986 1143 satis
2011 1113 2184 1144 evidenter

1189 1165 1362 1188 ostensum
1386 1158 1439 1195 sit,
1464 1167 1523 1187 cur
1547 1158 1686 1188 retineat
1711 1156 1918 1187 Athanasius
1943 1157 2183 1198 proprietatem

1189 1202 1220 1232 in
1244 1201 1310 1232 1100
1335 1202 1441 1232 dicto:
1477 1200 1517 1231 Et
1542 1202 1679 1232 verbum
1704 1207 1775 1231 erat.
1798 1199 1904 1239 Deus,
1941 1206 1971 1231 et
1997 1198 2079 1231 nolit
2104 1201 2183 1231 reti-

1189 1255 1268 1275 nere
1293 1246 1324 1275 in
1344 1244 1468 1275 altero:
1488 1243 1588 1275 Pater
1611 1245 1716 1275 maior
1739 1255 1792 1275 me
1812 1251 1871 1274 est.
1918 1243 2046 1275 Talium
2061 1242 2183 1275 013010-

1190 1299 1262 1320 rum
1297 1288 1372 1319 111ιί5
1407 1299 1473 1318 0011
1505 1289 1565 1319 0111
1589 1289 1621 1319 in
1652 1289 1716 1319 hac
1740 1287 1937 1319 confusione
1963 1288 2098 1330 generis
2124 1288 2183 1318 liu·

1189 1333 1293 1371 mani,
1328 1332 1470 1372 Semper
1504 1338 1599 1362 erunt
1620 1330 1732 1373 aliqua
1756 1330 1892 1362 Diaboli
1918 1342 2062 1372 organa,
2098 1341 2184 1373 quae

1190 1376 1322 1406 veritati
1357 1375 1590 1406 311101500101.
1659 1375 1765 1406 llabet
1802 1386 1938 1406 causam
1963 1374 2182 1410 Athanasius,

1189 1430 1293 1460 (111310
1327 1420 1565 1460 proprietatem
1600 1419 1655 1450 hic
1686 1420 1844 1457 retineat,
1877 1418 1918 1449 Et
1947 1419 2087 1449 verbum
2112 1423 2185 1450 erat

1189 1462 1296 1501 Deus,
1334 1464 1407 1504 qnia
1445 1469 1560 1502 postea
1598 1474 1674 1493 mcx
1701 1463 1832 1493 additur
1857 1462 1898 1493 de
1934 1462 2182 1503 omnipotentia,

1188 1517 1248 1548 per
1285 1507 1373 1538 11000
1413 1506 1526 1537 Filium
1551 1507 1659 1537 omnia
1685 1507 1819 1537 condita
1840 1517 1930 1543 esse,
1966 1512 1996 1536 et
2019 1506 2184 1537 accedunt

1189 1550 1284 1591 plura
1320 1550 1462 1581 illustria
1492 1551 1691 1581 testimonia.
1760 1549 1852 1580 Haec
1876 1550 1938 1580 etsi
1962 1560 2028 1580 11011
2049 1547 2184 1580 satissa-

1190 1595 1278 1625 ciunt
1302 1594 1449 1631 Arianis,
1474 1601 1583 1625 tamen
1597 1592 1766 1625 sufficiunt
1783 1594 1846 1634 piis
1861 1594 2058 1624 cedentibus
2082 1594 2184 1624 101110

1188 1637 1264 1668 Dei.
1321 1638 1391 1669 Nec
1422 1638 1613 1669 diiudicatio
1646 1636 1711 1668 alia
1737 1648 1796 1678 per
1821 1638 1973 1668 homines
1999 1637 2184 1668 exidentior

1190 1681 1261 1712 fieri
1285 1688 1404 1722 potest.
1452 1682 1516 1713 Sed
1539 1681 1632 1712 Deus
1657 1682 1791 1712 tandem
1815 1681 1971 1713 diiudicat
1996 1679 2081 1712 13105
2106 1690 2184 1712 0011-

1188 1726 1385 1764 troversias,
1411 1725 1520 1757 deleta
1546 1736 1609 1757 una
1630 1732 1736 1767 parte.

1276 1803 1436 1847 Magnum
1471 1804 1536 1835 hoc
1571 1810 1720 1845 tempore
1757 1810 1923 1834 certamen
1959 1808 2010 1834 est
2045 1803 2086 1834 de
2120 1802 2185 1833 1130

1188 1849 1433 1889 propositione:
1470 1849 1613 1889 Propter
1642 1846 1759 1878 fitium
1789 1847 1853 1878 Dei
1888 1847 1992 1889 gratis
2017 1847 2184 1878 donantur

1188 1893 1342 1923 remissio
1366 1899 1594 1933 peccatorum,
1619 1898 1650 1923 et
1671 1892 1842 1932 imputatio
1866 1891 2021 1929 iustitiae,
2045 1897 2076 1921 et
2100 1890 2185 1921 11300

1189 1935 1254 1966 fide
1283 1937 1391 1978 accipi
1417 1942 1560 1977 oportet.
1629 1935 1664 1966 ln
1694 1935 1759 1966 1130
1788 1935 1952 1966 sententia
1976 1940 2127 1965 tenemus
2151 1933 2183 1964 τὸ

1188 1979 1276 2021 §mciv
1309 1980 1398 2021 apud
1433 1978 1594 2011 Paulum.
1629 1977 1683 2010 alii
1720 1985 1936 2020 corrumpunt
1972 1978 2182 2019 adtingentes

1189 2022 1265 2062 3113,
1286 2024 1374 2055 dicut
1398 2034 1465 2054 non
1486 2022 1649 2054 GRATIS
1674 2023 1744 2053 dari
1758 2024 2002 2060 remissionem,
2028 2022 2087 2052 sed
2106 2032 2184 2063 pro-

1187 2074 1263 2109 pter
1287 2074 1380 2099 certa
1404 2078 1523 2109 opera,
1555 2065 1685 2097 excludi
1709 2072 1818 2098 autem
1844 2072 1971 2097 tantuin
2002 2065 2105 2097 Moisi
2130 2075 2182 2096 ce-

1188 2112 1368 2143 remonias.
1437 2113 1516 2143 Item
1540 2111 1653 2142 dicunt
1673 2120 1739 2141 non
1764 2111 1871 2151 accipi
1896 2109 1978 2148 fide,
2012 2119 2075 2140 nec
2099 2118 2183 2150 opus

1189 2165 1268 2187 esse
1290 2154 1355 2187 hac
1378 2155 1456 2193 fide,
1480 2166 1546 2197 qua
1571 2155 1691 2185 credas
1715 2154 1773 2185 tibi
1797 2154 1928 2185 remitti.
1965 2152 2049 2184 Cum
2074 2159 2185 2184 autem

1188 2198 1275 2230 haec
1298 2199 1528 2241 interpretatio
1552 2196 1727 2229 manifeste
1750 2204 1877 2240 pugnet
1901 2208 1976 2228 cum
1989 2203 2093 2234 textu,
2119 2207 2185 2226 ma-

1190 2254 1257 2286 gna
1277 2253 1381 2275 causa
1404 2249 1467 2281 est,
1492 2253 1550 2274 cur
1573 2247 1732 2284 suspecta
1755 2252 1832 2273 esse
1856 2242 1987 2273 debeat.
2055 2239 2187 2271 Deinde

1189 2293 1307 2318 nostra
1341 2287 1506 2319 sententia
1539 2296 1607 2318 non
1637 2284 1746 2317 solum
1782 2286 1900 2317 retinet
1945 2285 2185 2326 proprietatem

1191 2337 1431 2374 congruentem
1455 2342 1530 2362 cum
1554 2337 1623 2361 tota
1642 2330 1823 2371 scriptura,
1855 2329 1916 2360 sed
1941 2329 2038 2359 etiam
2064 2326 2186 2359 confir-

1190 2381 1298 2406 matur
1323 2375 1488 2406 exercitiis
1508 2384 1608 2405 10130
1620 2373 1855 2414 poenitentiae.
1902 2372 1949 2403 lbi
1968 2370 2185 2413 conspicitur,

1190 2428 1256 2449 non
1281 2419 1499 2461 acquiescere
1522 2424 1668 2455 mentes,
1704 2418 1769 2448 nisi
1792 2421 1983 2458 agnoscant
2007 2415 2186 2457 gratuitam

1191 2473 1269 2494 0550
1291 2463 1534 2494 remissionem.
1580 2461 1616 2492 ln
1640 2460 1692 2491 his
1717 2461 1884 2491 exercitiis
1898 2459 2091 2490 accenditur
2113 2456 2184 2496 lux,

1191 2516 1276 2548 quae
1306 2513 1358 2537 est
1384 2508 1506 2538 donum
1528 2504 1824 2547 interpretationis.
1870 2503 1982 2535 Tertio
1997 2507 2186 2546 congruunt

1192 2556 1224 2581 et
1247 2549 1426 2590 meliorum*
1446 2550 1648 2591 Scriptorum
1673 2548 1870 2580 testimonia.

1279 2621 1440 2653 Erasmus
1476 2620 1508 2650 in
1540 2618 1691 2650 Diatriba
1717 2618 1758 2649 de
1781 2616 1887 2648 libero
1911 2617 2065 2648 arbitrio.
2101 2616 2185 2647 deri-
