2383 2990
178 126 240 156 155
804 124 915 155 PfflL.
934 123 1041 156 MEL.
1061 126 1248 157 SCRIPTA
1265 126 1545 159 DOGMATICA.
2141 129 2204 161 156

176 220 232 257 tia,
267 229 368 260 supra
393 217 652 257 Aristotelicam,
686 224 717 249 et
740 228 842 260 supra
866 218 1007 250 consilia
1030 221 1161 261 sapien-

175 269 254 300 tum,
291 263 345 303 qui
370 261 476 292 Deum
501 272 566 292 non
587 272 664 292 vere
687 263 860 299 invocant,
895 263 957 293 sed
980 263 1161 294 decurrunt

175 306 217 336 ad
242 306 332 336 varia
357 311 389 335 et
408 306 608 335 incontessa
627 305 802 345 praesidia.
828 305 918 336 Haec
942 306 1070 337 etiamsi
1094 317 1159 337 non

173 347 324 389 intelligit
346 348 435 378 rudis
449 354 553 385 aetas,
574 354 682 378 tamen
697 349 861 379 monenda
885 354 947 386 est,
970 354 1006 380 ut
1030 350 1161 380 discant

173 391 258 422 haec
283 392 359 421 duo.
380 391 566 421 fat-iendtun
591 401 667 422 esse
687 390 842 429 officium,
867 402 929 422 nec
945 393 1161 423 admiscenda

175 444 252 464 esse
277 433 362 463 mala
388 432 537 470 consilia,
574 440 605 464 et
632 435 820 475 petendam,
854 445 893 465 ac
918 433 1006 475 forti,
1038 446 1160 477 magno

174 483 204 507 et
225 477 388 506 constanti
420 477 528 507 animo
564 479 804 517 expectandam
829 488 905 508 esse
933 477 1160 516 deffensionem

174 530 193 549 a
216 519 303 557 Deo,
328 519 413 550 sit-ut
429 518 584 550 P<almus
605 520 657 551 36.
681 521 742 551 ait:
767 519 971 551 Connnenda
985 521 1061 552 Deo
1075 523 1160 552 viam

172 567 272 593 tuam.
297 568 327 592 et
354 563 423 602 ipse
448 561 557 593 faciet.
605 563 693 602 Item,
715 563 875 594 Subditus
901 570 973 595 esto
998 563 1093 602 Deo,
1129 570 1159 595 et

174 615 230 634 ora
266 615 347 636 eum.
417 607 506 643 Item,
542 605 692 647 Expecta
715 606 835 644 Deum,
868 613 899 638 et
920 608 1050 638 custodi
1073 608 1158 639 viam

172 648 252 678 eius.
289 648 316 676 ()
342 647 520 679 salutarem
545 650 752 690 sapientiam,
776 661 861 691 quae
885 656 918 681 et
941 656 1080 681 eventus
1104 661 1158 691 pa-

172 692 211 721 rit
236 689 387 729 foelices,
424 697 454 722 et
479 692 509 723 in
534 691 691 733 periculis
716 703 870 733 magnam
895 693 1160 724 consolationem

172 739 203 763 et
230 735 450 765 constantiam
471 734 687 766 consiliorum
712 734 828 767 adfert

170 878 231 910 DE
272 879 559 911 REVEREN'HA
600 879 656 911 ET
687 879 958 911 OBEDIENTIA
992 880 1159 912 DEBITA

410 939 633 971 MtNtsTRIS
663 940 918 971 EVANGELII.

257 1032 329 1065 Etsi
350 1036 380 1065 in
406 1036 500 1065 tertio
525 1040 706 1076 praecepto
732 1034 854 1064 dictum
878 1040 930 1065 est
954 1035 994 1065 de
1012 1035 1158 1065 ministe-

169 1078 218 1107 rio
242 1076 415 1120 Evangelii
442 1078 688 1114 conservando,
714 1082 823 1108 tamen
848 1077 989 1108 maxime
1012 1079 1157 1118 proban-

170 1121 246 1151 dmn
272 1129 334 1153 est,
360 1122 447 1162 quod
474 1123 505 1152 in
537 1122 601 1151 hoc
625 1126 743 1161 quarto
767 1127 948 1161 praecepto
973 1121 1094 1151 docent
1117 1122 1158 1152 de

170 1164 356 1194 obedientia
383 1171 412 1195 et
438 1164 623 1195 reverentia
651 1163 852 1204 praestanda
876 1165 1069 1204 pastoribus
1093 1163 1157 1195 Ec-

170 1205 345 1238 etesiarum
370 1214 462 1238 recte
487 1208 695 1238 docentibus.
763 1207 827 1238 Sed
858 1216 990 1247 semper
1014 1208 1158 1238 tenenda

169 1255 219 1279 est
242 1257 377 1280 aeterna
403 1256 433 1281 ct
465 1249 674 1281 immutabilis
699 1248 834 1291 regula:
869 1249 987 1291 Fugite
1018 1249 1157 1281 idolola-

168 1294 272 1323 triam.
298 1295 386 1324 item:
413 1294 443 1324 Si
468 1295 541 1335 quis
566 1292 887 1334 aliudEvangelium
911 1294 1055 1332 docebit,
1078 1304 1157 1324 ana-

168 1337 277 1367 thema
302 1337 355 1367 sit.
403 1336 516 1371 Quare
541 1346 683 1367 necesse
707 1342 757 1367 est
777 1337 882 1368 xitare
896 1335 996 1375 idola,
1016 1347 1158 1368 necesse

169 1386 216 1410 est
244 1380 418 1410 dist-edere
441 1381 481 1409 ab
511 1381 560 1417 iis,
595 1380 649 1420 qui
675 1378 761 1410 idola
786 1386 817 1410 et
840 1380 957 1420 impias
982 1381 1156 1420 opiniones

169 1422 365 1458 defendunt,
391 1423 518 1453 etiamsi
549 1428 714 1454 vocantur
736 1423 906 1453 ordinaria
928 1429 1099 1463 potestas,
1123 1429 1158 1453 ut

168 1466 336 1497 auditores
366 1465 538 1506 Baptistae
567 1472 599 1496 et
624 1465 748 1496 Christi
772 1466 915 1506 oportuit
937 1467 1115 1496 dissentire
1138 1477 1157 1496 a

167 1509 359 1540 Pharisaei<
384 1509 616 1539 damnantibus
642 1508 812 1549 Baptistae
835 1514 867 1539 et
888 1508 1010 1539 Christi
1036 1509 1156 1540 doetri-

167 1563 254 1582 nam.
321 1551 393 1582 Etsi
417 1558 525 1582 autem
551 1550 728 1583 dolendum
750 1554 819 1589 est,
852 1551 923 1582 fieri
947 1563 1086 1594 magnas
1111 1553 1157 1582 di-

168 1595 369 1625 stractiones
401 1605 440 1625 ac
465 1595 664 1633 discordias,
701 1605 786 1636 quae
810 1596 940 1635 pariunt
965 1595 1030 1625 alia
1055 1594 1156 1626 multa

166 1636 265 1669 mala.
292 1639 424 1675 caedes,
450 1637 549 1676 bella,
574 1638 772 1669 mutationes
793 1639 1020 1678 imperiorum,
1045 1644 1154 1669 tamen

167 1682 357 1712 mandatum
379 1681 453 1719 Dei,
479 1682 596 1723 Fugite
616 1680 850 1719 idololatriam,
873 1688 923 1712 est
943 1681 1155 1712 immutabile.

167 1723 272 1755 Recte
296 1725 395 1765 igitur
419 1725 555 1763 faciunt,
587 1726 641 1764 qui
666 1725 843 1766 seiungunt
867 1734 905 1755 Se
928 1735 945 1755 a
972 1724 1156 1756 defensori-

167 1768 229 1798 bus
265 1766 429 1798 idolorum
465 1774 496 1798 ct
533 1768 705 1809 impiarum
741 1768 947 1808 opinionum,
982 1778 1044 1798 nec
1079 1774 1156 1799 sunt

169 1811 407 1850 suffragatores
434 1812 463 1841 in
500 1811 691 1842 ‹tetensione
715 1810 895 1849 idolorum,
931 1809 1100 1842 libidinum
1125 1817 1156 1841 et

168 1854 430 1894 parricidiorum.
496 1855 568 1885 Hoc
593 1865 694 1895 saepe
719 1855 840 1885 dictum
865 1860 928 1892 est,
960 1861 989 1885 et
1014 1854 1068 1885 bic
1093 1855 1156 1885 dici

166 1896 263 1927 lot-us:
290 1897 444 1937 postulat.
491 1896 621 1928 Deinde
645 1899 685 1928 dc
710 1897 908 1928 pastoribus
922 1904 1013 1928 recte
1034 1899 1156 1928 docen—

168 1940 498 1982 tibus.Evangelitttn,
523 1947 553 1972 et
578 1952 643 1971 non
669 1940 924 1972 defendentibus
945 1940 1075 1982 aliquos
1100 1942 1157 1971 im-

168 1984 242 2023 pios
268 1994 418 2022 errores,
443 1985 528 2015 banc
560 1985 743 2015 doctrinam
776 1994 919 2015 necesse
949 1990 997 2014 est
1023 1984 1156 2015 infixam

169 2037 246 2056 esse
270 2027 412 2057 otnttitnn
437 2028 565 2067 animis,
591 2029 704 2058 deberi
729 2028 948 2058 obedientiam
980 2028 1041 2067 ipsi
1066 2028 1156 2058 mini-

168 2071 269 2099 sterio
293 2069 476 2111 Evangelii,
500 2072 583 2101 sicut
610 2072 686 2101 dit-it
711 2077 867 2101 aeternus
888 2069 986 2101 Pater
1005 2071 1045 2101 de
1058 2070 1156 2101 Filio:

168 2112 264 2143 Hunc
288 2114 408 2144 audite.
455 2114 495 2145 Et
515 2113 615 2145 Filius
640 2115 682 2145 ait
709 2116 749 2145 de
773 2115 976 2145 ministerio:
1008 2113 1072 2148 Qui
1094 2124 1155 2145 vos

169 2157 269 2194 audit,
294 2167 346 2187 nte
365 2158 465 2188 audit.
512 2158 623 2193 Quare
640 2158 851 2189 execrandus
877 2162 927 2188 est
951 2156 1155 2188 furor-maxi-

169 2211 241 2231 mae
265 2199 480 2231 multitudinis
504 2201 690 2239 hominnm,
726 2212 810 2243 quae
842 2201 1023 2232 contemnit
1045 2200 1155 2232 Evan-

170 2243 289 2286 geliutn
314 2250 343 2274 et
368 2245 582 2275 ministerium
606 2244 790 2287 Evangelii.
848 2243 999 2276 Debetur
1023 2250 1053 2275 et
1074 2244 1156 2285 ipsis

169 2288 360 2329 pastoribus
385 2294 474 2319 recte
495 2289 692 2320 docentibus
717 2289 903 2319 obedientia
925 2288 958 2318 in
981 2287 1046 2325 his,
1070 2297 1156 2329 quae

171 2331 212 2361 ad
237 2331 450 2362 ministerium
475 2333 650 2373 pertinent,
686 2333 717 2363 id
742 2338 805 2370 est,
839 2332 871 2362 in
896 2330 1093 2372 Evangeli0‚
1124 2336 1157 2362 et

171 2383 249 2404 vera
284 2375 509 2406 iurisdictione
543 2376 716 2406 traditam
745 2373 940 2417 Evangelio.
1008 2377 1085 2406 Item
1110 2375 1156 2406 di-

170 2415 280 2453 lectio,
304 2420 498 2457 reverentia,
525 2420 644 2456 victus,
673 2417 836 2450 defensio.
904 2417 996 2449 Haec
1029 2416 1156 2459 aliquo-

172 2461 234 2490 ties
254 2462 410 2502 praecipit
434 2461 572 2500 Paulus,
595 2468 629 2493 ut
656 2462 684 2493 1.
704 2463 820 2494 Thess.
844 2460 974 2493 ultimo:
1004 2460 1074 2492 Eos
1098 2461 1153 2502 qui

172 2511 330 2544 praesunt
353 2505 384 2535 in
409 2507 529 2544 verbo,
565 2504 689 2547 diligite
712 2504 915 2537 excellenter
938 2511 1075 2546 propter
1097 2505 1155 2535 mi-

172 2547 343 2577 nisterium
366 2558 496 2587 eorum,
531 2555 563 2579 et
585 2559 701 2590 pacem
726 2559 805 2590 erga
830 2559 889 2580 eos
912 2548 1057 2580 tuemini.
1113 2546 1155 2578 Et

174 2592 216 2622 ad
239 2589 413 2622 Hebraeos
438 2591 567 2623 ultimo:
598 2593 738 2623 obedite
761 2593 955 2624 doctoribus
979 2590 1101 2623 vestris
1123 2596 1156 2621 et

1216 221 1484 261 obtemperantes
1508 220 1568 257 eis,
1591 225 1628 251 ut
1651 230 1726 251 cum
1750 221 1872 262 gaudio
1897 227 1930 252 et
1950 231 2015 253 non
2029 229 2201 264 gementes

1216 260 1289 295 suo*
1303 273 1438 294 munere
1461 261 1553 304 fungi
1577 263 1719 303 possint.
1756 263 1940 306 Singularis
1964 266 2115 309 doctri-a
2137 266 2204 299 hoo

1215 312 1395 348 praecepto
1416 306 1614 343 continetur,
1638 316 1712 337 eum
1737 307 1796 346 ait,
1814 313 1850 338 ut
1871 306 1965 350 fungi
1989 310 2121 349 possint
2140 320 2202 341 suo

1216 360 1352 381 munere
1376 360 1442 380 non
1467 354 1648 391 gementes,
1705 349 1790 380 Nam
1820 360 1894 381 cum
1916 362 1977 392 per
2001 362 2077 382 sese
2097 354 2203 384 omnis

1216 393 1427 435 gubernatio,
1455 393 1596 422 maxime
1625 402 1705 422 vero
1735 392 1975 424 Ecclesiastica
2010 393 2204 427 difficillima

1215 437 1268 473 sit,
1284 442 1315 466 et
1327 435 1426 476 plena
1437 445 1678 473 aerumnarum,
1691 433 1789 466 valde
1798 435 2005 468 cumulantur
2012 448 2202 477 aerumnae,

1215 489 1286 510 cum
1300 480 1342 509 ad
1356 485 1493 509 externa
1505 479 1737 519 impedimenta
1746 479 1879 510 accedit
1892 480 2074 511 domestica
2087 487 2202 512 contu-

1214 522 1330 552 macia.
1355 521 1499 552 Econtra
1512 532 1593 552 vero
1607 532 1680 552 cum
1700 522 1786 552 domi
1801 523 1979 553 concordia
1993 529 2055 562 est,
2069 523 2202 555 facilius

1214 565 1372 595 sustineri
1398 565 1578 596 certamina
1603 575 1677 595 cum
1701 566 1848 596 externis
1873 563 2026 596 hostibus
2050 573 2203 607 possunt.

1214 607 1290 638 Ideo
1315 608 1405 638 iubet
1428 608 1618 645 auditores,
1652 614 1688 638 ut
1715 618 1776 638 suo
1808 609 1970 649 obsequio
1994 608 2119 640 leniant
2142 621 2201 652 gu-

1213 651 1447 681 bernatoribus
1472 657 1623 681 caeteras
1649 649 1880 689 difficultates,
1911 658 1942 682 et
1966 653 2105 683 induant
2127 663 2202 683 eos-

1214 694 1287 724 dem
1306 693 1456 731 affectus,
1481 694 1656 724 ostendant
1681 704 1717 724 se
1740 693 1906 735 publicam
1932 694 2203 736 tranquillitatem

1214 738 1351 777 privatis
1376 737 1517 777 negotiis
1542 736 1719 776 anteferre,
1743 738 1832 779 quod
1852 738 1916 768 nisi
1940 737 2008 775 fiat,
2033 737 2202 770 cumulan-

1212 786 1265 810 tur
1288 780 1528 820 impedimenta.

1299 906 1500 938 Reverentia
1521 913 1642 945 autem,
1672 918 1770 948 quam
1793 909 1981 946 nominavi,
2011 915 2064 940 est
2095 919 2201 951 agno·

1214 960 1310 981 scere
1323 961 1382 980 eos
1396 951 1505 981 divino
1526 951 1705 981 ministerio
1725 950 1828 990 fungi,
1851 962 1892 982 ac
1910 962 1972 982 nos
1996 952 2089 993 ipsos
2102 953 2201 983 subii-

1214 1003 1290 1024 cere
1315 992 1391 1024 huic
1410 994 1615 1033 ministeriO,
1651 1004 1712 1024 nec
1736 993 1934 1025 maledicere
1957 1006 2056 1025 verae
2080 995 2201 1030 doetri-

1212 1046 1288 1074 nae,
1309 1046 1373 1066 nec
1398 1035 1602 1067 calumniose
1626 1037 1809 1077 depravare
1833 1044 1925 1068 recte
1949 1038 2034 1068 dicta
2059 1044 2090 1068 et
2109 1045 2201 1069 recte

1213 1078 1302 1109 sacta
1327 1080 1454 1119 piorum
1479 1085 1660 1119 pastorum.
1719 1079 1894 1110 Postremo
1919 1086 1952 1111 et
1974 1082 2122 1112 moribus
2146 1091 2201 1112 eo-

1212 1132 1283 1152 rum
1313 1122 1533 1152 infirmitatem
1562 1121 1704 1163 aliquam
1735 1123 1942 1161 condonare,
1969 1134 2055 1165 quae
2089 1130 2200 1155 tamen

1211 1175 1277 1195 non
1313 1165 1491 1195 coniuncta
1526 1171 1577 1195 est
1601 1176 1674 1196 cum
1698 1166 1876 1206 impietate,
1904 1176 1966 1196 nee
1990 1165 2202 1198 manifestam

1211 1208 1443 1248 turpitudinem
1469 1209 1626 1238 continet.
1693 1207 1728 1239 ld
1748 1208 1911 1250 significat
1936 1208 2102 1247 Christus,
2126 1220 2201 1241 cum

1211 1250 1301 1282 lavat
1323 1251 1427 1292 pedes
1452 1250 1707 1291 Apostolorum,
1739 1257 1770 1281 et
1794 1251 1980 1292 exemplum
2000 1263 2059 1283 eos
2082 1253 2202 1283 imitari

1211 1295 1308 1325 iubet..
1367 1293 1460 1324 'l'wtc
1484 1293 1580 1324 lavas
1604 1295 1707 1334 pedes
1728 1295 1952 1332 sacerdotum,
1983 1306 2055 1326 eum
2080 1296 2200 1327 sordes

1211 1348 1325 1368 eorum
1349 1335 1478 1378 placide
1503 1338 1662 1378 detergis,
1687 1343 1716 1367 et
1742 1343 1794 1368 tua
1810 1337 1979 1379 diligentia
1999 1338 2201 1370 offensiones

1211 1391 1324 1418 sanas,
1348 1390 1413 1410 non
1439 1378 1626 1411 exulceras.
1673 1379 1883 1411 Contrarium
1908 1379 2033 1412 faciunt
2050 1381 2199 1412 homines

1211 1423 1385 1464 prophani,
1422 1433 1484 1453 nec
1519 1422 1629 1453 solum
1659 1424 1782 1454 acerbe
1814 1425 1986 1465 exagitant
2010 1423 2097 1455 levia
2121 1425 2200 1456 vitia

1211 1473 1267 1497 aut
1302 1472 1428 1502 errata,
1468 1466 1527 1496 sed
1563 1467 1660 1497 etiam
1695 1465 1866 1497 virulentis
1901 1466 2075 1497 calumniis
2110 1475 2200 1498 recte

1212 1510 1300 1540 dicta
1335 1516 1364 1539 et
1392 1515 1480 1539 recte
1504 1509 1591 1539 sacta
1617 1510 1818 1549 depravant,
1851 1516 1882 1540 et
1906 1511 2076 1548 insidiose,
2099 1521 2199 1542 aucu-

1210 1558 1331 1593 pantur
1354 1558 1385 1582 et
1409 1558 1541 1592 captant
1578 1551 1706 1593 aliqua,
1737 1563 1822 1593 quae
1856 1553 1887 1582 in
1918 1554 2063 1594 speciem
2088 1564 2200 1594 repre-

1211 1596 1310 1626 hendi
1336 1602 1367 1626 et
1392 1596 1519 1626 traduci
1552 1602 1703 1636 possunt.
1773 1595 1864 1626 Haec
1888 1595 2108 1637 sycophantia
2132 1607 2199 1628 non

1211 1645 1261 1669 est
1294 1637 1369 1669 leve
1410 1646 1600 1680 peccatum,
1641 1649 1744 1679 quare
1791 1649 1828 1669 se
1869 1640 2010 1680 quisque
2045 1638 2199 1671 adsuefa-

1211 1683 1296 1719 ciat,
1330 1688 1365 1713 ut
1390 1688 1480 1712 recte
1504 1683 1665 1712 docentes
1689 1692 1730 1712 ex
1752 1682 1860 1712 animo
1884 1688 2078 1718 veneretur,
2115 1688 2147 1713 et
2170 1683 2199 1714 si

1211 1736 1307 1766 quam
1332 1724 1456 1755 habent
1478 1724 1752 1762 imbecillitatem,
1773 1726 1844 1756 sine
1869 1726 2046 1766 impietate,
2071 1732 2103 1757 et
2125 1727 2198 1757 sine

1212 1766 1385 1799 manifesta
1409 1769 1623 1809 turpitudine,
1649 1769 1794 1809 cogitent.
1819 1779 1895 1799 sese
1920 1770 2016 1799 etiam
2039 1770 2121 1800 vitia
2139 1768 2197 1800 ha-

1211 1813 1301 1849 bere,
1337 1822 1477 1852 quorum
1509 1812 1639 1842 veniam
1675 1812 1718 1842 ita
1757 1813 1822 1842 sint.
1852 1813 2067 1853 impetraturi,
2102 1812 2130 1842 si
2165 1817 2196 1843 et

1210 1854 1283 1885 aliis
1308 1855 1371 1895 ipsi
1396 1855 1585 1896 ignoscant,
1614 1861 1650 1885 ut
1674 1855 1717 1885 ait
1741 1854 1912 1885 Christus:
1948 1854 2127 1892 Remittite,
2163 1861 2197 1885 et

1211 1898 1392 1928 remittetur
1417 1898 1523 1928 vobis.
1570 1898 1655 1928 Nota
1680 1904 1730 1928 est
1754 1904 1851 1928 vetus
1870 1897 1982 1928 sabula
2009 1899 2046 1927 ‘ie
2067 1898 2196 1928 duabus

1209 1941 1373 1972 manticis.
1441 1940 1510 1972 Sua
1541 1941 1617 1971 vitia
1651 1939 1800 1970 homines
1832 1947 1963 1981 gestant
1986 1940 2018 1970 in
2042 1941 2195 1978 mantica,

1210 1995 1294 2025 quae
1314 1985 1434 2025 pendet
1457 1985 1488 2014 in
1513 1990 1628 2025 tergo,
1661 1982 1769 2013 aliena
1794 1989 1926 2024 gestant
1959 1985 1990 2014 in
2017 1984 2194 2014 contraria.

1210 2027 1278 2058 Cur
1301 2028 1345 2058 tui
1369 2028 1513 2067 pastoris
1527 2028 1662 2057 morbos
1676 2026 1782 2063 vides.
1804 2033 1878 2057 tuos
1901 2026 2069 2069 negligis?
2105 2027 2195 2058 llaec

1209 2071 1403 2101 iudiciorum
1438 2070 1642 2110 perversitas
1678 2070 1781 2110 gignit
1812 2077 1929 2110 postea
1960 2069 2044 2101 alias
2069 2075 2193 2110 pestes,

1209 2113 1347 2145 livorem
1372 2119 1403 2144 et
1427 2114 1513 2150 odia,
1539 2123 1623 2153 quae
1646 2113 1890 2143 invocationem
1917 2114 2106 2153 impediunt.
2153 2113 2194 2144 Et

1209 2158 1371 2188 interdum
1394 2156 1583 2198 perniciosa
1607 2156 1743 2186 dissidia
1762 2162 1944 2198 sequuntur
1967 2157 1998 2187 in
2018 2155 2194 2194 Ecclesiis‚

1210 2211 1294 2242 quae
1318 2206 1408 2231 recte
1433 2200 1632 2230 constitutae
1656 2198 1797 2230 fuerant.
1843 2199 1902 2230 His
1926 2198 2019 2230 malis
2040 2211 2115 2231 cum
2139 2209 2194 2230 oc-

1211 2245 1380 2275 casionem
1414 2243 1550 2284 praebet
1586 2243 1695 2273 iudicii
1731 2243 1776 2273 tui
1805 2243 2011 2283 perversitas
2036 2243 2077 2274 de
2102 2249 2193 2274 recte

1209 2288 1417 2324 docentibus,
1442 2286 1528 2316 scias
1552 2287 1593 2316 ad
1619 2291 1650 2316 te
1673 2286 1838 2326 pertinere
1868 2286 2089 2317 tristissimam
2114 2296 2193 2316 con-

1210 2331 1337 2362 cionem
1369 2329 1508 2360 Christi:
1544 2328 1618 2359 Vae
1653 2327 1794 2367 homini,
1830 2339 1889 2370 pet:
1919 2339 2016 2370 quem
2046 2329 2193 2360 exoritur

1209 2372 1414 2405 scandalum.
1462 2371 1637 2403 Caeterum
1661 2370 1794 2413 longior
1817 2379 1867 2403 est
1893 2373 2043 2403 doctrina
2063 2372 2104 2403 de
2128 2372 2192 2402 riti-

1210 2418 1284 2455 bus,
1303 2426 1388 2458 quos
1411 2415 1569 2457 Episcopi
1593 2426 1653 2447 seu
1676 2422 1829 2456 pastores
1853 2415 2043 2453 instituunt,
2073 2424 2131 2445 seu
2156 2419 2192 2446 ut

1209 2459 1310 2503 vulgo
1335 2460 1486 2496 dicimus,
1511 2460 1551 2490 de
1574 2459 1804 2490 traditionibus.
1828 2457 1991 2490 humanis.
2015 2458 2050 2488 ln
2073 2457 2191 2489 Eccle-

1208 2504 1266 2535 siis
1301 2508 1391 2534 recte
1424 2503 1600 2540 institutis,
1634 2503 1688 2533 ubi
1718 2503 1801 2533 ritus
1832 2503 1980 2534 serviunt
2010 2501 2190 2532 ministerio

1207 2544 1392 2589 Evangelii,
1417 2546 1504 2587 quod
1525 2556 1598 2577 cum
1621 2545 1715 2576 Deus
1738 2543 1905 2586 publicum
1928 2554 2006 2576 esse
2024 2543 2114 2583 velit,
2138 2553 2191 2575 or-

1209 2590 1283 2622 dine
1307 2590 1450 2631 quodam
1473 2589 1769 2621 administrandum
1792 2594 1861 2626 est,
1886 2593 2038 2619 teneatur
2060 2585 2188 2630 regula,
