2383 2990
199 138 235 149 ἢ..

178 138 239 169 loa)

177 232 248 266 stis,
284 242 349 262 non
374 237 450 262 sunt
473 229 761 270 reprehendenda,
795 230 894 261 modo
919 235 954 261 ut
975 230 1157 261 ministerio
1182 236 1186 291 ι

175 273 309 316 publico
333 286 429 305 suum
452 273 611 304 honorem
630 273 824 304 tribuamus.
1182 294 1186 326 Ι

424 451 562 482 ALIA
598 451 905 488 QUAESTIO.
1010 408 1013 410 '
1181 385 1185 511 ξ

174 566 283 616 Quid
329 566 587 606 sentiendum
635 572 696 606 est
744 568 795 607 de
837 568 1184 608 ordinationibus

511 625 798 668 Ecclesiasticis
809 628 826 667 Ῥ

258 766 387 810 Regula
418 769 560 799 tenenda
595 774 665 806 est,
696 779 781 810 quae
817 776 908 800 extat
942 771 1031 812 apud
1062 769 1156 801 Esai-
1181 763 1185 814 Ι

172 822 235 849 am,
271 817 302 841 et.
333 821 352 842 a
375 810 510 842 Christo
546 812 684 852 repetita
708 819 779 843 cst:
825 811 958 844 Nullum
989 823 1072 854 opus
1105 823 1157 844 es-

171 864 210 885 se
249 852 370 885 cultum
413 854 496 891 Dei,
543 855 630 896 quod
662 854 755 886 Deus
791 866 856 886 non
891 857 1051 897 praecipit
1093 819 1185 898 suoi

170 898 285 928 verbo.
338 897 423 927 Nam
455 908 498 928 ne
539 908 686 928 erremus
721 899 762 929 de
802 897 973 929 voluntate
1006 898 1089 937 Dei,
1125 905 1157 930 et

171 941 212 971 de
247 941 336 971 veris
373 938 526 974 cultibus,
561 939 654 970 Deus
685 947 811 972 tantum
845 940 922 973 illos
957 941 1066 973 cultus
1101 953 1157 983 ap-

168 984 301 1025 probat,
336 993 421 1024 quos
445 984 516 1024 ipse
547 993 607 1014 suo
630 984 735 1014 verbo
765 985 911 1015 instituit.
947 984 1040 1016 Sicut
1064 984 1157 1016 Chri-

172 1032 243 1057 stus
264 1026 381 1067 inquit:
406 1026 543 1056 Frustra
569 1025 680 1056 colunt
703 1037 755 1057 me
784 1028 947 1058 mandatis
975 1027 1155 1059 hominum.
1181 1038 1185 1066 ς

170 1068 221 1099 Αο
245 1070 355 1099 statim
381 1068 546 1099 horrenda
571 1068 679 1110 caligo
704 1069 882 1101 offunditur
901 1069 1065 1101 hominum
1090 1072 1156 1101 ani·
1181 1074 1185 1126 Ι

168 1113 248 1149 mis,
289 1122 362 1143 cum
397 1112 557 1151 obstrepit
598 1113 707 1152 opinio
743 1122 783 1143 ex
818 1112 967 1144 consiliis
1003 1113 1185 1145 humanis·

168 1165 271 1195 posse
295 1155 430 1185 iudicari
454 1155 495 1184 de
518 1153 690 1185 voluntate
720 1155 801 1193 Dei,
836 1163 867 1187 et
886 1157 1012 1188 institui
1036 1156 1154 1187 cultus.

168 1197 241 1228 Hoc
275 1198 398 1227 initium
429 1196 489 1228 suit
523 1198 554 1228 in
583 1198 705 1228 mundo
729 1198 907 1229 idolorum.
975 1199 1037 1231 llic
1062 1204 1156 1230 error

169 1239 303 1280 depellit
332 1247 460 1270 mentes
493 1251 513 1271 a
546 1250 627 1271 vera
651 1240 891 1280 consolatione,
924 1243 999 1282 quia
1021 1243 1154 1273 abducit

168 1293 227 1314 eas
250 1293 270 1313 a
293 1284 396 1313 verbo
420 1282 495 1320 Dei,
519 1289 551 1314 et
574 1296 592 1314 a
617 1294 695 1314 vera
720 1285 871 1315 doctrina
894 1284 980 1316 fidei.
1033 1285 1154 1316 Intelli-

171 1332 253 1367 gunt
278 1332 387 1356 autem
412 1327 499 1367 impii
523 1325 646 1357 cultum
669 1326 734 1358 Dei
759 1338 861 1368 opus,
896 1329 984 1369 quod
1009 1335 1155 1359 meretur

169 1369 446 1400 condonationem
470 1376 700 1409 peccatorum,
719 1376 749 1400 et
773 1370 837 1401 alia
863 1372 1009 1411 praemia
1039 1372 1153 1402 ‹livini-

168 1417 232 1449 tus,
268 1412 333 1442 Sed
359 1422 438 1442 vera
463 1411 609 1442 definitio
634 1418 695 1451 est,
731 1411 854 1444 cultum
877 1413 941 1444 Dei
967 1424 1044 1445 esse
1068 1424 1153 1455 opus

166 1454 356 1485 mandatum
380 1466 399 1485 a
422 1454 497 1486 Deo
523 1461 551 1485 ct
575 1454 649 1486 Deo
675 1454 831 1495 placens,
869 1458 962 1487 cuius
994 1457 1068 1487 finis
1103 1463 1153 1488 est

167 1498 350 1539 proximus,
374 1504 409 1528 ut
433 1497 526 1529 Deus
549 1508 610 1538 per
632 1499 665 1529 id
689 1509 772 1540 opus
797 1499 923 1530 honore
947 1499 1130 1531 adficiatur.

254 1574 421 1605 Teneatur
455 1585 536 1617 ergo
571 1575 700 1617 regula,
735 1576 951 1607 Ceremonias
985 1456 1183 1610 institutasl

168 1618 210 1649 ab
234 1618 501 1649 hominibusnon
526 1628 603 1649 esse
627 1618 736 1650 cultus
749 1618 909 1663 Dei,·nec
933 1621 1051 1651 mereri
1076 1631 1153 1651 con-

165 1661 380 1692 donationem
403 1668 632 1702 peccatorum,
656 1672 719 1693 nee
743 1661 808 1693 alia
830 1663 986 1704 praemia.
1177 1618 1184 1791 ἱ

254 1738 360 1769 Porro
384 1745 418 1769 ut
442 1745 572 1770 constat
595 1737 752 1781 fugienda
777 1750 855 1770 esse
878 1739 977 1777 idola,
1000 1740 1045 1771 ita
1068 1739 1154 1771 tales

167 1782 361 1812 traditiones
385 1782 590 1813 abiiciendae
614 1788 702 1821 sunt,
725 1793 811 1823 quae
827 1789 1057 1823 proponuntur
1080 1794 1153 1814 cum

166 1823 230 1854 hac
255 1825 501 1865 superstitione,
525 1827 614 1867 quod
640 1826 705 1856 sint
729 1827 954 1864 necessariae,
984 1833 1039 1857 aut
1064 1827 1153 1868 quod

167 1868 250 1898 ritus
274 1866 319 1898 illi
343 1868 408 1898 sint
433 1867 553 1907 cultus,
576 1874 631 1899 aut
655 1867 789 1909 placent
813 1868 940 1906 Deum,
971 1876 1027 1900 aut
1049 1880 1154 1900 mere-

166 1917 265 1941 antur
288 1912 444 1951 praemia,
468 1918 504 1943 ut
527 1912 645 1942 messis
669 1913 864 1950 ubertatem,
890 1913 1074 1950 victoriani,
1100 1914 1153 1943 de-

165 1953 352 1995 pulsionem
375 1955 579 1992 morborum,
604 1961 659 1985 aut
684 1954 812 1986 similia.
838 1954 979 1986 Constat
1003 1956 1086 1986 enim
1110 1957 1152 1986 ita

167 1997 318 2028 crevisse
342 1996 449 2035 idola,
475 1998 551 2028 dum
575 1998 672 2028 animi
697 1998 803 2040 ignari
827 1999 1000 2030 doctrinae
1025 1999 1065 2029 de
1078 1998 1153 2036 fide,

166 2038 396 2080 confugientes
420 2041 463 2071 ad
488 2041 706 2078 ceremonias,
729 2042 965 2082 quaesiverunt
996 2041 1152 2072 auxilium

165 2082 197 2112 in
229 2083 329 2112 variis
359 2083 528 2123 periculis.
596 2084 673 2115 ldeo
704 2083 788 2115 alius
813 2091 955 2115 testatus
979 2095 1017 2115 se
1041 2091 1153 2125 petere

165 2125 272 2156 bonas
296 2131 522 2167 tempestates,
545 2127 712 2158 invocavit
733 2127 844 2158 lovem
869 2134 1048 2158 tonantem.
1083 2127 1152 2158 Ali-

164 2178 204 2199 us
228 2174 369 2199 testatus
394 2180 431 2200 se
456 2177 568 2210 petere
591 2171 781 2208 victoriam,
818 2172 983 2202 invocaxit
1014 2170 1152 2201 Martem

164 2209 369 2242 bellatorem.
400 2212 530 2244 Deinde
553 2214 682 2254 positae
705 2220 782 2244 sunt
805 2220 944 2251 statuae,
969 2214 1069 2244 additi
1084 2225 1153 2244 cer·
1178 2238 1181 2244 .

167 2255 190 2285 ti
215 2255 309 2291 ritus,
334 2266 393 2295 per
416 2266 501 2296 quos
525 2254 684 2296 putabant
700 2256 808 2287 Deum
832 2255 966 2298 placari.
1015 2256 1070 2287 Sic
1094 2258 1153 2287 ini-
1177 2249 1181 2286 Ι

165 2298 210 2328 tio
236 2298 339 2328 crevit
362 2297 572 2336 idolomania,
598 2310 696 2340 quam
715 2306 832 2340 postea
857 2301 1000 2331 imitatus
1026 2308 1075 2330 est
1101 2311 1152 2330 or-

165 2340 272 2371 bis³in
297 2341 507 2372 invocatione
530 2350 733 2379 sanctorum,
757 2350 787 2373 et
811 2342 885 2374 aliis
910 2344 1152 2384 superstitiosis

166 2383 411 2421 traditionibus,
447 2384 649 2417 Monastica,
686 2386 826 2423 ieiuniis,
850 2386 1025 2417 missaru'm
1049 2385 1151 2427 appli-

168 2427 308 2457 catione.
353 2426 406 2457 De
429 2428 480 2458 his
505 2429 795 2468 superstitionibus
815 2431 967 2460 omnibus
986 2431 1149 2460 servanda
1175 2454 1180 2475 ι

167 2475 219 2499 est
250 2469 387 2510 regula:
422 2470 538 2512 Fugite
572 2471 804 2503 idololatriam.
873 2472 1049 2503 Caeterum
1075 2479 1150 2503 sunt
1174 2487 1179 2563 ³

1174 2566 1177 2584 t

167 2510 267 2552 aliqui
292 2512 388 2542 utiles
409 2514 502 2551 ritus,
537 2525 675 2555 quorum
702 2514 774 2545 finis
799 2521 848 2546 est
872 2515 1038 2556 politicus,
1063 2516 1150 2546 vide-

168 2552 255 2592 licet,
290 2557 364 2596 quia
401 2556 545 2587 efficiunt
582 2559 729 2588 ordinem
765 2568 824 2588 sen
859 2558 997 2596 εὐταξίαν
1031 2559 1062 2588 in
1087 2558 1150 2588 bat.-

169 2599 333 2629 communi
357 2600 436 2630 vita.
481 2599 540 2630 Est
564 2602 647 2631 enim
673 2600 863 2632 intellectus
883 2602 1008 2632 ordinis
1027 2601 1150 2632 homini
1175 2602 1177 2612 ¹

796 136 909 167 PHIL.
933 135 1036 166 MEL.
1061 135 1250 168 SCR1PTA
1271 134 1550 167 DOGMA'HCA.

2131 134 2193 167 136

1209 231 1375 272 propriuS,
1399 236 1431 260 et
1455 229 1603 260 actiones
1626 228 1792 260 humanae
1814 229 1845 260 in
1869 228 1933 260 hac
1957 229 2116 260 varietate
2138 239 2193 260 ae·

1210 280 1312 304 tatum
1337 279 1368 304 et
1388 273 1609 314 negotiorum,
1632 270 1802 313 postulant
1825 273 2013 303 discrimina
2030 272 2192 313 quaedam

1210 323 1407 357 temporum,
1441 315 1603 353 locorum,
1634 320 1667 345 et
1690 316 1932 353 exercitiorum,
1951 322 1985 347 ut
2009 316 2040 345 in
2066 314 2192 346 scholis

1211 360 1384 390 distinctae
1407 364 1482 390 sunt
1507 357 1646 396 classes,
1681 364 1755 388 sunt
1779 359 1902 399 gradus
1926 358 2114 390 lectionum.
2144 358 2194 390 lta
2228 367 2231 370 ⁴

1210 409 1246 433 ut
1268 403 1353 433 sciat
1375 401 1530 443 populus,
1555 401 1687 442 quando
1713 402 1976 432 conveniendum
2007 402 2047 432 sit
2072 402 2114 433 ad
2137 413 2194 433 au·
2235 413 2244 419 ·

1211 446 1347 476 diendas
1369 446 1561 482 conciones,
1585 450 1615 475 et
1639 445 1681 474 ad
1694 446 1789 474 usum
1811 445 2113 483 §aeramentorunn
2136 443 2193 475 ali-

1211 489 1265 530 qui
1290 489 1360 519 dies
1385 488 1575 519 nominatim
1599 486 1649 517 his
1674 488 1775 518 rebus
1800 487 1954 518 destinati
1978 494 2064 518 sunt.
2131 487 2194 519 Hic

1211 532 1293 562 ordo
1327 537 1438 572 potest
1473 532 1545 561 sine
1579 530 1814 571 superstitione
1845 532 1984 562 servari.
2051 530 2093 561 Et
2117 530 2194 572 quia

1211 575 1313 605 servit
1338 575 1517 605 ministerio
1536 573 1732 615 Evangelii,
1758 584 1825 605 non
1849 580 1901 604 est
1925 573 2111 605 violandus.
2151 573 2194 605 Et

1210 618 1265 658 qui
1284 616 1422 654 violant,
1445 618 1489 648 ita
1513 622 1549 648 ut
1572 616 1626 648 vel
1650 622 1784 657 propter
1807 617 1918 648 odium
1941 615 2113 658 Evangelii
2135 617 2194 648 ab·

1211 661 1277 691 sint
1300 671 1319 690 a
1333 661 1561 697 concionibus,
1584 660 1639 690 vel
1651 659 1736 690 alios
1751 660 1916 691 abducant
1941 670 2002 691 suo
2027 658 2192 701 exemplo,

1210 704 1357 744 graviter
1379 709 1529 744 peccant..
1574 703 1646 734 Nec
1669 704 1831 733 iuventuti
1845 703 2061 734 concedenda
2084 708 2135 733 est
2156 701 2194 733 li·

1211 746 1317 776 centia
1342 745 1532 787 negligendi
1557 745 1707 787 publicas
1733 746 1948 777 ceremonias.
2002 746 2086 776 Nam
2117 755 2194 776 con-

1210 789 1349 819 suetudo
1374 788 1430 819 illa
1455 788 1562 820 adfert
1596 789 1860 830 prophanitatem
1883 788 2068 820 Etlmicam.
2115 788 2192 819 Ideo

1210 830 1404 872 disciplinae
1427 842 1531 863 cansa
1556 838 1630 863 sunt
1655 833 1807 873 cogendi,
1830 838 1864 862 ut
1887 833 2037 862 intersint
2051 830 2193 873 publicis

1211 875 1424 913 ceremoniis,
1455 881 1485 905 et
1521 875 1653 906 audiant
1691 876 1890 913 conciones,
1924 882 1957 905 nt
1994 875 2044 905 bis
2079 875 2193 915 primis

1210 918 1374 949 exercitiis
1398 918 1583 948 adsuetiant
1595 919 1637 948 ad
1655 919 1874 949 reverentiam
1894 928 1995 948 verae
2006 917 2192 959 religionis,

1210 966 1238 991 et
1265 961 1306 991 ad
1331 961 1523 991 discendum
1545 959 1773 1004 Evangelium.

1515 1117 1578 1156 De
1613 1116 1885 1171 Obligatione.

1295 1224 1463 1267 Volgares
1493 1223 1594 1256 libelli
1630 1225 1769 1255 recitant
1811 1225 1873 1255 tria
1907 1235 2008 1265 opera
2043 1225 2193 1265 Sabbati,

1208 1267 1375 1299 Interesse
1401 1269 1596 1299 ceremoniis
1620 1267 1775 1309 publicis,
1798 1269 2023 1309 precationem
2046 1274 2078 1299 et
2100 1267 2194 1300 obla-

1208 1312 1340 1343 tionem.
1408 1312 1491 1342 Cnm
1523 1312 1607 1342 enim
1633 1312 1854 1342 conveniebat
1878 1310 2045 1349 Ecclesia,
2070 1311 2193 1354 singuli

1208 1354 1391 1385 offerebant
1412 1353 1546 1395 aliquod
1570 1364 1699 1384 munus.
1766 1353 1815 1384 Ex
1840 1354 1903 1385 hac
1928 1353 2105 1386 collatione
2128 1355 2193 1396 pri-

1207 1408 1293 1428 mum
1316 1395 1427 1438 aliqua
1445 1407 1525 1437 pars
1549 1397 1704 1426 ministris
1729 1397 1878 1427 dabatur.
1924 1396 2065 1438 Reliqua
2085 1398 2193 1428 distri·

1208 1440 1595 1481 buebatur-pauperibus.
1642 1439 1737 1469 Hunc
1759 1449 1882 1469 morem
1906 1437 2011 1470 fuisse
2035 1447 2067 1470 et
2090 1440 2192 1471 bisto-

1207 1484 1275 1513 riae
1299 1489 1331 1513 et
1355 1489 1486 1513 veteres
1510 1483 1664 1513 (fanones
1684 1488 1714 1512 et
1739 1481 1841 1513 multa
1855 1483 1995 1523 vestigia
2018 1488 2192 1514 testantur.

1206 1525 1286 1557 Inde
1320 1526 1406 1556 enim
1429 1532 1461 1556 et
1495 1524 1737 1566 appellationes
1762 1526 1925 1566 quaedam
1947 1525 2057 1557 sactae
2081 1526 2194 1557 viden-

1207 1576 1278 1607 tur,
1315 1575 1349 1599 ut
1372 1568 1495 1606 Missa,
1530 1569 1618 1610 quod
1650 1568 1813 1599 Hebraeis
1845 1568 2013 1610 significat
2037 1570 2194 1601 tributum

1208 1622 1269 1643 seu
1293 1610 1513 1643 collationem.
1569 1611 1611 1642 Et
1645 1610 1744 1650 ἀγάπη
1767 1611 1936 1653 significat
1960 1611 2193 1654 eleemosynas

1209 1661 1239 1686 et
1263 1654 1328 1685 hoc
1351 1656 1482 1686 nomine
1504 1655 1668 1686 interdurn
1691 1665 1752 1695 pro
1773 1655 1845 1694 ipsa
1858 1653 1983 1696 Synaxi
1996 1655 2092 1686 abusi
2105 1660 2194 1694 sunt,

1208 1699 1284 1739 quia
1308 1699 1351 1729 ibi
1376 1698 1611 1740 elcemos3nac
1635 1698 1927 1728 distribuebantur.
1972 1697 2120 1729 Manavit
2136 1709 2194 1730 au·

1208 1748 1273 1772 tem
1303 1740 1488 1782 exemplum
1512 1752 1529 1771 a
1554 1740 1679 1782 populo
1701 1740 1814 1771 lsrael.
1867 1741 1950 1771 Nam
1974 1740 2194 1773 sacrificaturi

1209 1784 1390 1815 afferebant
1411 1785 1585 1822 victimam,
1609 1790 1639 1815 et
1663 1791 1791 1825 partem
1813 1784 1935 1814 dabant
1949 1785 2191 1816 sacerdotibus.

1208 1827 1352 1869 ideoque
1365 1828 1521 1868 seriptum
1538 1834 1604 1858 est:
1626 1827 1701 1858 Non
1725 1827 1904 1868 apparebis
1928 1837 2055 1858 vacuus
2080 1837 2192 1858 coram

1208 1881 1269 1901 me.
1338 1870 1442 1902 Recte
1477 1871 1577 1912 igitur
1611 1877 1801 1901 numeratur
1836 1868 1957 1900 oblatio
1981 1870 2066 1900 inter
2089 1880 2192 1910 opera

1209 1913 1357 1952 Sabbati,
1393 1914 1454 1945 sed
1489 1912 1675 1945 collationis
1709 1913 1784 1943 finis
1818 1913 2026 1943 immediatus
2061 1919 2092 1943 et
2116 1924 2191 1953 pro-

1208 1957 1298 1997 prius
1324 1958 1364 1987 sit
1389 1957 1538 1998 primum,
1562 1963 1595 1987 nt
1621 1957 1788 1987 ministros
1812 1955 1975 1991 iuvemus,
2000 1956 2130 1993 deinde,
2155 1962 2191 1987 ut

1208 2001 1408 2040 pauperibus
1433 1999 1640 2041 opitulemur.
1665 1998 1755 2029 Talis
1776 1997 1898 2028 oblatio
1923 1997 1987 2028 hoc
2014 1998 2078 2028 fine
2102 1997 2191 2030 faeta

1208 2042 1316 2083 placet
1340 2043 1424 2073 Deo.
1472 2043 1532 2073 liic
1557 2048 1665 2073 autem
1697 2040 1871 2082 complecti
1898 2042 2056 2072 debemus
2081 2041 2191 2072 omnia

1208 2085 1317 2117 officia
1341 2096 1419 2127 erga
1444 2086 1623 2116 ministres.
1654 2084 1782 2126 Exigua
1807 2085 1968 2126 quaedam
1993 2084 2189 2126 significatio

1208 2136 1259 2160 est
1294 2129 1499 2160 reverentiae
1529 2139 1609 2170 erga
1634 2128 1850 2158 ministerium
1875 2126 2024 2169 vulgaris
2049 2137 2190 2158 consue-

1206 2173 1285 2203 tudo
1322 2172 1499 2209 ofl'erendi,
1535 2172 1593 2201 sed
1630 2177 1735 2201 tamen
1761 2171 1845 2201 haec
1870 2180 2003 2212 quoque
2026 2169 2190 2202 laudanda

1207 2222 1256 2245 est
1280 2217 1322 2245 ob
1348 2226 1419 2245 eam
1444 2225 1589 2252 causam,
1612 2215 1686 2255 quia
1712 2212 1896 2255 exemplum
1910 2214 2078 2251 admonet,
2101 2213 2189 2255 quod

1207 2259 1363 2289 ministris
1389 2259 1566 2288 debeamus
1591 2258 1731 2297 gratiam
1757 2264 1787 2287 et
1812 2257 2007 2287 nwrcedem.
2037 2256 2189 2287 Sciamus

1206 2308 1312 2332 auten}
1339 2302 1450 2331 (lebeti
1475 2302 1521 2330 eis
1547 2301 1631 2330 omni
1656 2306 1803 2340 tempore
1828 2299 1892 2330 alia
1917 2300 2040 2330 maiora
2066 2298 2187 2331 officia.

1207 2344 1382 2375 Caetemm
1417 2344 1647 2384 superstitiosa
1685 2344 1793 2383 opinio
1826 2343 1857 2373 in
1883 2342 2108 2373 oblationibus
2131 2343 2187 2372 im-

1205 2388 1374 2428 probanda
1400 2393 1469 2424 est,
1504 2384 1609 2428 qualis
1635 2385 1691 2416 fuit
1717 2386 1933 2417 Etbnieorum
1956 2393 1985 2416 et
2011 2383 2187 2418 multorum

1205 2431 1328 2461 nostris
1353 2430 1564 2470 temporibus·
1590 2440 1653 2470 qna
1678 2430 1821 2470 ingentia
1848 2429 1982 2459 donaria
2007 2427 2188 2459 attulerunt

1204 2474 1234 2503 in
1260 2472 1379 2514 templa
1403 2483 1468 2503 non
1494 2472 1557 2503 boc
1594 2474 1672 2509 line,
1708 2479 1741 2502 ut
1766 2472 1932 2503 ministros
1955 2471 2107 2501 iuvarent
2131 2477 2188 2503 aut

1203 2527 1383 2557 pauperes,
1425 2516 1483 2546 sed
1520 2516 1594 2556 quia
1626 2517 1808 2546 sentiebant
1847 2514 1920 2545 Deo
1953 2513 2088 2555 plaeere
2121 2513 2187 2545 hoc

1204 2561 1308 2600 ipsum
1335 2570 1438 2600 Opim,
1474 2566 1627 2600 tanquam
1654 2557 1775 2589 cultum
1806 2564 1837 2588 et
1860 2558 2019 2587 bonorem
2044 2555 2186 2597 peculia—

1205 2614 1282 2636 rem,
1319 2609 1349 2633 et
1386 2603 1502 2633 mereri
1537 2612 1573 2632 se
1610 2602 1747 2643 gratiani
1781 2602 1846 2632 boc
1871 2610 1987 2641 opere,
2012 2601 2094 2631 sicut
2119 2600 2183 2632 bac
