2383 2990
118 142 183 174 759

430 234 596 267 Psalmo
621 233 781 267 CXLlffl.

205 304 356 337 Gloriam
385 306 478 347 regni
509 305 554 336 tui
578 305 706 342 dicent,
742 310 771 335 et
802 303 982 346 potentiam
1015 307 1108 334 tuam
1134 281 1137 344 ἱ

114 348 309 392 loquentur.

205 418 248 450 Ut
287 424 401 450 notam
435 416 561 450 faciant.
601 416 677 448 filiis
724 416 891 449 hominum
928 416 1109 458 potentiam
1135 446 1137 453 ,

117 469 220 496 tuam.
266 461 507 494 Laudationem
530 460 664 493 Domini
686 459 842 503 loquetur
865 470 904 492 os
926 470 1047 492 meum.

430 566 435 571 ·
468 547 669 580 Matthaei
693 547 750 579 Vl.

206 619 352 651 Primum
377 619 526 661 quaerite
549 629 688 661 regnum
710 617 794 656 Dei,
818 625 851 649 et
874 624 1009 650 caetera
1031 617 1110 649 adii-

118 663 247 696 cientur
269 663 376 703 vobis.

483 748 684 781 Matthaei
702 749 744 781 X.

210 820 326 852 Omnis
351 820 407 862 qui
430 830 483 851 me
506 818 684 852 confessus
709 818 805 851 fuerit
830 829 943 851 coram
973 817 1110 849 homini·
1135 850 1139 856 ,

120 866 197 903 bus,
223 863 413 895 confitebor
435 870 467 895 et
490 874 556 907 ego
581 874 654 895 euin
675 873 788 895 coram
818 868 913 905 patre
935 872 1020 893 meo.
1044 861 1110 897 Qui

119 914 228 940 antem
251 908 423 950 negaverit
445 918 498 939 me
522 917 635 939 coram
648 907 850 943 hominibus,
875 906 1008 948 negabo
1033 915 1109 937 eum

118 962 234 984 coram
257 958 352 993 patre
375 961 460 983 meo.
500 989 503 993 ἥ

498 1038 540 1069 10
549 1048 608 1070 an.
637 1037 721 1069 VIII.

205 1109 269 1145 Qui
293 1119 333 1140 ex
359 1108 433 1140 Deo
458 1115 522 1147 est,
546 1110 686 1140 verbum
709 1107 773 1140 Dei
797 1108 894 1139 audit.

528 1196 636 1227 loan.
661 1195 702 1226 X.

203 1266 293 1297 Oves
317 1275 412 1298 meae
436 1275 554 1297 vocem
576 1275 684 1297 meam
707 1266 841 1297 audiunt
866 1272 930 1296 etc.

515 1351 645 1384 Marci
670 1351 711 1384 X.

206 1421 374 1464 Discipuli
401 1422 659 1465 indignabantur
694 1423 909 1454 offerentibus
940 1420 1112 1463 parvulos,

121 1465 216 1502 Quos
241 1476 315 1497 cum
339 1466 467 1498 videret
489 1466 597 1504 lesus‚
620 1467 756 1508 indigne
778 1465 851 1498 tulit
874 1473 906 1498 et
924 1467 983 1497 ait:
1008 1465 1112 1497 Sinite

118 1508 281 1552 parvulos
314 1510 428 1542 venire
462 1511 505 1541 ad
529 1520 598 1549 ine,
631 1516 663 1541 et
692 1521 735 1542 ne
769 1510 1004 1552 prohibueritis
1040 1520 1111 1548 eos,

118 1552 234 1586 talium
259 1560 309 1585 est
333 1555 419 1585 enim
443 1564 582 1597 regnum
607 1553 776 1586 coelorum
801 1562 866 1586 etc.

367 1638 381 1646 ¹
456 1657 459 1659 >
503 1641 645 1673 Lucae
669 1640 724 1672 xl.

207 1709 272 1747 Qut
296 1722 365 1742 non
389 1718 439 1743 est
458 1722 600 1750 mecum,
624 1718 741 1743 contra
764 1722 816 1743 me
840 1719 902 1749 est,
927 1720 959 1743 et
978 1712 1113 1754 quinon

122 1753 250 1798 colligit
274 1765 414 1794 mecum,
439 1756 610 1797 dispergit.

502 1842 641 1875 Lucae
664 1841 720 1874 Xl.

123 1954 160 1986 ffl
185 1911 300 1987 dBeati
328 1913 382 1954 qui
417 1913 550 1945 audiunt
583 1914 721 1944 verbum
746 1911 826 1949 Dei,
861 1921 892 1944 et
924 1913 1114 1944 custodiunt

161 1966 182 1987 u
209 1980 216 1986 .

758 136 873 170 PmL.
896 135 1001 169 MEL.
1014 134 1206 168 SCRIPTA
1228 132 1512 167 DOGMATicA.

2091 132 2156 164 760

1567 229 1674 263 Rom.
1698 230 1742 263 X.

1248 299 1361 333 Corde
1379 302 1526 335 creditur
1549 302 1592 333 ad
1615 302 1790 339 iustitiam,
1814 307 1847 333 et
1879 311 1937 333 ore
1961 300 1997 333 fit
2021 301 2156 334 conses-

1134 348 1137 383 ζ
1161 345 1212 377 sio
1235 346 1278 377 ad
1302 343 1455 377 salutem.

1515 431 1656 464 Matth.
1680 431 1796 464 Xvnl.

1249 502 1313 538 Qui
1344 504 1532 544 susceperit
1560 513 1659 534 unum
1684 501 1858 543 parvulum
1892 501 1992 534 talem
2030 502 2064 534 in
2098 512 2158 534 no-

1161 547 1249 578 mine
1273 556 1358 584 meo,
1382 557 1435 578 me
1457 547 1609 588 suscipit.

1249 615 1313 652 Qui
1337 623 1446 649 autem
1470 615 1749 649 scandalizaverit
1779 627 1879 648 unum
1902 617 1944 648 de
1967 614 2096 657 pusillis
2119 614 2158 647 il-
2179 616 2183 619 ⁷

1161 659 1214 699 lis,
1240 660 1295 702 qui
1317 660 1349 691 in
1374 671 1426 692 me
1449 662 1608 700 credunt,
1643 661 1774 701 expedit
1799 661 1848 699 ei,
1872 668 1905 692 ut
1929 660 2158 701 suspendatur

1162 702 1251 735 mola
1292 705 1437 736 asinaria
1472 705 1503 736 in
1541 703 1631 736 collo
1666 705 1756 742 eius,
1791 711 1824 735 et
1859 705 2096 746 submergatur
2123 703 2158 735 in

1162 746 1328 789 profundo
1353 749 1465 780 maris.

1384 834 1530 877 Ephes.
1551 836 1608 867 Vt.
1633 844 1663 868 et
1689 835 1857 868 coloss.
1883 835 1935 867 ΙΙΙ.

1252 906 1388 944 Patres,
1412 904 1514 937 nolite
1539 906 1581 937 ad
1611 906 1871 949 indignationem
1895 913 1926 937 et
1950 906 2158 938 iracundiam

1163 960 1351 991 provocare
1374 948 1462 981 filios
1485 956 1632 988 vestros,
1651 960 1693 981 ne
1704 948 1825 991 pusillo
1844 951 1955 982 animo
1968 949 2060 981 fiant.
2089 949 2158 982 Sed

1164 994 1306 1025 educate
1329 992 1408 1025 illos
1431 993 1463 1024 in
1489 993 1686 1035 disciplina,
1722 1000 1753 1025 et
1778 994 1987 1025 correctione
2012 993 2156 1025 Domini.

1541 1079 1706 1112 Coloss.
1733 1079 1784 1111 ΙΙΙ.

1252 1151 1399 1182 Verbum
1423 1150 1486 1183 Dei
1511 1150 1667 1182 abundet·
1683 1152 1765 1182 inter
1790 1161 1870 1188 VOS,
1894 1161 1970 1182 cum
1995 1150 2082 1182 omni
2106 1160 2158 1181 sa-

1163 1195 1294 1237 pientia.
1647 1206 1651 1210 ·

1512 1282 1701 1314 Ebraeos
1727 1281 1811 1313 Xlll.

1254 1353 1319 1383 Per
1363 1354 1470 1394 ipsunt
1513 1364 1594 1395 ergo
1641 1352 1819 1384 offeramu—
1863 1352 2005 1384 hostiain
2051 1350 2158 1383 laudis

1165 1405 1300 1437 semper
1323 1395 1411 1434 Deo,
1435 1397 1467 1427 id
1492 1404 1554 1434 est,
1578 1395 1723 1428 fructu-n
1748 1395 1911 1428 labiorum
1931 1394 2160 1427 confitentium

1164 1451 1287 1471 nonunt
1312 1450 1394 1471 eius.

1255 1511 1305 1541 Ad
1329 1510 1391 1540 has
1415 1511 1599 1541 sententias
1624 1512 1788 1551 pertinent
1801 1508 1963 1551 exempla,
1987 1510 2019 1540 in
2040 1508 2160 1550 quibus

1165 1554 1310 1585 ostendit
1335 1553 1429 1585 Deus
1454 1565 1491 1585 se
1518 1554 1717 1585 benetacerc
1741 1555 1793 1587 iis,
1818 1554 1872 1595 qni
1893 1551 2029 1585 abolent
2053 1550 2159 1583 idolo-

1167 1596 1306 1635 latriam,
1332 1607 1358 1628 ei
1389 1599 1560 1629 restituant
1589 1598 1911 1635 xeramdoctrinam.
1935 1605 1967 1627 et
1995 1598 2065 1637 pios
2091 1594 2160 1627 cul·

1165 1648 1229 1673 tus.
1277 1641 1423 1673 Ecoiitra
1449 1652 1530 1673 vero
1557 1643 1646 1683 punit
1672 1643 1790 1682 impios
1815 1641 1869 1683 qui
1894 1640 2065 1672 stabiliunt
2089 1640 2158 1670 ido-

1165 1684 1331 1716 lolatriam
1356 1694 1385 1716 et
1412 1687 1543 1727 impiam
1569 1687 1768 1718 doctrinam.
1795 1692 1826 1716 ut
1853 1686 1956 1723 Abia,
1994 1684 2081 1721 Asa,
2112 1683 2160 1714 lo-

1166 1730 1297 1770 saphat.
1321 1728 1496 1763 Ezechias,
1523 1730 1639 1768 iosias,
1665 1729 1882 1767 Min-habeus,
1906 1727 2161 1764 Constantinus,

1165 1772 1388 1810 Theodosius,
1415 1774 1543 1808 <leiensi
1569 1783 1643 1805 sunt
1670 1774 1838 1810 (livinitus,
1863 1782 1893 1804 et
1917 1772 2022 1803 ornati
2045 1770 2161 1803 claris·

1167 1817 1258 1847 simis
1294 1818 1454 1848 victoriis.
1513 1817 1657 1849 Econtra
1693 1815 1895 1847 horribiliter
1931 1816 2043 1857 punc¹i
2085 1821 2162 1846 sunt

1166 1862 1356 1899 lerobomn,
1391 1861 1527 1899 Achab,
1965 1859 2162 1896 Antiochus,

1168 1904 1270 1936 Nero.
1296 1914 1326 1936 et
1353 1904 1490 1936 similes.

1566 1860 1695 1892 les-abel
1705 1884 1713 1895 .,
1750 1860 1907 1892 Manasse
1916 1884 1924 1898 ,

1018 2584 1276 2623 Brunsvigae,

929 2646 1011 2677 'l'ypis¹
1032 2653 1182 2677 expressum
1202 2645 1238 2669 M.
1258 2645 1374 2670 Bruhnii.
