2383 2990
131 143 196 175 465

470 236 509 267 ll.
545 235 780 272 QUAESTIO.

192 335 411 386 Quomodo
451 334 608 390 possint
647 334 735 374 fieri
767 335 876 375 bona
908 333 1060 389 opera?

217 461 326 503 Saepe
350 461 471 492 dictum
494 467 546 492 est
570 471 684 502 supra,
718 459 880 501 reliquam
904 470 981 491 esse
1004 461 1037 491 in
1061 459 1120 491 ho-

128 505 216 537 mine
239 515 306 536 non
330 511 446 536 renato
470 503 656 535 libertatem
680 509 848 544 utcunque
871 504 1040 545 regendae
1072 502 1120 534 lo-

130 549 329 586 comotivae,
363 549 449 579 sicut
484 548 605 579 usitate
638 546 814 588 loquimur.
861 546 973 582 Quare
1009 552 1120 588 potest

128 591 230 623 homo
267 591 378 633 aliquo
414 592 512 622 modo
548 597 702 622 externas
728 590 877 621 actiones
903 589 1016 621 facere
1041 600 1119 621 con-

128 641 287 678 gruentes
312 635 395 677 Legi
422 634 499 665 Dei:
547 634 744 676 Quanquam
778 632 863 664 haec
887 633 1024 665 libertas
1049 632 1119 665 lan-

129 679 260 722 guidior
284 684 336 710 est
359 680 390 710 in
410 678 474 709 hac
498 677 686 708 infirmitate
717 684 856 708 naturae
880 677 1062 715 hominum,
1087 682 1118 708 et

128 723 326 762 saepissime
349 723 524 763 impeditur
554 722 681 751 insidiis
706 719 938 752 Diabolorum.
985 721 1053 752 Sed
1078 721 1118 752 de

126 767 284 798 interiore
308 767 497 798 obedientia
521 765 693 796 sciendum
716 770 786 803 est,
810 764 975 803 videlicet,
999 765 1040 795 de
1064 775 1120 795 ve-

127 820 165 841 ra
199 811 368 851 agnitione
392 809 467 847 Dei,
503 809 544 839 de
578 819 660 839 vero
696 808 824 846 timore,
860 809 901 840 de
933 819 1013 839 vera
1037 808 1120 839 fidu-

128 854 180 885 cia
214 853 428 890 MediatoriS,
472 853 513 883 de
551 850 676 882 laetitia
715 852 745 882 in
783 851 857 883 Deo
900 858 931 883 et
973 850 1120 883 dilectio-

127 908 170 928 ne
195 897 268 935 Dei,
303 897 344 927 de
367 896 521 926 firmitate
544 895 620 926 fidei
640 896 671 925 in
691 894 861 936 periculis,
887 895 1120 926 liancinterio-

127 951 197 971 rem
232 939 350 978 lucem,
386 945 415 970 et
441 946 550 970 motus
575 945 799 980 congruentes
824 939 907 981 Legi
930 939 1011 977 Dei,
1054 949 1120 969 non

126 994 230 1026 posse
264 983 414 1015 inchoari
449 983 522 1014 sine
546 981 750 1023 Evangelio,
783 989 815 1013 et
850 983 912 1014 nisi
947 983 1019 1023 ipso
1044 982 1119 1013 Deo

127 1027 300 1065 trahente,
337 1032 492 1058 movente
524 1033 556 1057 et
586 1032 770 1057 renovante
805 1033 950 1057 mentem
985 1032 1017 1057 et
1049 1036 1119 1064 eor,

127 1071 216 1113 quod
240 1072 283 1102 ita
307 1070 357 1101 fit:
383 1071 458 1112 lpse
482 1069 585 1101 Filius
605 1069 668 1100 Dei
693 1076 744 1100 est
768 1068 889 1100 efficax
913 1080 998 1101 voce
1011 1070 1120 1101 Evan-

127 1113 203 1156 gelii
227 1115 258 1145 in
284 1121 391 1145 mente
416 1121 483 1151 tua,
507 1120 539 1145 et
563 1114 708 1144 ostendit
733 1112 936 1144 voluntatem
951 1114 1073 1151 Patris,
1088 1120 1120 1144 et

127 1156 225 1189 Simul
249 1157 384 1189 effundit
403 1157 563 1198 Spiritum
587 1162 739 1188 sanctum
762 1157 793 1186 in
808 1168 879 1194 cor,
903 1164 937 1188 ut
950 1157 1120 1188 assensio-

127 1211 203 1233 nem
227 1202 413 1239 confirmet,
437 1202 599 1231 exuscitet.
612 1200 788 1238 Timorem,
810 1199 936 1238 Fidem,
959 1199 1120 1232 Dilectio-

126 1255 203 1276 nem
226 1244 301 1282 Dei,
337 1250 369 1275 et
403 1244 516 1275 flectat
540 1255 599 1275 cor
623 1244 664 1275 ad
689 1244 948 1282 invocationem,
974 1250 1006 1275 et
1029 1245 1121 1275 adiu-

128 1294 184 1320 vet
209 1298 325 1319 omnes
349 1289 451 1326 vires,
475 1289 573 1318 etiam
597 1288 639 1318 ad
664 1287 831 1329 regendas
850 1289 1001 1318 actiones
1014 1294 1121 1318 exter-

127 1341 200 1363 nas.
246 1333 319 1371 lpse
349 1333 446 1362 etiam
471 1330 572 1362 Filius
597 1331 660 1361 Dei
694 1336 849 1371 potenter
884 1330 1019 1372 depellit,
1044 1330 1121 1362 Dia-

128 1373 226 1406 bolos
249 1375 457 1412 insidianteS,
480 1375 580 1405 menti
604 1375 660 1405 dat
684 1375 773 1404 bona
796 1373 938 1405 consilia
962 1375 993 1405 in
1019 1376 1120 1406 rebus

127 1417 235 1449 dubiis
262 1418 463 1459 cogitatione
488 1418 671 1455 doctrinae,
692 1422 724 1448 et
748 1427 807 1448 cor
832 1418 863 1448 in
890 1419 986 1448 bonis
1012 1419 1121 1449 consi-

125 1461 178 1492 liis
215 1460 388 1492 confirmat
412 1462 532 1502 Spiritu
557 1466 688 1498 sancto,
724 1466 756 1492 et
791 1460 880 1494 ducit
903 1462 945 1492 ad
969 1463 1121 1493 occasio-

126 1515 186 1536 nes
210 1503 389 1543 salutares,
420 1511 457 1536 ut
486 1504 606 1536 Davidi
630 1504 686 1534 dat
712 1503 897 1543 consilium,
932 1515 973 1536 ne
997 1505 1121 1536 interti-

127 1549 192 1580 ciat
216 1547 358 1579 Saulem.
382 1547 424 1579 Et
447 1548 479 1580 in
503 1548 569 1580 hoc
590 1546 732 1579 consilio
757 1548 934 1579 confirmat
958 1559 1032 1579 eum
1046 1548 1119 1589 Spi-

125 1592 191 1623 ritu
225 1598 366 1630 sancto,
401 1597 434 1622 et
467 1592 575 1623 exitus
600 1597 652 1623 est
675 1590 843 1623 salutaris.
890 1591 997 1634 lnquit
1020 1593 1121 1634 igitur

126 1634 230 1666 Filius
253 1635 340 1666 Dei:
373 1635 453 1667 Sine
484 1645 536 1666 me
565 1634 647 1666 nihil
670 1636 813 1676 potestis
838 1634 963 1674 faeere,
999 1636 1032 1666 id
1056 1642 1119 1674 est,

125 1677 234 1710 nullas
269 1679 420 1710 actiones
454 1678 633 1710 salutares.
686 1678 784 1717 Item,
817 1678 982 1720 Apparuit
1016 1678 1120 1710 Filius

126 1720 203 1761 Dei,
227 1728 263 1753 ut
287 1723 439 1754 destruat
462 1733 566 1763 opera
585 1721 732 1753 Diaboli.
768 1721 809 1753 Et
833 1722 874 1753 de
898 1723 1022 1764 Spiritu
1046 1734 1121 1754 san-

127 1770 181 1796 cto
205 1766 339 1797 dicitur:
363 1765 537 1797 Effundam
562 1776 664 1807 super
683 1766 815 1796 domum
838 1765 948 1797 David
963 1766 1121 1808 Spiritum

130 1809 259 1850 gratiae
281 1815 314 1840 et
343 1820 491 1850 precum.
537 1808 577 1840 Et
602 1809 696 1840 Rom.
720 1808 751 1840 8.
798 1809 990 1850 Accepistis
1020 1810 1122 1852 8ρίιῆ-

128 1858 196 1883 tum
229 1853 422 1893 adoptionis
457 1852 617 1891 filiorum,
654 1852 853 1884 clamantem
882 1854 981 1885 Abba
1015 1861 1120 1895 pater.

107 1895 219 1934 rltem,
243 1896 279 1928 Si
292 1896 435 1938 Spiritus
449 1896 575 1928 Christi
598 1907 665 1928 non
689 1902 740 1927 est
763 1897 794 1927 in
816 1897 923 1935 vobis,
948 1908 1015 1929 non
1039 1897 1120 1929 estis

126 1949 257 2014 ¹psmlbiit
280 1983 320 2014 de
343 1981 427 2014 Filio
451 1989 483 2014 et
507 1983 548 2014 de
568 1984 689 2024 Spiritu
712 1989 832 2014 sancto
857 1983 977 2015 dicitur
999 1984 1031 2014 in
1045 1983 1121 2025 Epi·

765 140 807 173 V.
852 139 1122 173 EXPLlCATIO
1148 140 1348 173 SYMBOLI
1371 140 1531 173 NlCth.

1143 240 1151 299 i

2103 142 2169 175 466

1174 234 1415 267 transformant
1437 235 1613 268 Ecclesiae
1644 236 1829 268 doctrinam
1852 237 1884 267 in
1908 235 2165 280 Philosophicas

1174 280 1438 321 imaginationes.
1484 279 1526 311 Et
1556 279 1657 321 aliqui
1681 286 1796 321 aperte
1825 281 2045 322 scripserunt,
2079 283 2166 314 idem

1174 323 1286 354 dicere
1312 322 1548 363 Philosophos,
1575 335 1649 355 cum
1674 324 1881 365 distinguunt
1908 325 2050 355 hominis
2075 327 2166 357 vires

1173 366 1207 396 in
1230 365 1371 397 affectus
1395 372 1427 397 et
1458 367 1632 404 rationem,
1662 374 1693 398 et
1720 367 1870 405 Paulum,
1895 379 1970 399 cum
1995 368 2167 410 distinguit

1175 419 1311 440 carnem
1334 415 1366 440 et
1390 409 1558 450 Spiritum.
1602 410 1653 442 De
1676 411 1728 441 his
1754 410 1957 452 blasphemis
1982 413 2166 443 mendaciis

1172 463 1314 484 necesse
1339 458 1390 484 est
1412 453 1559 484 iuniores
1583 455 1801 494 praemoneri.
1848 455 1932 485 Nam
1953 454 2041 486 Caro
2066 456 2169 498 signi-

1173 495 1251 527 fieat
1293 506 1410 527 omnes
1452 497 1540 527 vires
1582 497 1754 529 naturales
1789 499 1861 529 sine
1897 499 2166 539 regeneratione,

1173 550 1308 578 sensus,
1332 539 1472 571 affectus
1496 546 1527 571 et
1551 541 1724 572 rationem.
1772 541 1840 572 Sed
1864 541 2009 582 Spiritus
2042 543 2073 574 in
2098 543 2166 574 hoc

1172 584 1363 624 proposito,
1397 583 1564 625 significat
1598 584 1707 626 ipsum
1733 584 1890 625 Spiritum
1914 593 2066 617 sanctum
2089 597 2164 627 per·

1173 636 1291 658 sonam
1326 628 1483 665 divinam,
1519 638 1604 668 quae
1628 627 1805 659 effunditur
1828 628 1862 659 in
1887 629 1991 660 corda
2028 630 2165 661 creden-

1173 671 1264 707 tium,
1310 671 1351 702 de
1381 681 1448 712 qua
1483 670 1586 702 Filius
1620 672 1736 713 inquit,
1770 671 1884 703 Iollan.
1911 672 1961 704 14.
2021 672 2167 715 Rogabo

1175 714 1327 752 Patrem,
1363 723 1395 745 et
1425 714 1516 745 dabit
1539 715 1638 746 vobis
1662 715 1762 746 alium
1786 714 2003 756 paracletum,
2038 722 2074 748 ut
2098 727 2167 748 ma-

1174 763 1251 788 neat
1268 759 1443 789 vobiscum
1462 759 1494 789 in
1514 757 1678 797 seculum,
1703 758 1861 799 Spiritum
1881 761 2044 798 veritatis,
2070 770 2168 802 quem

1173 802 1315 832 mundus
1340 812 1408 832 non
1431 808 1543 843 potest
1569 812 1704 843 capere,
1741 803 1817 844 quia
1851 813 1919 833 non
1954 804 2045 834 videt
2081 814 2166 842 eum,

1173 855 1237 876 nec
1260 846 1353 876 novit
1373 856 1461 883 eum,
1494 845 1566 877 Vos
1590 852 1701 877 autem
1724 846 1877 877 novistis.
1901 845 2092 878 Dolendum
2117 852 2170 878 est

1173 894 1284 919 tantas
1305 899 1381 920 esse
1395 890 1550 921 tenebras
1565 889 1744 927 hominum,
1775 896 1806 920 ut
1833 900 1896 920 nec
1919 891 2086 932 propriam
2110 891 2169 922 im-

1174 931 1400 972 becillitatem,
1424 944 1487 964 nec
1502 933 1649 975 ingentia
1664 934 1727 965 Dei
1751 934 1916 965 beneficia
1941 935 2167 966 considerent.

1260 1019 1451 1051 Intueamur
1468 1026 1501 1051 et
1523 1030 1585 1051 nos
1610 1019 1717 1061 ipsos,
1741 1025 1773 1051 et
1796 1025 1903 1051 totam
1926 1021 2038 1051 mundi
2062 1019 2167 1052 histo-

1173 1063 1265 1101 n'am,
1301 1065 1420 1106 singuli
1456 1062 1567 1105 aliqua
1600 1062 1741 1095 vulnera
1771 1074 1837 1094 non
1862 1075 1966 1104 parva
1991 1064 2167 1103 habemus,

1172 1113 1209 1138 ut
1231 1108 1393 1138 sentimus
1418 1107 1541 1138 multos
1566 1108 1702 1138 morbos
1723 1108 1755 1138 in
1790 1108 1901 1143 nobis,
1939 1108 2166 1139 dubitationes

1174 1156 1206 1182 et
1235 1162 1362 1192 pravos
1392 1151 1551 1183 affectus:
1589 1152 1675 1182 sicut
1709 1151 1891 1181 Hieremias
1926 1152 2052 1193 inquit:
2100 1150 2170 1183 Cor

1172 1194 1315 1225 hominis
1351 1206 1547 1236 perversum
1583 1201 1634 1226 est
1664 1200 1696 1226 et
1730 1204 1977 1225 aerumnosum.
2035 1194 2169 1226 Deinde

1173 1239 1313 1269 insidiae
1344 1237 1491 1277 Diaboli,
1527 1237 1645 1280 quales
1680 1239 1757 1276 sint,
1793 1239 1973 1269 ostendunt
2009 1238 2168 1270 horrendi

1173 1281 1289 1323 lapsus
1311 1283 1493 1324 primorum
1517 1288 1702 1324 parentum,
1728 1280 1850 1319 Saulis,
1874 1281 2030 1320 Davidis,
2061 1289 2093 1313 et
2117 1280 2168 1314 fu-

1173 1335 1269 1356 rores
1318 1327 1463 1357 omnium
1508 1326 1705 1367 impiorum,
1750 1335 1836 1367 quos
1885 1331 1997 1356 tenent
2033 1324 2169 1357 Diaboli

1175 1370 1338 1411 captivos.
1403 1369 1457 1401 Ao
1495 1369 1548 1401 alii
1574 1367 1727 1400 fanaticis
1757 1369 1970 1410 opinionibus
1995 1367 2164 1407 fascinati,

1174 1423 1253 1444 sese
1288 1419 1319 1444 et
1356 1412 1480 1444 multos
1516 1412 1601 1444 alios
1625 1414 1778 1454 perdunt,
1812 1411 1868 1443 alii
1892 1412 1986 1443 coeci
2010 1419 2110 1444 ruunt
2134 1414 2168 1444 in

1173 1455 1340 1495 libidines,
1376 1455 1430 1488 alii
1466 1455 1615 1488 furentes
1658 1457 1855 1494 ambitione,
1896 1461 1953 1488 aut
1987 1457 2169 1497 cupiditate

1174 1500 1339 1531 vindictae
1374 1507 1509 1531 movent
1544 1501 1728 1531 seditiones
1760 1506 1792 1531 et
1821 1500 1944 1531 iniusta
1968 1499 2068 1532 bella.
2117 1500 2169 1531 Ac

1174 1550 1254 1575 nota
1277 1544 1320 1574 sit
1343 1544 1532 1575 tristissima
1556 1545 1673 1575 concio
1693 1545 1734 1575 de
1752 1544 1876 1575 nostris
1897 1543 2072 1584 periculis:
2097 1543 2168 1575 Cir-

1175 1589 1274 1619 cumit
1298 1586 1474 1627 Diabolus,
1510 1594 1669 1629 tanquam
1703 1587 1775 1618 Leo
1810 1587 1959 1629 rugiens,
1998 1597 2167 1629 quaerens

1174 1642 1272 1673 quem
1308 1631 1458 1663 devoret.
1504 1632 1682 1663 Adversus
1713 1630 1797 1662 haec
1821 1636 1912 1661 tanta
1936 1630 2035 1669 mala,
2073 1630 2167 1662 Deus

1174 1685 1211 1706 se
1235 1676 1344 1716 ipsum
1367 1676 1465 1707 nobis
1490 1676 1650 1706 immensa
1674 1675 1822 1706 bonitate
1857 1673 1965 1713 offert,
1995 1675 2093 1706 mittit
2116 1674 2169 1706 Fi-

1174 1717 1266 1757 lium,
1297 1725 1334 1750 ut
1364 1719 1412 1750 ira
1443 1718 1578 1760 placata
1609 1719 1818 1750 remittantur
1853 1725 2004 1759 peccata,
2040 1724 2073 1750 et
2107 1729 2169 1760 per

1175 1761 1292 1794 Filium
1327 1773 1412 1794 voce
1436 1761 1611 1805 Evangelii
1643 1761 1820 1804 colligatur
1844 1760 2015 1800 Ecclesia,
2047 1769 2079 1793 et
2109 1773 2168 1803 po-

1174 1813 1283 1838 tenter
1314 1812 1467 1838 servetur
1498 1813 1616 1838 contra
1650 1806 1783 1838 furores
1807 1804 2046 1844 Diabolorum,
2083 1806 2169 1838 sicut

1174 1850 1290 1892 inquit:
1313 1850 1419 1881 Nemo
1443 1851 1550 1892 rapiet
1567 1860 1650 1882 oves
1667 1861 1761 1882 meas
1785 1860 1826 1880 ex
1850 1850 2003 1881 manibus
2028 1850 2122 1881 meis.

1260 1937 1324 1969 Hic
1347 1936 1449 1969 Filius
1473 1944 1524 1969 est
1547 1935 1792 1975 umbraculum,
1816 1936 2061 1978 propitiatione,
2090 1946 2166 1978 per-

1172 1987 1273 2022 petua
1305 1982 1558 2019 intercessione,
1593 1987 1625 2012 et
1661 1981 1915 2023 gubernatione,
1956 1980 2033 2021 quia
2067 1980 2167 2011 docet

127 2025 216 2058 stola
239 2025 413 2059 Iohannis:
455 2026 490 2058 ln
514 2026 581 2058 hoc
605 2027 749 2064 seimus,
781 2027 870 2069 quod
894 2026 997 2059 Filius
1022 2028 1064 2059 sit
1087 2028 1120 2059 in
1144 2018 1150 2057 l
1173 2033 1315 2064 mentes,
1340 2031 1372 2056 et
1396 2026 1482 2067 regit
1506 2024 1667 2063 consiliis,
1698 2030 1729 2055 et
1755 2024 1878 2066 Spiiitu
1902 2030 2020 2054 sancto
2046 2034 2166 2055 acccu-

126 2071 238 2109 nobis,
262 2075 295 2102 et
317 2081 381 2102 nos
405 2071 437 2102 in
461 2081 514 2109 eo,
538 2071 615 2112 quia
639 2072 679 2102 de
693 2070 817 2111 Spiritu
841 2081 903 2102 suo
930 2072 986 2102 dat
1008 2072 1118 2103 nobis.

1174 2070 1220 2100 dit
1253 2080 1362 2101 novos
1396 2075 1506 2100 motus
1541 2070 1574 2100 in
1609 2069 1781 2106 cordibus,
1816 2073 2043 2109 congruentes
2080 2067 2165 2110 Legi

126 2113 243 2155 ltaque
277 2115 357 2145 totis
390 2115 584 2156 pectoribus
620 2115 814 2146 damnamus
849 2120 881 2145 et
917 2116 1120 2146 detestamur
1144 2117 1149 2162 ff
1172 2112 1248 2153 Dei,
1274 2119 1305 2144 et
1329 2123 1369 2144 ea
1393 2112 1569 2144 confirmat
1592 2118 1710 2143 contra
1734 2111 1914 2143 illecebras
1938 2116 2165 2153 peccatorum,

125 2156 328 2200 Pelagianos
364 2164 397 2189 et
430 2156 555 2189 similes
590 2168 719 2196 omnes,
755 2158 810 2200 qui
844 2164 971 2189 tantum
994 2158 1119 2190 habent
1144 2163 1149 2204 1
1172 2167 1215 2188 ne
1260 2163 1378 2195 ruant,
1412 2157 1498 2187 sicut
1539 2155 1778 2187 confirmantur
1811 2154 1953 2196 loseph,
1987 2154 2098 2186 David
2133 2154 2165 2185 in

126 2199 384 2242 Philosophicas
419 2202 673 2244 imaginationes
707 2202 748 2233 (le
782 2200 972 2243 impletione
1006 2201 1118 2244 Legis.

126 2243 284 2286 Cogitant
308 2244 391 2287 Legi
411 2245 475 2276 Dei
505 2245 662 2276 satisfieri
686 2251 824 2277 externa
849 2246 1050 2284 obedientia,
1086 2252 1118 2277 et

126 2288 240 2319 dicunt
262 2288 345 2331 Legi
360 2288 423 2320 Dei
447 2299 550 2330 posse
573 2288 728 2320 satisfieri
751 2289 823 2321 sine
836 2289 962 2331 Spiritu
986 2295 1116 2328 sancto,

125 2337 158 2362 et
181 2330 271 2363 illam
295 2338 466 2363 externam
490 2333 713 2363 obedientiam
736 2331 902 2364 affirmant
927 2343 1004 2364 esse
1027 2333 1118 2365 insti-

125 2375 204 2406 tiam
239 2385 352 2406 coram
376 2374 471 2413 Deo,
508 2381 540 2406 et
563 2377 683 2407 mereri
706 2377 939 2408 remissionem
963 2382 1117 2418 peccato-

125 2428 198 2449 rum
221 2423 253 2449 et
276 2419 376 2450 vitam
399 2425 579 2458 aeternam,
604 2419 715 2451 delent
735 2420 895 2452 beneficia
908 2420 1117 2459 Mediatoris,

126 2467 159 2493 et
182 2460 303 2493 tollunt
326 2461 486 2504 Spiritum
510 2469 675 2502 sanctum,
699 2470 732 2495 et
754 2463 892 2496 abolent
914 2474 1028 2495 veram
1054 2463 1116 2495 Dei

124 2506 326 2547 agnitionem
351 2512 383 2537 et
405 2507 669 2538 invocationem:
707 2507 791 2538 Sunt
814 2508 934 2551 ingrati
957 2507 1030 2539 Deo
1054 2518 1116 2549 pro

124 2549 262 2580 summis
297 2548 487 2589 beneficiis,
522 2556 553 2582 et
576 2556 752 2592 peccatum
776 2556 808 2583 et
832 2552 1012 2594 potentiam
1036 2551 1117 2583 Dia-

123 2591 192 2624 boli
215 2593 249 2624 in
271 2592 460 2625 hominibus
486 2593 692 2626 confirmant.
739 2594 892 2628 Sciamus
915 2596 1017 2638 igitur
1040 2605 1116 2627 exe-

124 2637 271 2669 crandos
307 2647 385 2669 esse
409 2636 630 2680 Pelagianos,
665 2644 698 2670 et
730 2648 847 2671 eorum
881 2637 1023 2677 similes,
1059 2640 1116 2681 qui

278 2705 428 2727 UELANTu.
443 2706 525 2727 OPER.
539 2706 603 2727 7011.
619 2707 703 2726 xx111.

1142 2640 1146 2665 Ι
1167 2639 1276 2680 pictis.

1171 2200 1379 2241 praeliando,
1404 2199 1532 2238 Helias,
1558 2199 1736 2230 Helisaeus
1771 2199 1803 2229 in
1827 2199 2046 2240 reprimendis
2072 2197 2166 2229 blas-

1170 2243 1312 2285 phemis,
1357 2243 1525 2285 Martyres
1560 2243 1592 2274 in
1639 2242 1854 2274 consessione
1889 2248 1920 2273 et
1954 2241 2163 2284 perferendis

1171 2287 1357 2330 suppliciis.
1386 2287 1427 2318 Et
1451 2287 1594 2319 affirmat
1606 2286 1711 2325 Deus,
1734 2297 1773 2318 se
1795 2285 1884 2317 velle
1909 2287 2006 2317 nobis
2029 2286 2164 2324 adesse,

1171 2333 1247 2363 etin
1261 2330 1396 2363 afffictis
1410 2331 1643 2362 invocantibus
1657 2331 1764 2371 ipsum
1777 2329 1939 2361 habitare.
1966 2328 2080 2360 Psalm
2096 2328 2159 2360 .90.

1170 2376 1293 2417 inquit:
1328 2373 1412 2406 Cum
1436 2375 1511 2416 ipso
1536 2384 1609 2405 sum
1632 2375 1666 2405 in
1689 2372 1912 2404 tribulatione.
1958 2371 2083 2404 Psalm.
2107 2372 2161 2405 33.

1170 2418 1282 2461 Prope
1305 2424 1356 2450 est
1368 2418 1533 2450 Dominus
1557 2418 1609 2449 his
1633 2418 1688 2460 qui
1700 2415 1857 2448 tribulato
1881 2422 1959 2447 sunt
1983 2416 2084 2448 corde
2097 2421 2162 2448 etc.

1169 2463 1265 2494 Hanc
1288 2469 1413 2494 tantam
1437 2463 1619 2493 bonitatem
1649 2461 1734 2503 grati
1768 2470 1994 2502 agnoscamus
2018 2466 2051 2491 et
2074 2457 2163 2492 cele-

1170 2508 1317 2545 bremus,
1337 2512 1370 2538 et
1392 2506 1539 2537 sciamus
1559 2504 1646 2537 velle
1660 2504 1768 2536 Deum
1785 2505 1852 2545 peti
1878 2505 1961 2535 haec
1984 2503 2162 2542 beneficia,

1169 2556 1203 2582 et
1225 2561 1288 2582 nos
1313 2551 1355 2582 ad
1378 2550 1625 2582 invocationem
1660 2554 1691 2579 et
1725 2548 1766 2579 ad
1791 2548 1970 2590 gratiarum
1993 2548 2161 2580 actionem

1169 2595 1408 2632 exuscitemus,
1438 2594 1525 2625 sicut
1548 2593 1738 2624 mandatum
1758 2597 1822 2623 est:
1857 2590 1965 2623 Petite
2000 2598 2032 2623 et
2072 2592 2159 2623 acci-

1323 2637 1457 2674 Quanto
1486 2637 1593 2680 magis
1616 2636 1716 2668 Pater
1744 2642 1857 2668 vester
1885 2634 2044 2668 coelestis
2069 2635 2160 2667 dabit

1951 2697 1985 2721 30
