2383 2990
132 132 194 165 531
771 129 884 162 PHIL.
897 129 999 163 MEL.
1024 129 1213 162 SCRIPTA
1235 129 1517 162 DOGMATICA.
2100 133 2164 165 532

133 229 286 260 homines
311 228 451 269 mitigat,
477 227 562 258 cedit
579 232 698 258 natura
716 235 825 256 rerum
845 225 1001 266 precibus
1011 224 1123 264 Moisi,

134 271 263 309 Heliae,
299 270 424 302 Elisaei
453 277 484 301 et
514 270 656 301 omnium
685 270 827 310 piorum,
861 269 948 300 sicut
971 267 1123 299 Christus

134 315 256 356 inquit:
281 314 464 345 mankel.
501 313 619 344 Omnia
644 322 729 354 quae
752 312 912 353 petieritis
937 312 1124 351 eredentes,

134 359 319 399 accipietis
366 358 400 387 Si
425 356 540 388 dicetis
565 356 667 387 monti
691 355 778 393 huic,
801 356 887 386 iacta
911 362 943 386 te
965 355 997 386 in
1022 366 1124 394 mare,

133 401 200 433 fiet.
249 401 340 438 Item,
375 400 464 431 lacta
497 409 596 430 curas
620 406 694 430 tuas
718 400 750 429 in
773 398 893 437 Deum,
927 404 958 429 et
986 398 1059 439 ipse
1092 405 1124 429 te

133 445 285 475 enutriet.
342 443 451 474 Adest
485 442 578 474 Deus
614 452 695 473 suae
731 448 926 479 creaturae,
963 442 1023 473 sed
1057 452 1124 473 non

132 488 228 519 adest
252 493 286 517 ut
311 485 445 518 Stoicus
469 484 576 524 Deus,
611 485 671 516 sed
701 491 736 516 ut
771 495 876 528 agens
911 483 1125 523 liberrimum,

133 536 329 562 sustentans
354 540 449 560 suam
474 536 672 567 creaturam,
703 534 735 559 et
758 538 820 560 sua
843 528 1004 560 immensa
1027 529 1124 560 mise-

133 573 278 605 ricordia
302 573 493 611 moderanS,
517 573 601 603 dans
620 573 720 610 bona,
744 571 922 613 aliquando
943 572 1124 613 impediens

132 627 254 648 causas
290 616 480 654 secundas,
527 614 708 657 aliquando
743 616 900 646 maiorem
935 613 1124 646 efficaciam

131 661 312 701 praebens.

218 746 270 777 Ac
309 745 451 776 maxime
484 743 614 777 illustre
644 745 866 776 testimonium
897 749 948 775 est
972 743 1013 775 de
1035 743 1123 781 Deo,

131 790 220 831 quod
246 790 289 820 sit
314 799 420 830 agens
451 787 672 826 liberrimum,
708 793 739 819 et
773 786 875 819 ntulta
908 789 980 817 sine
1010 787 1122 817 causis

130 833 290 864 secundis
337 838 433 873 agat,
480 833 568 874 quod
608 836 685 873 post
719 829 847 872 lapsum
882 829 976 861 Adae
1010 835 1124 860 servat

129 875 239 907 Adam
264 876 435 906 desertum
460 876 501 906 ab
526 875 681 906 omnibus
711 874 885 911 creaturis,
921 878 953 904 et
987 873 1028 904 de
1063 882 1124 904 sua

130 919 223 960 Lege
255 919 439 960 dispensat.
493 916 599 949 Multo
634 917 710 958 plus
745 923 797 948 est
829 923 937 948 autem
967 917 1009 948 de
1031 915 1124 958 Lege

131 963 345 1004 dispensare,
370 973 468 1003 quam
495 962 535 992 de
560 961 675 992 ordine
697 966 847 992 naturae.

221 1048 293 1080 Sint
327 1048 360 1080 in
398 1053 580 1088 conspectu
611 1047 799 1078 testimonia
823 1051 855 1077 et
879 1046 921 1077 de
945 1045 1123 1077 Creatione

134 1092 258 1124 Genes.
285 1093 313 1122 l.
339 1097 372 1123 et
395 1089 485 1127 alibi,
509 1097 542 1121 et
567 1091 608 1121 de
632 1090 768 1121 assidua
791 1090 979 1130 praesentia
1004 1089 1067 1120 Dei
1091 1090 1123 1121 in

134 1136 393 1167 conservatione
427 1140 579 1171 naturae,
615 1133 716 1165 Deut.
748 1132 800 1165 30.
861 1133 938 1174 lpse
972 1138 1024 1164 est
1057 1133 1125 1164 vita

133 1186 209 1217 tua,
245 1184 278 1209 et
313 1177 488 1220 longitudo
524 1177 649 1207 dierum
685 1183 826 1208 tuorum.
872 1176 949 1208 Act.
980 1177 1031 1207 17.
1089 1175 1123 1206 111

131 1223 205 1263 ipso
230 1222 385 1259 vivimus,
410 1231 581 1252 movemur
599 1227 629 1251 et
649 1230 776 1258 sumus,
800 1220 830 1251 id
847 1226 909 1258 est,
933 1230 993 1261 per
1016 1220 1123 1260 ipsum

132 1267 230 1296 datur
255 1271 286 1295 et
311 1263 445 1295 fovetur
468 1265 534 1295 vita
560 1270 687 1297 nostra,
722 1269 754 1294 et
788 1269 927 1295 naturae
962 1263 1051 1294 vires
1083 1272 1125 1293 ac

132 1316 253 1340 motus.
304 1308 332 1339 1.
358 1307 470 1338 Paral.
493 1307 544 1338 18.
591 1306 707 1337 Omnia
733 1307 834 1337 corda
866 1312 1033 1337 scrutatur
1055 1305 1124 1337 Do-

131 1352 252 1389 minus,
279 1357 310 1382 et
336 1361 451 1381 omnes
466 1351 608 1382 omnium
630 1350 850 1392 cogitationes
864 1350 964 1380 videt.
988 1349 1057 1381 lob.
1073 1349 1123 1380 14.

131 1395 262 1427 Breves
287 1395 360 1425 dies
384 1393 528 1425 hominis
558 1399 646 1431 sunt,
680 1404 837 1424 numerus
869 1393 1028 1424 mensium
1053 1394 1125 1424 eius

132 1439 219 1480 apud
243 1444 275 1469 te
299 1444 364 1476 est,
400 1437 601 1469 constituisti
626 1437 784 1467 terminos
809 1437 893 1475 eius,
918 1437 973 1478 qui
996 1442 1125 1478 praete-

132 1482 188 1513 riri
213 1492 282 1512 non
306 1487 459 1523 possunt.

221 1567 428 1600 Confirmata
452 1567 517 1598 fide
541 1566 739 1598 testimoniis
785 1577 847 1597 uae
869 1565 965 1597 Deus
989 1565 1123 1596 tradidit

131 1612 164 1644 in
189 1612 324 1654 scriptis
350 1610 557 1652 propheticis
582 1616 613 1641 et
638 1610 769 1651 Aposto
786 1610 859 1648 icis,
893 1610 1012 1640 deinde
1045 1607 1125 1640 utile

132 1664 183 1687 est
208 1656 363 1697 aspicere
387 1665 496 1686 rerum
520 1660 684 1691 naturam,
709 1653 808 1693 ecihi
833 1654 1047 1691 considerare
1071 1662 1125 1683 ve-

132 1699 232 1741 stigia
261 1698 339 1737 Dei,
376 1704 409 1730 et
443 1703 650 1740 argumenta,
685 1707 750 1738 que
783 1702 947 1728 testantur
982 1702 1015 1727 et
1049 1706 1126 1727 esse

132 1742 253 1781 Deum,
279 1748 310 1773 et
336 1751 412 1772 esse
436 1742 636 1782 sapientem,
660 1750 832 1778 veracem,
851 1739 1048 1777 beneficum,
1079 1740 1126 1770 iu-

133 1792 233 1824 stum,
271 1792 413 1824 castum,
448 1785 606 1821 iudicem,
639 1784 827 1825 punientem
859 1783 1058 1820 sceleratos,
1094 1787 1124 1813 et

132 1827 286 1868 liberum,
323 1829 364 1859 de
391 1829 511 1870 quibus
536 1828 742 1869 argumentis
762 1826 885 1858 Paulus
910 1826 1004 1858 Rom.
1032 1827 1059 1856 l.
1078 1824 1126 1857 lo-

134 1874 254 1915 quitur,
291 1878 322 1903 et
357 1873 388 1903 in
420 1872 515 1902 Actis
547 1871 655 1912 capite
683 1871 731 1902 17.
783 1870 863 1901 Tam
899 1880 1002 1912 prope
1031 1870 1126 1900 adest.

134 1916 241 1954 Deus,
264 1922 299 1947 ut
323 1916 350 1946 si
371 1921 485 1956 posset
513 1915 711 1945 contrectari
731 1915 898 1952 manibus,
922 1924 988 1944 non
1007 1911 1125 1954 procul

135 1960 348 2001 quaerendus
373 1956 475 1990 esset.

223 2046 371 2077 Sumitur
410 2052 519 2076 autem
560 2046 601 2076 ab
638 2044 753 2075 ordine
797 2054 974 2084 corporum
1014 2043 1125 2074 mundi

135 2089 274 2132 primum
309 2095 554 2130 argumentum:
597 2087 781 2129 Perpetuus
819 2087 900 2117 111-1111
948 2096 1124 2126 corporum

136 2133 259 2170 mundi,
283 2139 429 2163 motuum
457 2130 667 2169 coelestium,
703 2131 934 2172 generationes
958 2131 989 2160 in
1015 2130 1125 2171 singu-

136 2175 179 2207 lis
203 2176 381 2216 speciebus-
407 2181 436 2205 et
463 2171 623 2205 111-1111111111ι
639 2176 668 2204 111
694 2173 833 2216 singulis
859 2174 958 2205 rebus
984 2184 1123 2204 nascen-

136 2221 238 2257 tibus,
273 2229 382 2260 neque
419 2229 499 2248 casu
535 2225 628 2248 ortus
663 2224 725 2255 est,
760 2228 867 2259 neque
903 2223 1060 2254 maneret,
1097 2216 1124 2246 si

138 2270 254 2294 natura
279 2273 361 2292 casu
385 2261 588 2293 robert-tur.
621 2262 695 2292 {deo
724 2271 864 2292 net-esse
887 2266 949 2298 est,
974 2271 1050 2291 esse
1074 2270 1126 2291 sa-

138 2307 282 2348 piemem
307 2312 335 2336 et
363 2306 485 2335 honum
511 2305 726 2335 condiamem.

227 2392 417 2423 Secundum
458 2398 686 2432 argumentum
723 2396 881 2422 amente
916 2388 1058 2420 hominis
1095 2395 1124 2420 et

140 2436 272 2466 immuta
300 2434 397 2466 ilibus
423 2435 547 2465 11111111»Δ
573 2436 602 2465 in
628 2446 678 2470 ea,
708 2446 747 2466 ac
773 2435 948 2474 praecipue
971 2444 991 2464 a
1015 2433 1128 2463 discri-

142 2479 226 2509 mitze
252 2478 468 2509 honestorum
494 2484 523 2508 et
551 2479 703 2519 turpium,
734 2478 821 2518 quod
847 2477 976 2519 quidem
1001 2477 1126 2516 praeci-

141 2533 241 2563 puum
264 2523 486 2552 testimonium
512 2529 559 2551 est
588 2523 628 2551 (16
652 2521 738 2558 Deo,
770 2522 952 2552 ostendens
978 2525 1005 2549 61
1037 2520 1125 2560 quod

142 2566 180 2595 sit
209 2573 234 2595 t¹t
264 2565 373 2606 qualis
398 2566 450 2602 s't,
485 2563 635 2595 xiddirct
672 2563 801 2606 qualem
832 2574 869 2594 se
898 2562 1041 2594 ostendit
1077 2563 1127 2593 his

143 2610 265 2639 muniis
301 2619 384 2650 quas
415 2609 530 2639 indidit
564 2608 727 2639 mentibus
762 2608 932 2645 humanis,
975 2615 1058 2648 quas
1093 2612 1128 2637 ut

1178 225 1325 256 sciamus
1349 231 1440 256 ratas
1464 235 1553 264 esse,
1583 226 1655 267 ipse
1677 226 1710 257 in
1733 232 1850 258 natura
1873 227 2015 258 hominis
2039 228 2163 260 addidit

1178 269 1354 306 vindicem,
1378 267 1526 300 dolorem
1551 270 1788 307 conscientiae,
1814 270 2039 302 destruentem
2068 278 2163 303 natu-

1177 322 1259 349 ram,
1294 322 1368 342 cum
1402 312 1466 343 ruit
1501 318 1617 343 contra
1651 312 1821 344 naturales
1854 315 2002 352 notitias,
2038 315 2164 346 etiamsi

1179 353 1295 386 civiles
1318 364 1445 396 poenas
1468 355 1612 398 effugiat.
1659 355 1725 387 lam
1750 357 1873 398 cogita,
1898 365 2041 398 quantus
2067 356 2164 389 fuerit

1178 409 1272 429 amor
1295 398 1326 429 in
1353 397 1426 429 Deo
1450 409 1532 441 erga
1558 398 1722 437 homines,
1756 401 1844 441 quod
1876 410 1957 431 suae
1981 401 2163 442 sapientiae

1179 448 1211 472 ct
1234 442 1376 473 iustitiae
1399 443 1510 474 radios
1534 443 1566 474 in
1590 443 1758 474 creatione
1781 444 1813 474 in
1837 453 1896 475 eos
1916 444 2105 478 transfudit.

1194 607 1268 648 DE
1301 607 1494 651 CAUSA
1527 608 1772 651 PECCATI
1803 609 1873 650 ET
1905 610 1980 650 DE
2013 609 2150 651 CON-

1510 686 1834 728 TINGENTIA.

1148 413 1156 854 1
1265 785 1347 818 Cum
1372 792 1480 818 autem
1504 786 1746 829 pulcherrimus
1771 788 1854 819 ordo
1884 788 1927 819 sit
1955 789 1988 819 in
2019 790 2164 831 corpori-

1177 829 1240 861 bus
1264 831 1376 861 mundi
1400 837 1431 861 et
1456 831 1488 861 in
1512 830 1622 862 multis
1643 833 1744 862 rebus
1776 838 1929 869 naturae,
1960 838 1992 863 et
2014 831 2165 864 homines

1177 874 1299 904 conditi
1334 875 1399 905 sint
1432 874 1474 904 ad
1509 873 1597 905 hunc
1631 875 1798 912 ordinem,
1839 882 1873 906 ut
1907 886 2023 906 verum
2057 875 2164 906 Deum

1176 923 1375 959 agnoscant,
1405 923 1437 948 et
1461 928 1534 949 cum
1560 928 1600 948 eo
1624 924 1811 959 congruant
1834 925 1962 949 mentes
1986 924 2017 949 et
2044 919 2164 950 corda:

1176 961 1331 1002 quidnam
1367 961 1511 992 turbavit
1541 960 1629 992 hunc
1660 962 1807 992 ordinem
1838 969 1869 992 et
1899 962 1988 992 hanc
2011 961 2164 993 dulcissi-

1176 1014 1262 1034 mam
1286 1002 1503 1041 harmoniam,
1534 1014 1576 1035 ne
1600 1005 1702 1035 corda
1726 1015 1800 1035 cum
1823 1004 1897 1036 Deo
1923 1011 2163 1046 congruerent,

1176 1053 1209 1078 et
1232 1047 1319 1078 unde
1343 1053 1419 1078 sunt
1444 1053 1492 1078 tot
1516 1046 1704 1078 horrendae
1727 1047 1894 1079 hominum
1919 1048 2162 1086 dissensiones,

1176 1096 1316 1122 naturae
1339 1089 1491 1121 lanienae
1521 1098 1551 1122 et
1575 1091 1723 1122 infinitae
1749 1090 1964 1122 calamitates.
2010 1090 2164 1131 ¹Philoso-

1176 1133 1230 1175 phi
1256 1143 1416 1175 quaerunt
1442 1144 1565 1165 causas
1591 1134 1621 1164 in
1646 1135 1793 1165 materia.
1839 1134 2027 1166 Manichaei
2058 1135 2160 1166 finxe-

1178 1183 1253 1208 runt
1276 1177 1361 1208 duos
1385 1176 1490 1214 Deos,
1515 1183 1549 1208 ut
1574 1187 1710 1208 causam
1733 1176 1812 1208 mali
1836 1179 2067 1209 ostenderent:
2098 1178 2164 1209 Sed

1177 1231 1241 1251 nos
1265 1220 1453 1251 firmissime
1477 1226 1661 1258 teneamus,
1684 1221 1817 1251 unicum
1841 1230 1918 1252 esse
1942 1219 2048 1252 Deum
2073 1231 2166 1252 erea-

1177 1270 1294 1301 1016111,
1329 1263 1525 1304 sapientem,
1561 1274 1729 1301 veracem,
1766 1264 1905 1301 bonum,
1940 1264 2077 1303 iustum,
2111 1274 2165 1295 ca-

1177 1314 1277 1344 stum,
1301 1317 1366 1338 non
1391 1305 1568 1344 volentem,
1593 1317 1656 1338 nec
1680 1305 1896 1345 efficientem,
1920 1318 1984 1338 nec
2006 1308 2165 1339 adiuvan-

1177 1356 1254 1388 16111,
1288 1360 1351 1381 nec
1385 1351 1628 1391 approbantem
1662 1356 1815 1390 peccata,
1852 1357 1885 1381 et
1919 1351 1982 1381 sint
2018 1351 2052 1381 in
2087 1361 2165 1383 con-

1178 1400 1297 1435 spectu
1322 1393 1522 1431 testimonia,
1545 1392 1665 1424 Esaiae
1688 1393 1741 1424 45.
1786 1392 1924 1424 Praeter
1946 1404 1998 1424 me
2021 1404 2088 1424 non
2112 1399 2165 1424 est

1177 1437 1270 1469 Deus
1300 1435 1386 1468 alius
1417 1435 1564 1467 formans
1586 1435 1693 1467 lucem
1729 1442 1761 1467 et
1794 1446 1914 1467 creans
1939 1438 2109 1474 tenebras,
2132 1437 2163 1468 id

1178 1487 1241 1518 est,
1267 1490 1409 1521 corpora
1433 1480 1589 1516 obscura,
1613 1480 1645 1510 in
1669 1480 1789 1521 quibus
1808 1490 1875 1511 non
1899 1488 1951 1510 est.
1972 1478 2040 1511 lux.
2086 1480 2164 1511 Item

1177 1522 1300 1555 Psaltn.
1335 1523 1366 1554 5.
1420 1523 1494 1554 Non
1530 1523 1623 1554 Deus
1657 1523 1860 1564 iniquitatem
1895 1521 2012 1554 volens
2048 1530 2082 1554 tu
2116 1533 2162 1554 es.

1178 1567 1262 1598 Gen.
1289 1567 1316 1597 1.
1363 1566 1453 1597 Vidit
1472 1565 1566 1597 Deus
1587 1567 1707 1602 omnia,
1731 1576 1818 1607 quae
1843 1565 1981 1605 fecerat,
2013 1572 2043 1596 et
2069 1572 2163 1597 erant

1177 1609 1276 1643 valde
1295 1611 1394 1647 bona,
1417 1610 1448 1640 id
1474 1616 1536 1647 est,
1560 1607 1723 1650 placentia
1742 1610 1816 1650 ipsi,
1842 1616 1874 1641 et
1893 1617 1983 1640 recte
2002 1610 2163 1648 ordinata,

1179 1654 1396 1695 congruentia
1419 1653 1460 1684 ad
1485 1653 1633 1683 ordinem
1663 1653 1695 1684 in
1724 1660 1833 1684 mente
1863 1653 1974 1684 divina
1997 1651 2164 1694 quaelibet

1178 1708 1239 1728 suo
1264 1696 1352 1734 lot-o,
1375 1702 1410 1727 ut
1434 1697 1533 1727 homo
1558 1697 1607 1727 sic
1620 1702 1671 1727 est
1685 1696 1850 1734 conditus,
1874 1706 2064 1737 congruens
2088 1706 2163 1726 cum

1178 1741 1268 1782 Lege
1301 1741 1334 1770 in
1368 1747 1476 1771 mente
1511 1740 1631 1770 divina.
1678 1739 1755 1770 ldeo
1790 1745 1869 1770 tunc
1902 1739 2022 1771 dicitur
2056 1740 2164 1770 bonus

1178 1791 1255 1815 ante
1279 1783 1420 1824 lapsum,
1451 1783 1526 1825 quia
1557 1784 1763 1825 congruebat
1799 1793 1872 1813 cum
1906 1790 2016 1814 mente
2043 1782 2163 1813 divina.

1178 1828 1248 1859 Nec
1284 1827 1460 1858 firmendae
1495 1834 1571 1857 sunt
1607 1826 1884 1857 contradictoriae
1918 1824 2107 1857 voluntates
2131 1826 2164 1856 in

1177 1871 1263 1902 Deo.
1301 1852 1455 1901 Iohannis
1478 1870 1509 1901 S.
1535 1869 1674 1905 Quando
1700 1870 1904 1900 mendacium
1928 1868 2074 1910 loquitur
2086 1868 2166 1900 Dia·

1179 1913 1288 1951 bolus,
1324 1924 1366 1944 ex
1400 1915 1542 1955 propriis
1578 1912 1734 1955 loquitur,
1770 1914 1846 1954 quia
1880 1913 2021 1943 mendax
2056 1919 2107 1943 est
2131 1917 2164 1942 et

1150 1955 1155 1990 1
1178 1965 1272 2000 pater
1297 1957 1471 1995 mendacii,
1495 1964 1602 1998 pater,
1626 1957 1656 1987 id
1682 1963 1742 1993 est,
1761 1957 1885 1997 primus
1905 1954 1981 1987 sons
2006 1963 2037 1987 et
2062 1965 2165 1986 causa

1148 2007 1155 2036 1
1177 2001 1352 2033 mendacii.

1150 2083 1156 2147 ἰ
1265 2086 1433 2118 Discernit
1467 2092 1575 2117 autem
1607 2085 1760 2117 Christus
1795 2085 2000 2116 mendacium
2035 2095 2054 2116 a
2088 2085 2165 2116 sub-

1151 2149 1155 2180 ἱ
1179 2131 1312 2168 stantia,
1337 2130 1433 2171 quasi
1458 2130 1554 2165 dit-at,
1580 2130 1798 2160 substantiam
1823 2129 1953 2170 quidem
1975 2127 2164 2159 habetDia-

1152 2188 1154 2191 ’
1180 2173 1277 2205 holus
1302 2173 1435 2204 aliunde
1459 2178 1642 2213 acceptam.
1679 2172 1760 2202 Nam
1786 2182 1901 2203 «nunes
1925 2171 2035 2213 angeli
2054 2182 2072 2201 a
2091 2170 2165 2202 Deo

1182 2219 1281 2249 cteati
1308 2223 1394 2255 sunt,
1425 2227 1563 2257 quorum
1589 2215 1686 2257 aliqui
1713 2222 1829 2256 postea
1854 2214 2008 2247 volentes
2038 2222 2166 2245 averte-

1180 2268 1255 2292 runt
1280 2271 1317 2291 se
1340 2271 1358 2290 a
1384 2260 1468 2290 Deo.
1517 2258 1575 2289 11111
1610 2261 1740 2290 aversio
1776 2266 1825 2289 est
1863 2259 1996 2300 propria
2021 2256 2166 2294 Diaboli,

1180 2306 1211 2336 id
1236 2311 1299 2342 est,
1331 2313 1432 2334 causa
1457 2304 1643 2333 aversionis
1668 2303 1726 2333 suit
1751 2301 1907 2332 voluntas
1932 2302 2046 2338 libera,
2081 2310 2166 2342 quae

1181 2353 1309 2389 poterat
1344 2353 1374 2377 61
1411 2357 1599 2387 repugnare
1634 2352 1664 2376 et
1702 2346 1847 2376 obedire.
1903 2349 1930 2376 1.
1956 2344 2110 2375 iohannis
2134 2344 2165 2374 2.

1153 2390 1461 2443 l(font-[ipiscentia
1487 2391 1596 2420 ‹nn-nis
1627 2400 1692 2420 111111
1726 2396 1774 2419 est
1810 2400 1849 2419 ex
1877 2387 1991 2425 Patre,
2029 2388 2089 2418 sed
2125 2397 2165 2418 ex

1154 2446 1158 2477 1
1183 2435 1322 2471 inundo,
1346 2433 1376 2463 id
1401 2439 1467 2470 est,
1492 2443 1530 2463 cx
1556 2439 1670 2463 natura
1696 2432 1837 2462 hominis
1863 2438 2035 2471 corrupta,
2059 2429 2166 2471 qualis

1154 2484 1157 2524 j
1182 2489 1269 2509 nunc
1294 2484 1353 2507 est.
1392 2477 1419 2507 l.
1446 2475 1557 2507 lohan.
1582 2476 1612 2506 3.
1654 2476 1716 2510 Qui
1742 2475 1816 2506 facit
1839 2482 2011 2516 peccatum
2036 2484 2074 2504 ex
2088 2472 2166 2504 Dia-

1155 2528 1158 2562 j
1183 2520 1259 2551 bolo
1296 2526 1359 2558 est,
1393 2521 1466 2561 quia
1497 2521 1538 2550 1111
1575 2520 1664 2550 initio
1691 2518 1855 2550 Diabolus
1880 2524 2012 2558 peccat,
2046 2517 2078 2547 id
2103 2521 2165 2554 est,

1155 2567 1158 2598 ἶ
1183 2565 1286 2604 prima
1312 2574 1412 2594 causa
1438 2563 1566 2604 peccati
1591 2570 1641 2593 est
1662 2561 1822 2607 yoluntas
1847 2559 1992 2598 Diaboli,
2018 2560 2110 2591 Rom.
2134 2559 2165 2589 5.

1156 2603 1157 2624 ³
1182 2608 1246 2638 Per
1270 2606 1433 2638 hominem
1457 2606 1589 2637 intravit
1608 2614 1782 2647 peccatum
1800 2605 1831 2635 in
1856 2604 2022 2641 mundum,
2047 2603 2079 2633 id
2103 2609 2167 2640 est,
