2383 2990
196 125 261 157 423

198 225 372 258 stratuum,
407 226 440 251 et
474 229 540 251 non
574 230 725 261 pugnare
755 229 828 250 cum
852 219 966 261 quinto
989 225 1181 261 praecepto.

198 263 265 294 Sed
289 270 323 294 ut
347 273 495 294 summus
519 263 644 304 gradus
669 269 721 293 est
743 263 920 304 potestatis
936 262 1090 304 politicae
1115 262 1182 295 bel-

195 305 275 345 lum,
310 306 357 337 lta
391 307 422 337 in
457 307 597 337 maximo
621 307 728 337 abusu
753 312 822 344 est,
857 313 888 336 et
911 307 1083 338 rarissima
1105 313 1183 338 sunt

196 351 282 381 iusta
307 356 339 380 et
361 349 508 390 legitima
534 347 641 385 bella,
678 349 744 381 Sed
769 347 934 380 Diabolus
959 360 1033 381 cum
1057 351 1098 381 sit
1122 350 1182 381 ho-

195 394 325 430 micida,
351 400 381 423 et
406 393 556 423 inimicus
580 391 717 433 politico
741 393 858 430 ordini,
883 403 985 435 saepe
1003 392 1181 424 levissimis

194 437 430 468 occasionibus
455 436 576 467 excitat
601 436 747 477 ingentia
772 435 871 474 bella,
895 437 1042 467 incensis
1066 437 1182 468 animis
1207 448 1212 475 Ι

195 480 349 520 utrinque
372 479 496 510 iniusta
525 480 712 520 cupiditate.
780 479 873 511 Haec
903 479 1078 511 latrocinia
1102 479 1183 512 tole-

195 529 247 554 rat
269 522 375 560 Deus,
400 529 435 553 ut.
457 523 635 564 puniantur
654 523 827 565 utriusque
851 523 954 564 partis
978 523 1121 555 scelera.

282 608 331 640 Sit
355 616 463 640 autem
487 609 573 640 haec
595 609 759 650 sapientia
792 610 825 640 in
856 610 992 641 summis
1018 610 1183 651 guberna·
1208 615 1213 662 Ι

195 652 337 690 toribus,
373 659 406 683 ut
445 651 630 683 deliberent
665 663 752 694 quae
776 651 863 684 bella
888 654 953 684 sint.
976 652 1182 690 necessaria,

195 706 280 738 quas
305 696 443 727 iniurias
478 699 622 726 ἐπιείκεια
658 697 851 728 condonare
874 697 993 728 debeat
1019 696 1182 727 communi

194 738 305 777 saluti,
325 749 365 770 ac
388 740 583 780 praesertim
608 738 792 778 Ecclesiae,
826 740 898 771 Nec
921 740 1070 770 serviant
1094 738 1183 770 bella

191 783 340 824 privatae
364 783 565 820 iracundiae,
590 784 769 821 ambitioni,
793 784 962 820 avaritiae,
986 788 1043 814 aut
1066 783 1183 824 impiae

197 826 416 867 superstioni‚
451 827 509 856 sed
546 827 623 864 sint,
659 833 693 858 ut
717 825 850 868 Abigail
874 827 1034 864 nominat,
1059 824 1184 867 praelia

194 869 340 907 Domini,
370 870 522 911 inquiens
557 871 597 901 ad
630 869 756 901 David:
791 870 874 905 Quia
898 868 1023 910 praelia
1052 868 1182 899 Domini
1209 876 1213 896 t

193 913 381 955 praeliaris,
406 924 471 944 non
497 914 682 944 invenietur
704 913 735 944 in
751 920 783 944 te
807 911 939 944 malum.
986 911 1027 943 Et
1051 912 1183 943 notissi-

193 967 281 988 mum
306 957 347 987 sit
372 957 494 988 dictum
521 956 673 988 Pindari:
707 958 741 987 ἔα
764 956 894 995 ηὸγεμον
918 958 1013 996 χωρὶς
1037 956 1124 994 θεοῦ,
1149 956 1183 986 ἔα

192 1000 304 1040 μάχαν,
330 1000 451 1031 Omitte
471 1011 628 1042 pugnam,
652 1001 764 1031 omitte
789 998 910 1031 bellum
933 1000 1006 1030 sine
1029 997 1115 1030 Deo.

277 1085 611 1128 Comprehenduntur
643 1086 710 1118 hoc
744 1091 925 1128 praecepto
955 1084 1079 1117 multae
1116 1086 1181 1116 vir·

191 1136 291 1161 tutes.

278 1207 407 1238 lustitia
439 1205 664 1248 particularis,
699 1218 784 1249 quae
819 1213 871 1238 est
904 1205 1027 1238 nullius
1058 1217 1181 1248 corpus

191 1252 310 1283 iniuria
335 1249 486 1289 afficere,
507 1257 539 1281 et
561 1252 616 1282 ubi
639 1260 824 1292 possumus
848 1251 1044 1282 innocentes
1067 1249 1181 1281 defen-

191 1295 282 1327 dere.

278 1362 608 1401 MANsUETUDQ
643 1373 730 1406 quae
753 1369 803 1394 est
826 1362 931 1394 lenire
953 1364 1036 1394 iram
1058 1363 1181 1405 proba-

190 1408 249 1440 bili
270 1409 411 1439 ratione.

281 1476 436 1514 ZELUS,
461 1476 516 1518 qui
540 1481 592 1506 est
614 1482 752 1517 propter
776 1474 915 1517 gloriam
938 1474 1019 1514 Dei,
1043 1481 1076 1506 et
1089 1474 1181 1506 iusti-

192 1522 271 1553 tiam
294 1521 425 1552 incendi
451 1519 566 1551 dolore
590 1527 621 1550 et
646 1519 694 1549 ira
717 1520 758 1550 ad
783 1518 1000 1561 depellendas
1013 1525 1181 1551 contume-

192 1563 268 1603 lias,
293 1570 325 1596 et
348 1564 390 1595 ad
414 1562 602 1605 pellendam
625 1562 869 1604 turpitudinem.

278 1633 524 1671 ἘΠΙΕΙΚΕΙΑ,
559 1642 644 1674 quae
664 1638 714 1663 est
738 1630 901 1673 probabili
926 1632 1054 1662 ratione
1076 1629 1180 1662 lenire

189 1679 296 1710 iustas
320 1687 458 1718 poenas.
483 1683 514 1707 et
539 1675 693 1707 oblivisci
717 1676 863 1716 privatas
876 1675 1026 1713 iniurias,
1051 1675 1092 1706 de
1111 1675 1181 1716 qui-

191 1723 255 1754 bus
279 1721 414 1753 dicitur:
439 1720 617 1757 Remittite,
644 1726 674 1751 et
695 1720 878 1750 remittetur
900 1720 1008 1750 vobis.

278 1788 618 1827 TEMPERANTIA,
642 1799 728 1831 quae
753 1794 805 1820 est
824 1789 946 1820 iustitia
970 1788 1082 1819 debita
1104 1797 1180 1829 pro-

193 1835 266 1877 prio
291 1835 423 1875 corpori
447 1835 478 1864 in
502 1833 600 1864 modo
624 1833 744 1864 victus.

415 1981 477 2013 DE
501 1979 646 2012 SEXTO
671 1977 950 2010 PRAECEPTO.
1202 1994 1208 2031 ί

280 2094 314 2125 ln
350 2101 445 2125 sexto
476 2099 670 2135 praecepto,
699 2092 775 2123 Non
810 2089 1056 2127 moechaberis,
1091 2091 1208 2120 com-³

191 2137 351 2180 prehendi
386 2148 529 2169 necesse
564 2144 612 2168 est
638 2137 746 2167 onmia
769 2141 948 2176 praerepta
973 2133 1035 2164 Dei
1059 2133 1179 2164 tradita

191 2183 224 2213 in
261 2181 435 2221 scripturis
472 2180 682 2222 Propheticis
718 2185 750 2210 et
786 2176 1004 2220 Apus-tollen,
1037 2187 1123 2218 quae
1147 2184 1177 2207 et

192 2225 346 2256 sanciunt
372 2224 571 2263 coniugium,
597 2230 629 2254 et
652 2222 827 2264 prohibent
848 2232 963 2253 omnes
983 2219 1067 2251 alias
1092 2230 1178 2250 com-

192 2269 381 2305 mixtiones,
404 2275 435 2299 et
460 2267 640 2298 effusiones
664 2267 811 2302 seminis,
833 2271 868 2295 ut
893 2267 923 2295 in
949 2275 1021 2305 cap.
1049 2263 1097 2295 18.
1118 2263 1178 2293 Le-

192 2313 293 2349 vitici.
332 2313 511 2342 recitantur
546 2309 668 2341 multae
703 2309 956 2350 prohibitiones,
991 2314 1022 2338 et
1049 2307 1180 2337 additur

190 2355 404 2387 severissima
431 2354 649 2391 comminatio,
697 2353 813 2383 Omnis
843 2353 951 2382 anima
986 2361 1070 2392 quae
1093 2350 1179 2380 sece-

194 2400 233 2429 rit
257 2398 378 2440 aliquid
410 2397 525 2434 harum
549 2397 841 2433 abominationum,
866 2395 983 2436 peribit
1007 2394 1048 2425 de
1071 2393 1178 2424 med30

194 2442 307 2483 populi
333 2443 394 2473 sui.
442 2441 546 2482 Ephe.
571 2441 602 2471 5.
649 2440 764 2471 Omnis
789 2445 958 2470 scortator
987 2443 1040 2469 aut
1066 2444 1179 2467 conta·
1206 2465 1210 2475 .

195 2485 350 2519 minatus.
374 2496 439 2516 non
465 2485 562 2515 habet
589 2484 826 2515 haereditatem
850 2483 881 2512 in
908 2491 1011 2524 regno
1042 2480 1178 2518 Christi,
1207 2482 1210 2516 i

196 2535 228 2559 et
253 2526 324 2558 Dei.
348 2528 452 2559 Nemo
479 2539 536 2559 vos
561 2528 703 2567 decipiat
727 2526 821 2557 vanis
846 2526 1066 2556 sermonibus-
1098 2523 1180 2554 Pro·
1207 2517 1210 2551 'i

197 2577 270 2613 pter
305 2571 390 2602 haec
425 2573 512 2602 venit
549 2571 597 2601 ira
622 2570 682 2602 Dei
708 2580 809 2610 super
832 2569 1072 2599 inobedientes.
1140 2566 1180 2597 Et
1208 2565 1210 2612 [

195 2616 238 2646 ad
264 2614 436 2645 Hebraeos
456 2615 614 2655 scriptum
639 2621 701 2652 est,
726 2614 940 2645 scortatores
965 2619 996 2643 et
1009 2609 1180 2642 adulteros

833 123 946 155 PHIL.
969 123 1073 156 MEL.
1097 124 1286 157 SCRIPTA
1308 123 1591 157 DOGMATICA.

2160 127 2226 159 424

1235 221 1395 252 iudicabit
1418 219 1511 251 Deus
1535 226 1599 252 etc.
1646 220 1740 252 Haec
1763 221 1851 252 dicta
1875 221 1985 253 omnia
2013 220 2225 253 includantur

1235 265 1268 295 in
1293 263 1356 294 hoc
1380 270 1509 294 sextum
1533 270 1767 305 praeceptum,·.
1784 271 1816 296 et
1838 265 2038 307 adiungatur
2056 266 2223 296 enarratio

1237 306 1361 338 Christi
1385 307 1522 338 recitata
1546 306 1664 338 Matth.
1687 307 1719 338 5.

1323 393 1397 425 Huc
1421 399 1452 424 et
1476 399 1546 424 tota
1570 393 1720 424 doctrina
1742 394 1884 434 pertinet
1904 394 1945 425 de
1959 394 2124 437 coniugio,
2148 406 2225 436 pro-

1236 437 1308 478 pria
1342 435 1529 475 Ecclesiae,
1564 443 1594 467 et
1626 437 1822 477 saepissime
1858 437 1922 468 hoc
1951 439 2137 469 testimonio
2162 448 2224 470 nos

1237 479 1491 518 confirmemus,
1527 479 1610 511 Cum
1645 480 1677 511 in
1711 479 1785 511 sola
1814 491 1894 511 vera
1917 479 2071 512 Ecclesia
2095 481 2158 512 Dei
2181 482 2225 513 sit,

1237 523 1365 564 integra
1400 523 1553 554 doctrina
1588 524 1629 554 de
1653 524 1821 565 coniugio,
1856 531 1889 554 et
1913 524 1953 554 de
1979 525 2144 562 castitate,
2168 535 2224 556 ne-

1237 577 1333 597 cesse
1369 574 1420 597 est
1451 566 1559 598 solum
1594 566 1682 598 hunc
1714 573 1843 598 coetum
1867 578 1944 598 esse
1967 566 2124 609 populum
2150 567 2225 606 Det,

1237 611 1291 651 qui
1316 609 1525 650 amplectitur
1544 609 1774 650 Propheticam
1799 617 1830 641 et
1848 609 2079 651 Apostolicam
2104 611 2225 642 doctri-

1237 663 1312 683 nam
1348 653 1420 683 sine
1455 652 1667 694 corruptelis.
1693 660 1725 684 et
1749 664 1814 684 non
1835 652 1916 684 alias
1941 660 2069 696 gentes
2139 654 2226 689 Quia

1236 695 1442 736 impossibile
1477 703 1539 734 est,
1573 695 1715 738 aliquem
1752 704 1881 728 coetum
1906 695 2080 728 manifeste
2104 697 2226 728 docen-

1236 745 1300 769 tem
1325 737 1446 780 aliquid
1471 747 1587 770 contra
1611 739 1831 782 Decalogum,
1857 750 1934 771 esse
1946 739 2135 771 Ecclesiam
2149 739 2224 780 Dei,

1237 788 1271 813 ut
1293 781 1424 813 Ethnici
1460 782 1580 814 multas
1614 794 1720 826 vagas
1756 783 1910 814 libidines
1946 790 1978 814 ct
2009 782 2225 815 confusiones

1237 827 1466 868 coniugiorum
1492 827 1775 868 approbaverunt.
1832 826 1921 858 Idem
1944 837 2033 858 nunc
2055 825 2225 859 Mahome·

1235 869 1334 900 tistae
1357 868 1494 908 faciunt,
1519 878 1550 900 et
1574 869 1675 911 Papa.

1322 937 1504 968 Prohibitio
1530 939 1686 980 coniugii,
1717 945 1747 969 et
1779 945 1856 969 vota
1880 937 2124 970 Monachorum
2148 948 2225 970 cau-

1235 991 1294 1011 sae
1317 988 1394 1012 sunt
1417 980 1594 1012 multorum
1619 980 1823 1012 horribilium
1849 980 2024 1012 scelerum.
2071 981 2225 1013 Sciamus

1233 1025 1334 1065 igitur
1358 1025 1543 1055 castitatem
1567 1024 1639 1056 Deo
1664 1026 1849 1066 placentem
1886 1035 1974 1063 esse,
2008 1023 2062 1056 vel
2086 1026 2117 1056 in
2143 1024 2225 1068 legi-

1236 1069 1313 1098 timo
1353 1068 1520 1109 coniugio,
1554 1067 1608 1098 vel
1642 1069 1674 1099 in
1709 1069 1777 1099 vita
1802 1066 1920 1099 coelibi
1944 1075 2082 1109 propter
2105 1067 2224 1108 Deum,

1234 1111 1340 1141 vitare
1363 1121 1480 1141 omnes
1505 1110 1689 1152 prohibitas
1711 1112 1962 1142 commixtiones
1986 1118 2019 1142 et
2043 1111 2224 1143 effusiones

1234 1154 1382 1185 seminis.
1429 1153 1469 1185 Et
1493 1155 1534 1185 ad
1560 1155 1747 1185 castitatem
1773 1165 1835 1186 nos
1855 1155 2081 1186 exuscitemus
2096 1155 2223 1197 cogita-

1235 1198 1323 1228 tione
1347 1198 1492 1228 mandati
1517 1198 1628 1235 divini,
1653 1204 1685 1228 et
1708 1197 1915 1229 horribilium
1939 1208 2121 1238 poenarum
2144 1205 2224 1229 tem-

1233 1239 1395 1282 poralium
1421 1247 1453 1272 et
1474 1247 1696 1272 aeternarum.

1322 1309 1516 1350 Cogitemus
1541 1310 1657 1348 etiam,
1694 1320 1797 1351 quare
1820 1308 1915 1341 Deus
1934 1315 2000 1341 tam
2024 1319 2143 1341 severe
2165 1320 2224 1350 pu-

1233 1353 1301 1384 niat.
1324 1351 1493 1390 libidines,
1517 1354 1607 1394 quod
1632 1351 1854 1395 vultintelligi
1869 1354 2068 1391 castitatem,
2092 1359 2127 1384 ut
2139 1353 2224 1384 scia-

1232 1407 1306 1427 mus
1329 1397 1436 1437 ipsum
1461 1406 1539 1427 esse
1561 1404 1704 1427 mentem
1729 1402 1868 1433 castam,
1892 1406 2028 1436 puram,
2058 1402 2089 1427 et
2112 1406 2224 1427 aman-

1233 1445 1299 1470 tem
1323 1439 1461 1476 ordinis,
1487 1446 1518 1470 et
1542 1440 1729 1470 castitatem
1754 1439 1932 1470 ostendere
1955 1437 2084 1470 illustre
2109 1439 2224 1470 discri-

1232 1493 1307 1513 men
1332 1484 1418 1513 inter
1442 1482 1566 1520 Deum,
1591 1489 1623 1513 et
1647 1489 1782 1513 naturas
1803 1483 2006 1517 immundas,
2042 1483 2093 1514 Ac
2117 1483 2149 1513 in
2174 1483 2223 1513 in-

1234 1527 1413 1557 vocatione
1448 1526 1646 1567 cogitantes,
1681 1526 1770 1567 quod
1805 1526 1848 1556 sit
1872 1525 1978 1562 Deus,
2013 1524 2077 1556 hac
2101 1526 2224 1557 virtute

1233 1579 1305 1600 eum
1342 1570 1571 1600 discernamus
1605 1580 1625 1599 a
1660 1567 1824 1599 Diabolis.
1891 1567 2084 1611 Cogitemus
2125 1569 2223 1600 etiam

1232 1611 1397 1643 Diabolos
1422 1613 1608 1643 immediate
1633 1613 1708 1643 odio
1722 1611 1784 1643 Dei
1809 1610 1979 1653 impellere
1998 1611 2145 1643 infirmos
2164 1611 2224 1643 ho-

1234 1657 1340 1687 mines
1376 1656 1417 1686 ad
1443 1655 1613 1687 libidinum
1638 1655 1866 1687 confusiones.
1935 1654 2048 1690 Quare
2071 1662 2222 1696 petamus

1234 1697 1389 1730 auxilinm
1427 1699 1487 1730 Dei
1523 1700 1565 1730 ad
1590 1699 1794 1730 retinendam
1830 1699 2028 1736 castitatem,
2065 1709 2104 1729 ac
2128 1698 2222 1729 Deus

1233 1753 1272 1774 eo
1297 1741 1452 1773 libentius
1477 1753 1572 1784 opem
1597 1741 1659 1773 fert
1682 1742 1884 1783 petentibuS‚
1914 1743 1988 1783 quia
2009 1742 2072 1773 scit
2097 1741 2223 1773 Diabo-

1232 1785 1285 1817 los
1320 1787 1499 1827 praecipue
1534 1792 1670 1827 propter
1698 1786 1784 1816 hanc
1809 1796 1946 1816 causam
1969 1783 2140 1825 impellere
2164 1785 2223 1816 ho-

1232 1830 1336 1860 mines
1360 1830 1402 1860 ad
1426 1830 1749 1867 contaminationem,
1772 1835 1807 1860 ut
1831 1828 1926 1860 Deus
1951 1827 2150 1860 contumelia
2174 1826 2222 1859 af-

1233 1872 1373 1911 ficiatur,
1408 1880 1439 1903 et
1463 1872 1604 1914 plurima
1629 1872 1707 1903 fiant
1730 1871 1939 1913 displicentia
1963 1871 2053 1903 Deo:
2088 1871 2222 1903 Fortius

1232 1917 1332 1957 igitur
1355 1917 1502 1956 reprimit
1522 1915 1686 1947 Diabolos
1710 1915 1815 1953 Deus,
1842 1917 1917 1957 quia
1941 1915 2003 1945 scit
2027 1925 2086 1946 eos
2113 1916 2220 1957 magis

1233 1960 1309 1990 edio
1334 1959 1397 1991 Dei
1423 1970 1521 2001 quam
1545 1960 1712 1990 hominum
1736 1958 1856 1990 furere.
1902 1958 1974 1989 Hae
1997 1958 2219 2001 cogitationes

1232 2013 1334 2045 saepe
1358 2004 1548 2035 miscendae
1571 2010 1648 2034 sunt
1671 2002 1883 2034 invocationi.

1431 2165 1492 2198 DE
1523 2165 1714 2197 SEPTIMO
1738 2163 2018 2197 PRAECEPTO.

1502 2282 1597 2322 Non
1630 2281 1782 2322 furtum
1815 2280 1948 2321 facies.

1321 2392 1404 2424 Cum
1433 2390 1553 2423 furtum
1577 2390 1783 2433 prohibetur,
1818 2400 1835 2422 e
1859 2391 1997 2432 regione
2021 2388 2221 2421 affirmativa

1234 2437 1399 2468 sententia
1419 2435 1560 2466 tenenda
1584 2442 1647 2466 est.
1716 2435 1789 2466 Non
1814 2435 1898 2465 enim
1919 2440 2033 2465 essent
2057 2431 2154 2471 furta,
2189 2433 2219 2464 si

1234 2478 1325 2511 nulla
1360 2486 1449 2510 esset
1474 2479 1639 2510 distinctio
1665 2478 1892 2509 dominiorum.
1962 2477 2038 2508 ldeo
2073 2477 2219 2506 sciamus

1234 2524 1265 2554 in
1287 2522 1350 2553 hoc
1374 2529 1551 2564 praecepto
1577 2522 1699 2553 sanciri
1725 2522 1969 2552 distinctionem
1987 2520 2217 2557 dominiorum,

1235 2573 1267 2598 et
1291 2567 1435 2597 discerni
1459 2567 1545 2596 inter
1567 2566 1701 2607 propria
1721 2572 1750 2595 et
1775 2563 1893 2601 aliena,
1930 2570 1961 2594 et
1986 2561 2074 2594 velle
2100 2561 2218 2599 Deum,

1208 2619 1211 2634 ¹·
1235 2617 1270 2642 ut
1293 2621 1372 2642 suas
1398 2610 1539 2651 quisque
1562 2619 1617 2640 res
1641 2614 1762 2647 teneat,
1786 2615 1818 2639 et
1841 2609 1882 2639 ab
1907 2606 2016 2638 alieno
2040 2606 2217 2637 abstineat.
