2383 2990
219 167 284 199 475

844 166 958 198 PHIL.
981 166 1085 198 MEL.
1110 167 1298 200 SCRIPTA
1320 141 1600 200 DOGBiATlCA.

220 262 263 292 tia
287 259 417 302 placet,
441 261 531 292 iuxta
562 261 682 291 dictum
707 260 812 291 Petri:
838 260 963 292 Offerte
989 261 1116 293 hostias
1140 263 1204 303 spi·
1230 277 1231 282 ¹

220 303 377 342 rituales,
409 303 580 346 placentes
611 304 684 335 Deo
708 315 768 345 per
800 304 906 335 lesum
937 304 1117 337 Christum.
1163 305 1205 337 Et

220 347 303 379 haec
330 349 400 388 ipsa
425 348 609 378 obedientia
634 347 772 389 placens
796 347 887 386 Deo,
922 349 1106 380 nominatur
1136 348 1205 381 cnl-

220 397 273 422 tus
300 390 361 421 Dei
393 397 423 421 et
449 392 660 430 sacriticmm,
699 389 826 422 scilicet
851 391 1067 433 εὐχαρισιικόν.
1113 393 1204 424 Haec

219 435 351 465 nomina
375 441 451 465 sunt
484 434 689 465 lionoroiica.
737 434 820 465 Nam
849 437 1047 467 sacrificium
1080 436 1204 478 signifi-

219 484 271 509 cat
297 488 391 518 opus,
418 488 482 518 quo
508 477 599 508 Deus
623 479 746 509 iudicat
769 489 806 508 se
831 478 957 509 honore
981 479 1079 510 allici.
1126 480 1204 510 ldeo

219 521 340 551 dictum
366 529 428 559 est,
455 521 544 551 Esai.
569 521 622 551 61.
668 521 740 551 Vos
773 522 968 553 sacerdotes
992 522 1123 553 Domini
1150 533 1205 553 vo-

219 565 381 597 cabimini,
409 565 546 594 ministri
573 563 634 595 Dei
659 566 763 594 nostri
787 566 915 596 dicetur
938 567 1045 596 vobis.
1081 564 1204 597 Psalm-

2178 170 2243 202 476

1256 268 1397 295 mortem
1425 263 1632 304 peccatoris,
1668 264 1727 294 sed
1761 269 1797 295 ut
1827 269 2043 296 convertatur
2073 270 2106 296 et
2140 265 2241 298 vivat,

1231 342 1232 345 Ἰ
1257 306 1335 337 ldeo
1359 307 1536 348 promissio
1560 307 1686 348 gratiae
1709 308 1896 338 nominatur
1925 314 2096 340 aeternum
2125 307 2243 340 Testa·

1231 382 1232 388 χ
1256 356 1410 380 mentum.
1441 349 1525 384 Quia
1550 361 1629 381 vero
1654 350 1747 381 Deus
1771 351 1803 380 in
1827 350 1891 382 hac
1915 352 1981 382 vita
2002 350 2069 382 vult
2093 352 2244 383 inchoari

1258 391 1488 424 collectionem
1513 392 1706 432 Ecclesiae,
1729 394 1852 424 addidit
1883 395 1979 425 etiam
2003 395 2243 435 promissiones

1258 437 1419 467 bonorum
1445 437 1666 478 corporalium
1692 448 1753 468 seu
1776 438 2012 478 praesentium,
2038 448 2121 479 quae
2146 439 2244 469 etiam

1259 486 1333 510 sunt
1358 487 1450 510 ratae
1474 487 1610 521 propter
1634 479 1765 517 Filfum,
1788 481 1873 511 sicut
1897 481 1928 511 2.
1955 479 2031 511 Cor.
2060 481 2085 512 l.
2111 481 2242 512 dicitur:

1231 554 1233 561 ¹
1258 522 1384 554 Omnes
1408 524 1647 563 promissiones
1671 524 1701 554 in
1717 522 1852 554 Christo
1872 530 1949 554 sunt
1972 530 2065 554 ratae
2088 530 2244 556 ettamen

215 607 268 637 50.
294 607 499 638 Sacrificium
519 607 594 638 Deo
608 608 749 648 Spiritus
772 608 1024 643 contribulatus,
1049 620 1107 640 cor
1128 620 1205 640 con·
1231 627 1232 635 κ

216 651 337 681 tritum.
373 649 518 681 Malach.
539 651 569 681 3.
607 650 767 694 purgabit
802 659 831 682 et
868 651 987 683 colabit
1026 663 1084 683 eos
1120 653 1232 686 sicut:

216 704 332 724 aurum
357 700 387 724 et
412 702 605 735 argentum,
629 702 661 726 et
685 702 780 726 erunt
811 695 876 726 duo
901 696 1079 727 offerentes
1103 696 1204 726 sacri-

217 736 292 768 ficia
316 738 347 768 in
366 738 499 769 iustitia.

304 823 435 858 Quanta
461 823 650 855 consolatio
676 830 725 854 est
751 825 849 862 scire,
875 824 1062 862 Pastorem,
1078 823 1204 855 Docto-

216 877 297 904 rem,
310 865 529 908 Discipulum,
547 866 787 908 Mag-istratum,
809 867 957 905 Militem,
980 866 1205 898 patremfami-

214 908 295 947 lias,
320 910 480 948 Matrem,
504 909 630 951 plat-ert
662 910 756 947 Deo,
788 917 819 941 et
844 921 1019 950 personam
1050 917 1081 941 et
1117 910 1204 942 hanc

214 952 397 995 squalidam
423 954 644 984 obedientiam
670 955 700 984 in
727 954 874 984 maximis
898 953 1069 985 laboribus
1094 960 1124 984 et
1150 965 1204 985 ae-

214 998 338 1028 rumnis
373 998 602 1034 vocationum,
644 1004 673 1028 et
718 998 863 1027 discerni
907 1007 970 1027 nos
1005 998 1047 1027 ab
1086 997 1203 1037 impiis.

215 1040 381 1075 Quantum
407 1039 505 1070 refert
536 1040 622 1071 scire
655 1039 800 1071 militiam
828 1039 967 1071 Davidis
1000 1051 1076 1071 esse
1101 1041 1205 1071 sacri-

214 1084 324 1114 ficium
338 1083 411 1114 Deo
435 1091 564 1123 gratum
589 1091 619 1113 et
640 1082 719 1114 utile
745 1082 931 1114 Ecclesiae:
965 1083 1033 1114 iulii
1057 1082 1203 1114 militiam

216 1137 293 1158 esse
318 1126 475 1157 horribile
500 1127 699 1164 incendium,
723 1133 754 1157 et
780 1127 945 1167 impetum,
970 1127 1002 1157 in
1028 1138 1093 1168 quo
1109 1126 1204 1158 Deus
1230 1127 1231 1153 i

215 1168 416 1202 contumelia
439 1168 595 1200 afficitur.
642 1170 719 1200 ldeo
745 1170 822 1200 dicit
849 1169 990 1201 Paulus:
1022 1169 1117 1201 Deus
1142 1177 1203 1208 est,

215 1214 269 1255 qui
293 1213 382 1251 facit,
408 1219 442 1244 ut
474 1211 593 1251 veinis,
618 1220 647 1244 et
672 1220 705 1244 ut
730 1213 928 1254 perficiatis,
951 1219 987 1245 ut
1009 1215 1117 1255 aliqua
1141 1214 1204 1254 ipsi

214 1263 309 1298 grata
335 1256 425 1293 fiant,
450 1257 544 1297 quasi
570 1257 672 1288 dicat:
692 1257 767 1287 Non
793 1255 861 1287 vult
887 1263 990 1288 totum
1015 1267 1122 1298 genus
1147 1257 1204 1287 hu-

213 1311 344 1331 manum
369 1299 434 1330 tale
459 1310 546 1338 esse,
571 1306 607 1331 ut
631 1299 827 1331 contmnelia
842 1299 950 1331 Deum
971 1300 1103 1331 afficiat.
1135 1299 1204 1331 Sed

215 1343 286 1374 vult
311 1354 391 1374 esse
415 1342 557 1385 aliquam
582 1351 726 1385 partem,
757 1354 841 1385 quae
866 1343 1011 1374 celebret
1035 1343 1142 1374 Deum
1172 1348 1205 1374 et

216 1392 313 1429 grata
342 1387 371 1417 ei
405 1385 524 1425 saciat,
558 1393 587 1417 et
619 1387 749 1429 quidem
781 1388 852 1427 ipse
883 1388 1016 1418 adiuvat
1051 1386 1204 1417 volentes

214 1431 277 1471 ipsi
302 1430 449 1468 obedire,
473 1436 504 1460 et
528 1428 618 1468 facit,
642 1437 677 1461 ut
701 1437 854 1461 servetur
878 1429 1049 1468 Ecclesia,
1073 1436 1105 1461 et
1128 1440 1204 1471 pro·

215 1474 282 1504 sint
312 1472 466 1514 labores,
498 1473 591 1505 Sicut
625 1472 704 1504 alibi
735 1474 840 1514 inquit
866 1471 1008 1505 Paulus':
1042 1473 1118 1504 Non
1152 1478 1205 1505 est

215 1517 322 1548 inanis
347 1514 443 1547 labor
466 1522 578 1548 vester
601 1517 633 1547 in
656 1516 813 1547 Domino.

301 1602 394 1634 Haec
428 1603 517 1634 bona
540 1601 666 1633 scilicet
689 1601 823 1644 placere
846 1601 941 1640 Deo,
977 1612 1053 1633 esse
1077 1602 1203 1633 sacrifi-

215 1646 312 1683 cium,
338 1656 413 1677 esse
437 1645 571 1677 labores
597 1645 705 1684 utiles,
730 1645 837 1687 qualis
858 1646 1002 1687 dignitas
1026 1646 1107 1683 sint,
1131 1644 1202 1676 dili-

215 1696 331 1732 genter
355 1690 632 1721 considerandum
653 1696 714 1724 est,
737 1695 773 1720 ut
792 1696 824 1720 et
847 1689 1046 1726 necessitas,
1070 1694 1101 1720 et
1120 1688 1204 1719 haec

213 1733 359 1775 ingentia
394 1734 500 1772 bona,
534 1731 706 1771 videlicet,
749 1733 837 1774 quod
872 1732 1059 1763 obedientia
1093 1731 1203 1773 placet

213 1776 308 1815 Deo,
343 1777 430 1818 quod
457 1782 507 1807 est
531 1777 749 1814 sacrificium,
784 1776 871 1817 quod
897 1774 985 1807 utilis
1010 1782 1061 1806 est
1084 1774 1203 1807 Eccle-

214 1821 303 1858 siae,
329 1820 514 1851 exuscitent
549 1830 612 1850 nos
637 1820 678 1850 ad
704 1830 817 1850 curam
841 1820 927 1850 bene
957 1819 1135 1859 operandi,
1172 1824 1204 1850 et

213 1863 319 1894 maius
344 1864 465 1894 donum
491 1869 552 1901 est,
577 1862 773 1905 quodDeus
793 1862 938 1893 affirmat
961 1872 999 1892 se
1023 1862 1106 1893 haec
1130 1862 1203 1903 ipsa

215 1907 301 1938 bona
335 1907 524 1948 gubernare
555 1913 588 1938 et
618 1907 793 1944 adiuvare,
826 1915 864 1937 se
886 1912 1097 1947 praesentem
1126 1915 1203 1937 esse

214 1950 248 1981 in
271 1948 328 1981 illa
351 1950 553 1981 obedientia.

300 2035 431 2067 Deinde
443 2036 584 2067 addatur
603 2035 755 2067 doctrina
773 2035 814 2066 de
830 2035 996 2076 praeniiiS‚
1021 2035 1076 2065 ubi
1096 2034 1202 2066 scien-

215 2079 292 2110 dum
316 2085 367 2110 est
391 2078 538 2120 duplices
563 2090 640 2110 esse
666 2079 917 2119 promissiones.
963 2077 1072 2108 Prima
1096 2077 1203 2109 Evan-

215 2121 292 2164 gelii
327 2128 379 2154 est
407 2123 541 2164 propria
576 2129 608 2153 et
640 2123 793 2164 gratuita.
840 2121 1030 2153 Altera-est
1053 2131 1202 2161 operum,

215 2176 302 2207 quae
325 2172 436 2207 potest
462 2166 622 2196 nominari
643 2166 790 2206 Legalis.
826 2164 1009 2196 Promissio
1029 2164 1202 2206 Evangelii

215 2209 364 2250 propria,
389 2214 440 2240 est.
462 2210 641 2250 promissio
665 2210 810 2250 gratiae,
840 2209 871 2239 id
897 2214 966 2246 est,
996 2209 1202 2239 remissionis

240 2258 447 2289 eecatorunt,
484 2251 782 2289 reconciliationis,
813 2252 1045 2283 vivificadonis
1068 2261 1129 2293 per
1155 2251 1202 2281 Fi-

231 2297 295 2326 ium
320 2301 350 2326 et
371 2295 527 2337 Spiritum
552 2302 715 2332 sanctum,
739 2301 771 2326 et
785 2296 872 2326 vitae
891 2301 1048 2326 aeternae
1068 2302 1203 2336 propter

216 2338 435 2370 Mediatorem
461 2340 646 2370 donandae.
682 2338 773 2370 Haec
799 2345 829 2369 et
853 2340 1030 2380 praecipua
1048 2345 1078 2369 et
1100 2339 1203 2379 prima

217 2383 395 2423 promissio
420 2389 488 2418 est,
513 2382 589 2413 ldeo
614 2383 699 2413 enim
720 2384 806 2413 misit
830 2381 922 2413 Deus
946 2381 1079 2419 Filium,
1102 2388 1136 2412 ut
1160 2382 1201 2412 ab

217 2426 360 2456 aeternis
385 2424 480 2456 malis
505 2436 566 2456 nos
590 2425 708 2457 liberet
732 2433 764 2457 et
781 2427 933 2457 restituat
947 2433 1084 2457 aeterna
1104 2426 1201 2456 bona.

1258 566 1439 597 diti'erentia
1466 573 1532 604 est,
1566 566 1660 597 Deus
1693 568 1748 597 dat
1777 568 1863 597 bona
1895 566 2100 607 corporalia,
2136 577 2245 609 neque

1258 610 1384 647 eadem,
1409 620 1518 651 neque
1542 613 1656 640 eodem
1680 611 1791 647 modo,
1814 617 1848 640 ut
1863 609 2020 641 Abrahae
2033 611 2086 641 dat
2101 611 2244 649 divitias,

1256 663 1323 683 non
1353 654 1404 683 dat
1431 653 1572 684 Lazaro.
1620 653 1703 684 Sinit
1729 653 1898 684 lonatltam
1921 652 2062 685 interfici
2086 664 2159 685 cum
2187 664 2244 694 pa.-

1256 704 1325 733 tre‚
1358 706 1424 726 non
1449 697 1526 727 sinit
1557 697 1661 727 occidi
1688 696 1861 727 Davidem.
1908 698 1986 727 Item
2015 697 2109 737 punit
2143 696 2243 729 exilio

1256 737 1432 778 Davidem,
1456 750 1522 770 non
1546 740 1595 771 sic
1618 741 1710 780 punit
1732 739 1920 770 Ezechiam.

1343 823 1424 855 Vult
1449 830 1556 856 autem
1587 831 1620 856 et
1648 835 1776 866 poenas
1807 832 1838 857 et
1871 825 2019 866 praemia
2050 835 2186 866 operum
2209 826 2244 857 in

1255 867 1321 898 hac
1357 868 1424 899 vita
1458 879 1591 910 quoque
1626 870 1793 910 conspici,
1828 879 1931 910 quare
1965 869 2093 899 atrocia
2123 868 2245 900 delicta

1255 911 1346 952 punit
1372 914 1541 942 atrocibus
1565 913 1681 952 poenis
1713 914 1743 943 in
1768 911 1832 943 hac
1857 913 1939 950 vita,
1971 919 2002 943 et
2026 922 2086 953 pro
2111 912 2244 943 benefa-

1257 955 1319 985 ctis
1345 955 1400 985 dat
1425 956 1571 994 praemia
1595 954 1678 986 alias
1701 954 1798 986 aliter
1822 965 1883 986 suo
1905 954 2056 986 consilio.
2102 955 2143 986 Et
2164 966 2245 988 vera

1257 1004 1305 1028 est
1331 998 1530 1038 propositio:
1553 998 1649 1029 Bona
1672 1009 1775 1039 opera
1799 1005 2011 1036 sanctorum,
2036 999 2164 1029 etiamsi
2188 1009 2244 1029 ne-

1230 1064 1232 1074 ,-
1257 1051 1320 1082 que
1344 1041 1573 1072 remissionem
1597 1048 1828 1082 peccatorum,
1862 1052 1968 1083 neque
1999 1041 2244 1072 reconciliatio·

1230 1112 1231 1118 ,
1256 1094 1348 1122 nem,
1380 1094 1488 1126 neque
1512 1085 1612 1115 vitam
1636 1091 1804 1115 aeternam
1828 1091 2013 1122 merentur,
2037 1091 2148 1115 tamen
2178 1095 2246 1116 me·

1256 1128 1321 1158 reri
1355 1125 1419 1158 alia
1451 1128 1596 1169 praemia
1627 1126 1815 1169 corporalia
1844 1134 1876 1158 et
1905 1127 2090 1169 spiritualia
2119 1128 2246 1160 in1hao

1230 1198 1232 1214 t
1256 1171 1340 1209 vita,
1365 1169 1476 1212 aliquo
1501 1172 1600 1201 modo
1625 1171 1860 1213 mitigationem
1884 1181 2063 1212 poenarum
2086 1181 2246 1212 praesen·

1257 1214 1352 1251 tium,
1387 1214 1663 1255 gubernationem
1704 1212 1979 1256 tranquilliorem.

1256 1264 1352 1288 erunt
1374 1258 1407 1288 in
1431 1258 1497 1289 vita
1519 1265 1667 1289 aeterna.

2035 1214 2078 1245 Et
2117 1215 2244 1256 gradus

1344 1342 1417 1374 Sint
1448 1344 1548 1386 igitur
1577 1343 1609 1374 in
1641 1349 1825 1384 conspectu
1847 1343 2088 1384 promissiones
2111 1343 2246 1375 additae

1257 1387 1429 1427 operibus.
1487 1385 1573 1417 Date
1608 1393 1641 1418 et
1677 1387 1808 1418 dabitur
1843 1387 1950 1417 vobis.
2005 1386 2101 1417 Beati
2135 1387 2244 1425 mites,

1256 1430 1333 1471 quia
1367 1430 1590 1471 possidebunt
1624 1435 1776 1460 terram.'
1814 1429 1855 1460 Et
1897 1439 2001 1470 saepe
2045 1429 2244 1471 cogitemus,

1256 1484 1359 1514 quare
1396 1473 1486 1504 Deus
1524 1473 1697 1504 tradiderit
1738 1473 1978 1514 promissiones
2021 1471 2245 1514 corporalium

1257 1517 1431 1551 bonorum,
1458 1523 1489 1547 et
1509 1517 1597 1558 quod
1621 1515 1701 1547 velit
1724 1517 1820 1546 etiam
1840 1516 1872 1546 in
1896 1515 1948 1546 his
1974 1517 2070 1547 bonis
2093 1516 2245 1556 petendis

1255 1569 1288 1590 et
1321 1560 1523 1599 accipiendis
1565 1559 1715 1590 exerceri
1750 1559 1881 1596 fidem,
1918 1558 2185 1597 invocationem,
2212 1564 2247 1590 et

1255 1601 1447 1633 Gratiarum
1480 1603 1655 1633 actionem.
1700 1602 1924 1633 Numerantur
1955 1609 2063 1634 autem
2098 1603 2246 1644 quinque

1255 1656 1394 1683 causae,
1429 1652 1566 1687 propter
1600 1655 1683 1687 quas
1718 1646 1861 1677 traditae
1890 1651 1968 1677 sunt
2000 1646 2245 1688 promissiones

1257 1689 1420 1720 bonorum
1443 1688 1680 1730 corporalium.

1343 1774 1466 1814 Prima,
1490 1774 1573 1806 Vult
1598 1774 1691 1806 Deus
1713 1783 1776 1805 nos
1801 1773 1991 1805 confirmari
2019 1779 2137 1806 contra
2166 1773 2244 1816 Epi-

1257 1829 1377 1850 cureas
1397 1819 1665 1860 imaginationes,
1690 1824 1723 1849 et.
1746 1818 1825 1849 sciri
1845 1828 1913 1849 non
1931 1828 2015 1849 casu
2034 1817 2145 1849 offerri
2159 1816 2246 1849 haeo

1258 1863 1344 1893 bona
1369 1863 1441 1893 sine
1464 1863 1568 1903 ipsius
1593 1861 1746 1893 consilio.
1778 1859 1858 1892 Vult
1881 1872 1962 1903 ergo
1986 1862 2126 1903 primum
2149 1870 2245 1892 exer-

1256 1906 1323 1936 ceri
1348 1905 1461 1936 Fidem
1490 1906 1530 1936 de
1560 1905 1785 1946 providentia,
1809 1905 1899 1946 quod
1923 1910 1955 1936 et
1978 1911 2091 1936 creata
2113 1905 2179 1935 sint
2201 1904 2244 1936 ab

1256 1949 1442 1989 ipsobona
1465 1947 1671 1990 corporalia,
1695 1954 1727 1979 et
1758 1949 1996 1979 distribuantur
2028 1948 2133 1989 ipsius
2163 1957 2244 1978 con-

1256 1991 1330 2023 silio
1344 2015 1354 2030 ,
1397 1993 1489 2024 iuxta
1529 1992 1667 2024 dictum:
1713 1991 1908 2023 Benedictio
1949 1990 2084 2022 Domini
2123 1991 2243 2023 divite·

1254 2034 1344 2066 facit.

1343 2120 1498 2152 Secunda
1537 2130 1641 2152 causa
1675 2125 1743 2159 est,
1781 2119 1861 2151 Vult
1900 2120 1962 2151 has
2001 2119 2242 2162 promissiones

1255 2166 1478 2206 praesentium
1503 2164 1664 2195 bonorum
1687 2165 1878 2195 testimonia
1901 2174 1990 2201 esse,
2014 2164 2104 2205 quod
2127 2164 2158 2194 in
2176 2163 2243 2195 hao

1256 2209 1322 2239 vita
1346 2207 1534 2239 Ecclesiam
1558 2214 1754 2239 servaturus
1779 2207 1831 2238 sit.
1877 2206 1954 2238 ldeo
1974 2205 2097 2238 Paulus
2121 2207 2242 2248 inquit:

1256 2251 1368 2283 Pietas
1402 2251 1502 2282 hahet
1533 2252 1788 2292 promissionem
1823 2250 2010 2291 praesentis
2045 2255 2078 2281 et
2111 2248 2244 2282 suturae

1256 2296 1361 2333 vitae,
1398 2301 1429 2326 et
1458 2293 1623 2325 Dominus
1653 2295 1775 2336 inquit:
1811 2294 1880 2325 Scit
1904 2293 2004 2325 Pater
2031 2298 2145 2325 vester
2168 2303 2242 2324 coe-

1255 2337 1372 2376 lestis,
1409 2338 1497 2380 quod
1522 2338 1617 2368 vobis
1647 2338 1700 2368 liis
1725 2339 1825 2369 rebus
1851 2348 1935 2379 opus
1959 2337 2009 2369 sit.
2056 2336 2147 2373 Item,
2173 2336 2244 2367 Pri-

1256 2382 1342 2412 mum
1373 2382 1522 2423 quaerite
1547 2392 1685 2423 regnum
1710 2381 1790 2419 Dei,
1826 2387 1857 2412 et
1887 2387 2020 2412 caetera
2046 2380 2243 2411 adiicientur

1256 2425 1363 2456 vobis.
1402 2424 1440 2454 Et
1462 2424 1606 2455 Esa.30.
1631 2423 1908 2456 DabitDominus
1932 2434 2051 2466 panem
2074 2430 2106 2454 et
2122 2433 2242 2465 aquam

217 2467 270 2499 Ae
301 2475 392 2500 certo
417 2470 557 2500 tenenda
588 2476 638 2501 est
662 2468 746 2500 haec
776 2468 981 2507 consolatio,
1011 2469 1098 2500 hanc
1128 2479 1202 2509 pro·
1226 2452 1230 2509 l
1256 2479 1331 2500 cum
1354 2466 1576 2507 tribulatione,
1601 2474 1633 2500 et
1655 2479 1721 2500 non
1745 2469 1832 2499 sinet
1854 2467 1993 2500 avolare
2015 2468 2197 2498 doctorem.

217 2512 408 2542 missionem
433 2519 462 2543 et
488 2514 663 2554 gratuitam
689 2523 778 2551 esse,
802 2519 833 2544 et
856 2523 988 2553 semper
1010 2518 1114 2543 ratam
1127 2521 1203 2543 esse

217 2554 257 2584 iis
280 2555 334 2596 qui
360 2562 596 2587 convertuntur
620 2557 659 2587 ad
675 2555 792 2595 Deum,
817 2562 849 2587 et
867 2554 1063 2597 confugiunt
1087 2555 1128 2585 ad
1153 2555 1203 2585 Fi-

218 2596 296 2628 lium
321 2597 417 2635 Fide,
447 2600 573 2630 etiamsi
598 2600 775 2631 amittenda
799 2601 864 2631 sint
889 2601 998 2636 onmia
1022 2600 1108 2629 bona
1131 2608 1203 2628 cor-

219 2641 324 2682 poris,
347 2642 437 2673 iuxta
462 2643 600 2674 dictum:
625 2643 713 2675 Vivo
738 2653 813 2685 ego,
837 2642 1102 2684 dicitDominus,
1125 2640 1203 2673 nolo

1341 2554 1451 2586 Tertia
1471 2564 1572 2586 causa
1595 2561 1666 2593 est,
1695 2554 1779 2590 Quia
1797 2553 1868 2585 vult
1890 2553 1984 2585 Deus
2007 2554 2039 2584 in
2061 2552 2113 2583 his
2143 2552 2242 2584 bonis

1255 2599 1405 2640 petendis
1430 2604 1462 2629 et
1485 2599 1687 2640 accipiendis
1717 2599 1863 2629 exerceri
1888 2598 2020 2635 Fidem,
2055 2596 2241 2627 invocatio-

1255 2653 1347 2681 nem,
1377 2648 1412 2675 et
1435 2642 1626 2690 Gratiarum
1643 2642 1819 2684 actionem,
1838 2642 1929 2673 iuxta
1953 2641 2091 2672 dictum:
2115 2639 2241 2672 lnvoca
