2383 2990
150 129 213 161 169
858 128 912 160 111.

959 128 1235 163 CATECHESIS
1258 130 1475 164 PUERlLts.

2111 132 2174 164 170

149 234 222 262 cae,
246 222 336 255 valet
364 222 519 254 iudicium
541 223 757 264 magistratus
787 233 828 256 ac
857 223 982 265 legum,
1015 223 1048 255 id
1073 229 1136 262 est,
1189 215 1381 265 scriptione,
1416 231 1449 257 et
1483 232 1684 257 concurrant
1716 225 1866 268 reliquae
1894 227 2172 266 circumstantiae,

148 267 307 308 sapientis
332 272 363 298 et
386 267 483 308 aequi
508 265 735 298 Iurisconsulti
749 267 789 298 de
810 267 1048 303 contractibus,
1071 267 1135 298 sic-

147 316 183 342 ut
206 316 238 341 et
261 311 302 341 de
320 309 393 341 aliis
417 311 519 341 rebus
542 308 697 350 politicis.
731 309 791 340 Hic
814 310 949 351 sapiens
974 310 1136 341 iuriscon-

148 352 256 384 sultus
281 354 449 384 discernet
470 363 610 390 usuras,
630 359 663 384 et
685 353 715 384 id
741 353 831 394 quod
854 353 991 384 interest
1047 352 1135 384 con-

147 395 232 428 seret
269 397 367 428 etiam
390 397 547 427 mandata
570 396 681 427 divina
705 407 778 427 cum
799 397 870 427 iure
892 395 1058 434 humano,
1091 406 1134 428 ne

146 441 310 482 approbet
334 446 447 481 aperte
471 440 651 481 pugnantia
675 450 750 471 cum
772 439 936 470 mandatis
959 438 1034 471 Dei.

429 601 490 633 DE
513 600 848 633 RESTITUTIONE.

147 666 270 707 Estne
303 681 399 706 vera
429 666 586 720 regula:
628 665 849 705 Peccatum
881 680 963 706 non
995 665 1133 706 dimit-

279 744 387 793 tit-ur,
419 743 494 783 nisi
526 742 708 782 ablatum
739 743 998 784 restituatur?

212 868 427 909 Respondeoz
450 867 542 899 Haec
566 866 683 909 regula
707 878 787 899 vera
812 874 863 899 est
889 868 921 899 in
945 879 1068 910 genere
1092 869 1134 900 de

145 913 308 949 omnibus,
334 912 388 953 qui
412 911 558 942 scientes
582 917 613 941 et
632 909 785 942 volentes
808 910 951 943 alienum
975 912 1134 949 detinent,

145 962 175 987 et
201 955 323 986 babent
347 955 434 985 unde
457 955 597 985 reddant
619 964 680 985 seu
710 961 849 995 possunt
875 956 1024 993 reddere,
1049 956 1135 986 sicut

144 997 270 1030 Paulus
295 999 411 1039 inquit:
448 998 510 1032 Qui
535 998 665 1028 furatus
690 1004 753 1035 est,
774 998 932 1039 deinceps
957 1009 1022 1029 non
1047 998 1134 1030 sure-

143 1048 206 1073 tur.
253 1042 354 1083 Atqui
373 1040 441 1078 ille,
463 1041 519 1081 qui
553 1039 683 1071 furatus
708 1048 777 1078 est,
810 1043 970 1082 tantisper
995 1048 1045 1073 est
1070 1041 1134 1079 fur,

143 1086 218 1116 dum
244 1083 385 1116 alienum
410 1084 521 1114 sciens
547 1094 585 1114 ac
604 1082 722 1115 volens
743 1084 878 1121 detinet,
903 1085 989 1116 sicut
1014 1086 1053 1122 is,
1079 1086 1134 1127 qui

142 1128 251 1168 rapuit
285 1127 424 1159 alienam
449 1128 639 1168 coniugem,
675 1128 837 1168 tantisper
861 1134 911 1158 est
937 1134 1052 1168 raptor
1075 1139 1133 1159 seu

142 1170 318 1209 moechus,
349 1171 424 1201 dum
449 1180 519 1200 cam
545 1172 673 1201 retinet.
721 1170 812 1212 Ergo
836 1181 909 1202 cum
935 1170 1059 1202 Paulus
1078 1182 1133 1203 ve-

142 1220 188 1245 tat
209 1215 365 1254 ‹le-inceps
385 1213 498 1250 furari,
522 1212 592 1244 vult
618 1212 759 1244 alienum
784 1214 895 1251 reddi,
925 1221 957 1245 ut
983 1213 1053 1252 ille,
1078 1215 1132 1256 qui

143 1258 262 1288 invasit
293 1257 448 1294 alienum,
487 1257 616 1287 desinat
642 1267 718 1287 esse
739 1256 800 1287 sur.
850 1256 940 1288 Haec
964 1257 1132 1297 generalis

143 1299 259 1342 regula
284 1301 427 1331 tenenda
450 1306 510 1330 est.
558 1300 624 1330 Sed
645 1298 896 1340 impossibilitas
916 1298 1014 1332 babet
1035 1312 1133 1332 excu-

143 1345 316 1380 sationem,
341 1350 372 1374 et
396 1350 471 1373 sunt
495 1344 577 1374 varii
602 1353 720 1379 casus,
745 1344 774 1373 in
801 1344 920 1384 quibus
945 1343 1132 1375 adhibenda

143 1393 192 1418 est
214 1389 368 1424 ἐπιείκεια,
392 1392 426 1416 ut
450 1387 482 1416 in
507 1385 672 1427 aliquibus
691 1387 823 1416 arcanis
846 1388 987 1428 negotiis
1013 1398 1132 1418 caven-

142 1431 184 1461 da
209 1436 286 1461 sunt
309 1428 481 1467 scandala,
508 1436 537 1460 et
564 1430 713 1460 cavenda
738 1436 788 1460 est
814 1430 958 1461 infamia.
984 1432 1061 1473 quia
1085 1429 1131 1462 sa·
1156 1451 1159 1487 Ι

143 1484 216 1505 mae
240 1475 366 1505 iactura
391 1474 496 1504 maior
520 1479 571 1503 est
595 1483 693 1514 quam
717 1483 826 1504 rerum
846 1474 982 1505 iactura.
1155 1490 1158 1547 ἶ

506 1558 645 1590 Contra:

349 1600 541 1633 Satisfactio
562 1609 612 1633 est
631 1601 767 1638 inutiliS,

350 1644 526 1676 Restitutio
551 1653 602 1676 est
627 1645 823 1682 satisfactio,

348 1687 440 1731 Ergo
465 1690 631 1720 restitutio
657 1695 708 1720 est
732 1688 865 1720 inutilis.

228 1772 446 1814 Respondeo:
471 1774 568 1816 Nego
588 1775 760 1812 minorem,
785 1775 862 1816 quia
885 1775 1050 1806 restitutio
1075 1785 1131 1806 ve-

142 1827 178 1848 re
201 1824 230 1847 et
257 1818 388 1858 proprie
413 1824 463 1848 est
487 1828 566 1858 pars
587 1819 807 1855 contritionis,
831 1828 897 1849 non
922 1825 974 1849 est
996 1817 1053 1849 illa
1076 1829 1131 1850 ca-

140 1861 261 1892 nonica
285 1860 490 1898 satisfactio,
520 1872 616 1902 quam
642 1861 801 1892 definiunt
826 1871 900 1892 esse
931 1872 1034 1903 opera
1064 1872 1131 1892 non

140 1904 293 1935 mandata
315 1910 378 1935 etc.
423 1903 632 1945 Exemplum,
656 1913 706 1936 ut:
733 1904 909 1936 Peccatum
934 1916 998 1936 non
1025 1906 1131 1936 remit-

140 1948 216 1978 titur
240 1948 392 1978 retinenti
416 1947 558 1978 alienam
582 1949 767 1989 coniugem,
790 1949 822 1979 id
847 1949 886 1979 ad
902 1948 1130 1979 contritionem

140 1991 291 2031 pertinet.
339 1994 383 2022 lta
407 2001 476 2021 rem
500 1990 634 2022 alienan‘
672 1992 810 2022 reddere
834 1993 875 2022 ad
901 1992 1130 2023 contritionem

141 2034 294 2074 pertinet,
314 2035 391 2075 ‘quia
416 2035 569 2065 contritio
593 2041 645 2066 est
667 2046 773 2076 pavor
792 2042 824 2067 et
844 2034 941 2066 dolor
959 2036 1000 2066 de
1013 2045 1130 2077 pecca-

143 2082 193 2113 to,
228 2083 259 2107 et
283 2077 440 2118 deinceps
464 2088 529 2108 non
555 2079 759 2110 committere
782 2078 872 2111 sacta
903 2084 1019 2111 contra
1054 2089 1130 2111 con-

144 2120 314 2151 scientiam
338 2126 370 2152 et
393 2122 581 2153 mandatum
605 2122 679 2153 Dei.

174 2285 245 2326 An
277 2300 381 2340 quae
412 2292 602 2328 tenentur
631 2289 962 2344 praescriptione,
996 2288 1099 2330 iuste

527 2367 743 2408 tenentur?

230 2506 453 2548 Respondeo:
499 2509 586 2539 Iuste
620 2509 726 2541 teneri
763 2520 820 2542 res
851 2510 1128 2553 praescriptione,

144 2550 218 2592 quia
238 2551 417 2582 autoritate
439 2550 524 2593 legis
548 2557 712 2591 tenentur,
748 2564 834 2595 quae
862 2560 914 2585 est
937 2555 1049 2586 verius
1073 2555 1131 2586 do-

142 2595 232 2626 mina
249 2604 372 2634 rerum,
395 2606 493 2638 quam
515 2596 647 2637 privati,
670 2597 731 2628 sed
749 2598 836 2630 absit
859 2596 956 2630 dolus
979 2598 1012 2629 in
1035 2608 1130 2640 prae-

1189 268 1231 299 de
1254 269 1373 309 quibus
1396 267 1489 310 leges
1513 269 1731 312 praecipiunt,
1756 276 1791 302 ut
1813 268 1944 302 scilieet
1969 271 2056 302 bono
2079 269 2174 302 titulo

1188 321 1259 343 rem
1282 317 1401 343 nactus
1426 312 1483 343 sis.

1274 477 1345 517 An
1376 485 1492 532 rapta
1524 478 1564 518 in
1597 478 1709 518 bellis
1741 479 1821 518 sint:
1853 479 2093 520 retinenda?

1274 611 1493 653 Respondeo:
1517 614 1604 644 {usta
1623 611 1713 643 bella
1737 618 1892 654 gerentes
1917 612 1997 644 fiunt
2020 624 2100 645 vere
2119 614 2176 646 do·

1186 656 1264 686 mini
1288 665 1466 696 corporum
1491 661 1524 686 et
1548 666 1657 686 rerum
1681 665 1765 697 quas
1790 656 1933 697 capiunt,
1955 657 2030 688 ideo
2054 664 2086 688 et.
2103 667 2177 689 cor-

1187 709 1270 739 pora
1299 704 1331 728 et
1355 709 1410 728 res
1435 705 1552 739 captas
1572 699 1658 729 iuste
1682 704 1807 729 tenent.
1854 698 1937 730 Sunt
1957 705 2064 731 autem
2090 701 2177 732 iusta

1187 749 1220 772 et
1243 740 1389 783 legitima
1414 740 1516 780 bella,
1541 752 1626 783 quae
1650 742 1878 782 suscipiuntur
1901 752 1920 772 a
1944 741 2095 784 legitimis
2119 754 2176 785 po-

1186 786 1364 815 testatibus
1389 785 1429 815 ad
1455 784 1715 826 propulsandam
1735 786 1889 815 iniustam
1909 786 1972 816 vim
1992 797 2053 817 seu
2076 785 2177 818 latro-

1188 828 1320 859 cinium.
1365 827 1428 858 Est.
1463 834 1495 858 et
1530 827 1595 860 alia
1623 828 1753 869 species
1777 829 1880 865 iusta,
1918 839 1990 859 cum
2016 829 2138 861 bellum
2158 840 2178 862 a

1188 872 1361 912 superiore
1386 876 1555 912 potestate
1579 871 1760 911 suscipitur
1784 871 1826 902 ad
1851 872 2050 911 puniendum
2074 873 2176 904 mani·

1186 913 1308 945 festum
1328 913 1440 945 scelus
1464 912 1605 945 alicuius
1630 913 1741 955 populi
1766 915 1906 952 subditi,
1941 922 1975 946 ut
2012 915 2180 948 israelitae

1187 963 1361 989 moverunt
1400 956 1520 988 bellum
1555 958 1597 988 ad
1631 958 1828 998 puniendam
1849 958 1968 988 tribum
1993 958 2176 998 Beniamin,

1187 1008 1323 1041 propter
1352 1006 1535 1041 stupratam
1565 1000 1703 1031 Levitae
1732 1001 1917 1041 coniugem.
1971 1001 2054 1032 Nam
2084 1001 2178 1034 Deus

1188 1044 1360 1075 constituit
1394 1044 1623 1083 magistratus,
1658 1050 1693 1074 ut.
1724 1042 1892 1084 depellant
1916 1043 2110 1083 latrocinia,
2145 1050 2178 1078 ei:

1186 1088 1322 1128 puniant
1352 1086 1527 1118 manifesta
1554 1086 1695 1124 delicta,
1732 1086 1826 1117 Rom.
1856 1086 1905 1117 13.
1952 1087 2035 1119 Cum
2069 1095 2178 1120 autem

1189 1129 1310 1161 bellum
1334 1131 1375 1160 sit
1398 1141 1464 1161 una
1488 1140 1527 1160 ex
1549 1131 1776 1161 acerbissimis
1794 1131 1922 1170 poenis,
1948 1132 2068 1171 quibus
2083 1131 2175 1164 Deus

1186 1174 1278 1214 punit
1301 1174 1468 1211 mundum,
1494 1172 1653 1215 pleraque
1671 1174 1825 1204 accidunt
1839 1175 1869 1203 in
1888 1172 1984 1204 bellis
1998 1176 2176 1214 atrociora,

1187 1228 1283 1257 quam
1309 1224 1426 1247 exacta
1452 1227 1567 1248 norma
1587 1217 1729 1247 iustitiae
1750 1215 1907 1257 postulat.
1952 1217 2021 1247 Nec
2035 1218 2177 1250 medium

1186 1260 1218 1290 in
1243 1260 1295 1290 his
1320 1260 1507 1290 actionibus
1538 1266 1696 1291 accurate
1720 1260 1876 1290 constitui
1901 1266 2029 1300 potest,
2064 1262 2124 1292 sed
2149 1262 2179 1293 si

1186 1301 1378 1343 principalis
1415 1313 1518 1334 causa
1541 1304 1627 1333 iusta
1653 1308 1723 1340 est,
1760 1302 1900 1334 bellator
1923 1304 2007 1334 sciat
2031 1303 2178 1336 militiam

1185 1345 1274 1376 illam
1295 1356 1372 1376 esse
1395 1345 1529 1384 licitam,
1555 1352 1584 1376 et
1609 1356 1663 1376 res
1684 1353 1867 1386 occupatas
1891 1346 1975 1377 iuste
2000 1347 2176 1387 possideri.

1186 1388 1363 1420 Caeterum
1399 1388 1545 1419 bellator
1579 1390 1606 1419 si
1643 1395 1694 1419 est
1714 1390 1805 1429 pius,
1841 1399 1905 1419 non
1931 1391 2090 1430 suscipiet
2114 1391 2177 1422 nist

1186 1433 1381 1462 necessatia
1407 1430 1505 1469 bella,
1526 1433 1751 1463 moderabitur
1775 1442 1840 1462 non
1855 1434 2081 1464 necessariam
2102 1445 2176 1465 cru—

1187 1475 1366 1506 delitatem.
1400 1474 1554 1516 Denique
1578 1476 1609 1506 in
1634 1474 1747 1506 multis
1772 1476 1872 1506 rebus
1897 1486 1963 1507 non
1981 1484 2088 1508 sumet
2112 1477 2177 1510 sibl

1185 1516 1352 1550 licentiam
1374 1519 1530 1550 usitatam
1550 1519 1658 1560 impiis
1683 1517 1851 1551 militibus.

1324 1680 1386 1712 DE
1410 1680 1649 1713 REDITIBUS
1674 1680 2044 1714 ECCLESIASTICIS.

1271 1774 1427 1807 Evclesta
1449 1775 1549 1807 habet
1574 1787 1659 1817 opus
1683 1782 1739 1808 aut
1763 1775 2017 1815 collationibus,
2045 1783 2102 1809 aut
2125 1788 2175 1809 ro—

1186 1819 1328 1857 ditibus,
1353 1826 1490 1860 propter
1512 1827 1581 1850 tres
1606 1830 1739 1851 causas.
1787 1820 1948 1857 Primum,
1971 1822 2013 1851 ad
2037 1820 2175 1853 alendos

1185 1863 1354 1893 ministros
1379 1862 1564 1905 Evangelii.
1611 1863 1780 1901 Secundo,
1813 1864 1853 1894 ad
1879 1863 2014 1895 scholas
2040 1875 2175 1896 conset·—

1185 1906 1326 1944 vandas,
1350 1907 1406 1937 ubi
1431 1913 1582 1948 sumptus
1603 1907 1835 1947 suppeditandi
1865 1914 1941 1938 sunt
1966 1908 2174 1947 doctoribus,

1185 1954 1218 1979 et
1246 1948 1411 1991 aliquibus
1436 1951 1642 1991 pauperibus
1666 1949 1892 1981 scholasticis.
1939 1950 2051 1981 Tertio
2075 1951 2172 1983 etiam

1184 1991 1239 2023 alii
1274 2003 1353 2024 vere
1387 2003 1554 2034 pauperes
1579 2004 1619 2024 ex
1643 1993 1778 2034 publico
1802 1994 1933 2024 iuvandi
1960 2000 2047 2026 sunt.
2095 1994 2175 2026 Pro-

1184 2042 1257 2077 pter
1290 2035 1352 2067 has
1385 2043 1452 2067 tres
1479 2047 1601 2067 causas
1633 2048 1717 2078 opus
1742 2043 1792 2067 est
1818 2036 1989 2068 Ecclesiae
2014 2036 2175 2069 facultati-

1186 2081 1260 2116 bus,
1296 2080 1382 2110 sicut
1416 2086 1447 2110 et
1473 2078 1596 2110 Paulus
1631 2081 1719 2111 iubet
1754 2081 1923 2112 ministros
1948 2081 1990 2112 ab
2022 2080 2175 2113 Ecclesia

1184 2122 1238 2153 ali.
1285 2124 1362 2154 Item
1387 2123 1592 2163 suppeditari
1613 2124 1825 2164 pauperibus.
1871 2123 1911 2153 Et
1937 2125 2090 2165 quoniam
2117 2134 2167 2166 po-

1183 2164 1282 2207 pulus
1302 2166 1443 2196 tenuiter
1467 2166 1607 2203 confert,
1633 2167 1814 2208 principum
1840 2166 1983 2198 officium
2009 2173 2072 2205 est,
2096 2178 2173 2199 con-

1184 2210 1321 2240 stituere
1344 2208 1507 2240 Ecclesiis
1532 2210 1656 2240 reditus
1680 2217 1737 2240 aut
1762 2211 1951 2251 pensiones,
1975 2211 2061 2241 sicut
2076 2212 2176 2242 etiam

1184 2252 1353 2294 signifieat
1375 2252 1495 2284 Esaias
1520 2264 1594 2294 cap.
1610 2253 1659 2284 49.
1685 2264 1760 2285 cum
1783 2255 1843 2284 ait:
1868 2254 1978 2295 Reges
1999 2260 2093 2285 erunt
2117 2264 2175 2285 uu—

1186 2296 1269 2327 tricii
1293 2296 1356 2333 tui,
1381 2302 1412 2328 et
1438 2297 1576 2338 reginae
1599 2298 1756 2327 nutrices.
1803 2296 1843 2327 Et
1868 2308 1907 2328 ex
1933 2298 2122 2338 Augustino
2142 2302 2175 2329 et

1183 2339 1332 2370 historiis
1356 2346 1514 2380 apparet,
1550 2339 1611 2371 lias
1635 2341 1725 2371 initio
1751 2351 1872 2371 causas
1896 2339 2000 2371 fuisse
2024 2341 2174 2373 donatio-

1183 2393 1260 2414 num
1281 2381 1607 2414 Ecclesiasticarum.
1652 2383 1697 2414 At
1721 2384 1897 2414 dominium
1923 2383 2039 2414 harum
2064 2392 2175 2416 rerum

1185 2426 1325 2465 pertinet
1346 2437 1412 2457 non
1432 2427 1473 2457 ad
1501 2425 1680 2458 Pontifices
1705 2433 1760 2457 aut
1786 2427 1969 2467 Principes,
1994 2434 2049 2457 aut
2070 2438 2173 2469 popu—

1183 2467 1270 2502 lum.
1291 2470 1351 2500 sed
1385 2470 1425 2500 ad
1452 2468 1657 2509 Ecclesiam,
1692 2470 1759 2501 hoc
1794 2476 1864 2507 est,
1898 2480 1960 2501 nec
1984 2470 2173 2512 Episcopis,

1183 2523 1245 2544 nec
1272 2511 1494 2553 Principibus,
1516 2523 1578 2544 nec
1602 2512 1726 2555 populo
1749 2512 1825 2544 licet
1851 2513 1912 2545 bos
1926 2514 2051 2545 reditus
2066 2521 2173 2545 trans-

1182 2554 1271 2587 ferre
1294 2556 1336 2587 ad
1359 2555 1445 2587 alios
1468 2567 1566 2596 usus,
1589 2568 1687 2599 quam
1702 2557 1745 2588 ad
1765 2558 2058 2590 conservationem
2081 2558 2173 2590 mini·

1183 2600 1274 2632 sterii
1298 2605 1331 2631 et
1353 2600 1548 2632 studiorum.
