2383 2990
163 144 207 176 57
848 137 886 168 11.
909 135 1101 168 EXAMEN
1125 133 1507 166 ORDINANDORUM.
2148 130 2191 163 58

224 242 271 282 In
302 240 410 281 furto
441 238 641 280 restitutio
673 238 730 278 rei
763 237 915 277 alienae
954 249 1095 275 neces-

286 301 389 342 saria
430 307 507 350 est,
548 300 663 339 iuxta
701 298 902 353 regulam:
942 297 1094 336 Pecca-

285 368 375 402 tum
408 376 490 401 non
528 360 761 408 dimittitur,
799 357 874 398 nisi
912 357 1093 396 ablatum

286 422 530 462 restituatur.
577 421 629 460 Et
654 420 803 460 Paulus
830 417 977 470 inquit:
1013 416 1094 465 Qui

285 481 441 522 furatus
474 489 546 531 est,
580 482 660 520 iarn
693 494 774 519 non
807 477 969 517 furetur.

226 543 446 583 Restitutio
480 548 619 581 autern
652 547 713 579 est
746 537 985 579 Satisfactio.

226 603 333 657 Ergo
367 601 667 643 Satisfactiones
701 606 795 639 sunt
834 597 1093 638 necessariae.

252 677 464 717 Responde-0.
500 676 596 718 Nego
613 676 786 710 minorem,
811 674 888 715 quia
907 672 1071 702 restitutio
1090 681 1154 701 11011

166 726 219 752 est
237 721 431 752 Satisfactio
457 718 523 757 illa,
548 729 632 761 quae
652 718 821 748 Canonica
846 715 1045 756 appellatur,
1070 724 1156 755 quae

165 770 218 795 est
241 774 325 804 opus
349 774 415 794 non
440 763 585 794 debitum
610 761 695 798 Deo,
719 767 750 791 et
775 761 815 791 de
841 770 905 801 qua
929 757 1085 790 Monac-hi
1110 756 1156 787 lo-

165 813 329 848 quuntur,
355 807 415 837 sed
440 812 489 837 est
520 816 604 846 opus
636 805 779 834 debitum
804 803 896 839 Deo,
920 803 1089 843 pertinens
1115 801 1156 831 ad

165 850 396 881 contritionem
438 856 469 880 et
514 849 643 879 Novam
685 848 915 878 obedientiam.
970 845 1055 880 Quia
1102 844 1155 884 qui

166 894 278 924 sciens
302 894 419 923 retinet
442 903 511 923 rem
530 891 686 928 alienam,
712 891 826 920 retinet
853 890 993 920 animum
1016 887 1155 918 furandi.

164 936 316 968 Necesse
347 943 396 966 cst
427 942 537 966 autem
566 945 631 965 non
663 943 881 974 perseverare
910 933 941 962 in
970 930 1156 961 sceleribus

166 985 283 1010 contra
307 978 573 1016 Conscientiam,
610 979 701 1008 iuxta
727 977 867 1008 dictum:
902 974 1004 1006 Milita
1037 976 1158 1005 bonam

165 1021 323 1059 militiam,
348 1023 494 1053 retinens
520 1022 632 1052 Fidem
657 1027 689 1051 et
714 1021 835 1051 bonam
861 1019 1112 1050 conscientiam.

168 1171 278 1221 Quid
302 1171 514 1211 nominant
536 1169 784 1210 Canonicam
807 1166 1158 1215 Satisfactionem‘?
1184 1181 1186 1200 τ

254 1245 431 1276 Nominant
445 1254 528 1284 opus
548 1244 737 1280 indebitum,
765 1243 794 1272 id
814 1248 877 1278 est,
892 1252 954 1272 non
970 1242 1156 1271 mandatum

168 1299 188 1319 a
211 1288 303 1325 Deo,
340 1299 405 1329 quo
436 1287 564 1328 fingunt
595 1286 805 1326 compensari
845 1296 970 1325 poenas
1002 1291 1156 1314 aeternas

168 1342 228 1362 seu
251 1331 443 1371 purgatorii.
492 1331 524 1360 ln
545 1329 610 1359 hoc
630 1329 845 1359 deliramento
871 1338 1024 1368 magnum
1053 1326 1156 1358 chaos

167 1381 219 1405 est
249 1384 415 1410 errorum,
451 1373 540 1413 quod
564 1378 666 1402 totum
697 1372 869 1402 exidenter
900 1372 1061 1401 refutatur
1094 1369 1156 1400 hoc

166 1428 233 1448 uno
257 1417 361 1447 dicto:
397 1416 538 1446 Frustra
562 1414 674 1445 colunt
700 1424 752 1445 me
783 1414 946 1445 mandatis
976 1413 1154 1443 hominum.

166 1565 290 1607 Estne
323 1565 511 1605 distincta
550 1564 731 1603 remissio
770 1564 912 1617 culpae
953 1579 977 1603 a
1016 1563 1157 1603 remis-

382 1626 493 1665 sione
526 1639 682 1679 poenae
716 1624 932 1664 aeternae?

252 1699 465 1741 Respondeo.
511 1699 730 1740 Nequaquam
755 1699 908 1729 distincta
929 1704 990 1728 est.
1033 1698 1084 1728 Ac
1108 1708 1157 1728 re-

164 1744 278 1775 missio
303 1742 422 1783 culpae
446 1753 586 1783 prorsus
611 1743 726 1772 eadem
752 1748 821 1779 est,
851 1752 936 1783 quae
968 1748 1018 1771 est
1045 1742 1157 1771 remis-

165 1787 217 1818 sio
248 1797 377 1828 poenae
407 1793 581 1822 aeternae,
611 1786 700 1815 iuxta
725 1785 866 1816 dictum:
899 1784 1068 1816 lustilicati
1093 1784 1158 1814 fide

164 1840 282 1871 pacem
302 1829 475 1860 habemus.
512 1829 606 1859 ltem:
632 1828 740 1859 lustns
766 1828 830 1858 fide
850 1838 909 1858 sua
931 1829 1029 1858 viset.
1062 1828 1154 1858 ltem:

164 1873 221 1904 Sic
243 1872 336 1904 Deus
361 1871 475 1903 dilexit
498 1873 667 1909 mundum,
691 1877 726 1902 nt
749 1870 866 1901 Filium
891 1881 984 1901 suum
1010 1872 1156 1912 unigeni-

164 1921 232 1948 tum
253 1917 345 1946 daret
371 1926 431 1956 pro
455 1916 589 1952 mundo,
613 1921 648 1945 ut
673 1916 778 1945 omnis·
804 1914 857 1955 qui
886 1915 989 1945 credit
1014 1915 1045 1944 in
1071 1925 1157 1950 eum,

164 1970 231 1991 non
256 1965 382 2000 pereat,
407 1959 465 1989 sed
490 1958 612 1989 habeat
637 1958 735 1988 vitam
761 1964 940 1988 aeternam.
988 1957 1071 1988 Nam
1102 1968 1157 1988 ae-

165 2009 261 2034 terna
285 2013 393 2043 poena
424 2007 475 2032 est
505 2012 627 2044 sensus
647 2002 722 2031 irae
748 2000 821 2032 Dei.
869 2001 1023 2031 Remissa
1047 2006 1157 2031 autem

165 2045 264 2087 culpa
290 2045 325 2075 fit
349 2045 596 2082 reconciliatio,
622 2051 652 2075 et
673 2044 776 2075 Filius
800 2043 863 2074 Dei
895 2054 979 2074 voce
1004 2043 1156 2085 Evange-

164 2087 198 2119 lii
219 2088 415 2119 consolatur
429 2098 499 2125 cor,
514 2094 545 2118 et
565 2087 702 2118 retrahit
722 2098 761 2118 ex
777 2087 949 2118 doloribus
966 2085 1156 2125 inferorum,

166 2132 208 2163 (le
230 2132 350 2173 quibus
375 2131 453 2162 dicit
472 2130 654 2162 Ezechias:
680 2131 771 2162 Sicut
787 2130 856 2161 Leo
876 2131 1030 2161 contrixit
1047 2131 1156 2161 omnia

167 2184 248 2205 ossa
271 2185 353 2206 mea.
400 2174 442 2204 Et
465 2175 628 2216 sequitur:
664 2174 714 2204 Tu
742 2180 850 2205 autem
875 2175 991 2205 eruisti
1014 2174 1155 2204 animam

165 2227 291 2254 meam,
325 2227 367 2248 116
396 2218 532 2258 periret:
575 2217 748 2248 Proiecisti
783 2224 861 2258 post
896 2224 1025 2259 tergum
1066 2222 1155 2247 tuum

167 2261 275 2291 omnia
297 2267 436 2301 peccata
460 2270 542 2291 mea.
588 2260 669 2291 ltem
692 2259 857 2291 Micheas:
884 2260 1060 2291 Proiiciam
1080 2271 1156 2301 pec—

166 2309 242 2334 cata
272 2309 384 2334 vestra
413 2304 445 2333 111
476 2301 675 2343 profundum
706 2314 807 2334 mare.
854 2304 947 2335 ltem:
981 2302 1155 2334 Effundam

166 2357 268 2387 super
311 2347 444 2377 domum
485 2345 596 2377 David
641 2346 798 2387 Spiritum
833 2348 962 2389 gratiae
1004 2352 1036 2377 et
1081 2356 1156 2387 pre-

166 2401 253 2421 cum.
299 2389 380 2420 Item
400 2395 503 2419 totum
522 2395 619 2430 caput
636 2396 791 2421 octavum
813 2391 856 2421 ad
876 2390 1046 2421 Romanos
1069 2390 1155 2420 idem

166 2433 255 2464 dicit.

254 2483 486 2515 Certissimum
510 2489 561 2515 est
582 2484 701 2526 igitur,
724 2495 856 2526 semper
874 2484 970 2516 simul
996 2484 1067 2515 fieri
1091 2483 1157 2516 fide

166 2533 302 2570 propter
325 2526 443 2559 Filium
456 2526 533 2565 Dei,
553 2534 586 2558 et
605 2537 665 2568 per
688 2538 761 2559 eum
785 2528 1016 2560 remissionem
1037 2526 1157 2568 culpae

167 2577 202 2602 et
231 2581 360 2612 poenae
389 2577 555 2602 aeternae.
601 2570 675 2602 Hoc
703 2571 790 2603 scire
819 2572 862 2603 ad
894 2570 1157 2603 consolationem

167 2614 396 2646 necessarium
420 2620 483 2645 est.

1210 233 1334 272 Estne
1374 232 1561 271 distincta
1599 230 1779 270 remissio
1819 230 1960 284 culpae
1999 245 2023 269 a
2054 230 2195 269 remis-

1254 293 1366 332 sione
1399 307 1555 346 poenae
1587 290 1819 345 temporalis
1850 291 1891 330 in
1923 291 2000 330 hac
2032 290 2141 330 vita?

1296 384 1509 425 Respondeo.
1555 382 1615 413 Est
1638 384 1805 414 distincta.
1846 382 1904 413 Ut:
1930 382 2050 420 Adam,
2073 381 2197 420 David,

1208 428 1375 468 accipiunt
1396 427 1623 458 remissionem
1649 425 1779 467 culpae,
1803 433 1834 457 et
1859 434 1968 457 tamen
1999 424 2095 456 simul
2121 426 2198 456 sub-

1208 472 1363 502 iiciuntur
1392 470 1509 512 poenis
1544 471 1574 500 in
1610 469 1673 501 hac
1699 471 1783 507 1113,
1818 480 1903 511 quae
1939 475 2049 499 tamen
2074 479 2197 510 nequa-

1209 525 1306 556 quam
1336 521 1413 544 sunt
1444 514 1735 553 00111116115311011613Δ
1769 520 1824 543 aut
1855 513 1971 543 merita
1994 523 2055 553 pro
2090 523 2199 553 poena

1209 566 1356 595 aeterna,
1383 563 1419 588 nt.
1441 556 1568 587 insulse
1588 562 1621 587 et
1643 557 1740 596 impie
1764 556 1926 586 finxerunt
1945 555 2113 593 Monachi,
2138 555 2197 586 scd

1208 601 1331 632 habcnt
1355 610 1497 641 prorsus
1523 598 1606 630 alias
1631 610 1763 630 causas.
1809 599 1848 629 Et
1873 599 1926 629 hic
1951 605 2018 629 tota
2046 599 2198 629 doctrina

1210 645 1250 675 de
1286 644 1396 674 causis
1432 642 1649 673 humanarum
1692 641 1915 673 calamitatum
1951 643 2198 673 consideranda

1210 693 1272 725 est,
1297 697 1383 728 quae
1414 687 1445 716 in
1471 685 1544 716 sola
1574 685 1729 716 Ecclesia
1754 686 1907 716 divinitus
1938 685 2102 725 patefacta
2136 691 2197 724 est,

1210 737 1242 761 et
1265 731 1378 771 ignota
1397 736 1449 760 cst
1470 730 1650 770 sapientiae
1668 730 1832 760 humanae
1850 736 1883 759 et
1906 727 2154 769 Philosophiae.

1297 807 1492 848 Philosophi
1518 808 1631 838 ‹lit-unt
1656 817 1793 837 causam
1818 807 1934 837 mortis
1959 813 1989 837 et
2009 807 2200 837 morborum

1210 861 1285 882 esse.
1300 851 1482 881 Materiam.
1520 850 1648 881 Deinde
1672 848 1847 880 multarum
1874 848 2097 880 calamitatum
2123 860 2200 880 cau-

1210 905 1267 925 sas
1292 905 1368 925 esse
1393 904 1525 924 errores
1551 894 1660 925 iudicii
1690 894 1720 923 in
1745 894 1909 924 mentibus
1934 892 2121 930 11011111111111,
2153 893 2200 923 in-

1210 938 1382 969 ordinatos
1407 938 1557 972 affectus.
1582 944 1613 967 et
1633 935 1822 968 voluntates
1843 946 1908 967 non
1930 937 2198 976 obtemperantes

1210 988 1302 1012 recto
1326 982 1456 1012 iudicio.
1493 980 1561 1011 Etsi
1588 987 1697 1010 autem
1723 990 1835 1010 verum
1859 986 1921 1017 est,
1944 979 2005 1010 has
2026 990 2102 1010 esse
2124 990 2200 1010 cau-

1210 1035 1266 1055 sas
1293 1026 1516 1065 propinquas,
1541 1031 1649 1054 tamen
1676 1033 1791 1054 rursus
1817 1024 1988 1064 quaeritur
2012 1024 2052 1054 de
2077 1022 2201 1054 Princi-

1210 1066 1274 1108 pali
1300 1078 1415 1103 causa,
1443 1068 1528 1097 unde
1553 1068 1594 1097 sit
1620 1068 1650 1097 in
1677 1066 1826 1104 Materia,
1853 1066 1964 1097 Mente
1989 1073 2020 1096 et
2040 1065 2200 1096 Volunta-

1210 1113 1299 1142 tibus
1324 1117 1415 1141 tanta
1440 1111 1612 1141 inlinnitas
1634 1117 1665 1141 et
1687 1109 1862 1141 confusio?
1897 1110 1989 1140 Haec
2008 1108 2200 1150 principalis

1212 1165 1314 1185 causa
1345 1154 1456 1193 primis
1487 1154 1680 1195 parentibus
1711 1154 1820 1184 statim
1853 1159 1928 1183 nota
1960 1152 2030 1184 fuit.
2078 1153 2202 1184 Postea

1212 1209 1291 1228 =vero
1322 1197 1414 1227 Deus
1450 1208 1582 1237 semper
1612 1197 1642 1227 in
1673 1195 1827 1227 Ecclesia
1864 1197 2050 1227 doctrinam
2086 1197 2126 1228 de
2162 1206 2202 1227 ea

1211 1251 1313 1271 causa
1339 1242 1441 1281 repeti
1467 1239 1580 1271 voluit.
1627 1241 1710 1271 Sunt
1735 1246 1843 1270 autem
1863 1239 1925 1271 hae
1946 1250 2079 1271 causae.

1299 1318 1408 1348 Prima
1433 1318 1617 1349 connnunis
1641 1318 1700 1348 toti
1725 1318 1839 1359 generi
1864 1318 2018 1349 humano.
2060 1317 2202 1358 Propter

1211 1368 1383 1402 peccatum
1410 1362 1588 1401 primorum
1613 1369 1804 1401 parentum,
1837 1367 1868 1391 et
1891 1367 2066 1402 peccatum
2091 1362 2202 1391 nobis-

1212 1415 1283 1435 cum
1317 1414 1480 1441 nascens,
1506 1415 1620 1434 ‹mnies
1645 1404 1794 1434 homines
1826 1410 1902 1435 sunt
1928 1405 2065 1435 subiecti
2091 1405 2200 1443 morti,

1210 1448 1375 1489 tyrannidi
1390 1446 1533 1485 Diaboli,
1547 1454 1577 1478 et
1592 1449 1821 1479 comnmnibus
1836 1446 2089 1485 calamitatibus„
2112 1449 2202 1479 iuxta

1212 1492 1316 1529 dicta,
1343 1491 1486 1521 Genesis
1511 1491 1541 1522 3.
1567 1498 1595 1521 et
1624 1490 1717 1522 Rom.
1736 1491 1766 1522 5.
1815 1491 1878 1521 Per
1901 1497 2073 1532 peccatum
2100 1502 2200 1522 mors,

1212 1534 1289 1565 ltem
1316 1534 1439 1575 Ephes.
1453 1535 1483 1564 2.
1508 1535 1552 1565 ait
1569 1534 1706 1571 Paulus,
1730 1533 1911 1565 Diabolum
1933 1533 2104 1566 efficacem
2124 1545 2202 1566 esse

1213 1579 1242 1608 in
1269 1579 1387 1619 impiis,
1412 1586 1447 1609 nt
1472 1577 1639 1609 horribilis
1664 1578 1803 1609 historia
1828 1579 1927 1609 totius
1953 1578 2062 1609 mundi
2090 1584 2201 1609 osten-

1212 1622 1268 1658 dit,
1295 1622 1416 1652 caedes
1441 1620 1530 1652 lacta
1553 1632 1571 1651 a
1597 1621 1697 1659 Cain,
1721 1628 1751 1652 et
1776 1623 1934 1663 deinceps
1966 1620 2199 1660 idolomaniae,

1212 1663 1302 1695 bella
1327 1672 1357 1695 et
1382 1665 1529 1696 incestae
1548 1664 1712 1696 libidines.

1342 1758 1473 1790 Deinde
1497 1760 1538 1790 de
1562 1758 1717 1790 Ecclesia
1741 1760 1804 1791 hae
1829 1769 1952 1791 causae
1976 1767 2064 1791 sunt.

1298 1836 1321 1867 1.
1368 1837 1478 1868 Prima
1502 1839 1704 1875 conununis.
1730 1843 1866 1878 propter
1891 1845 2064 1879 peccatum
2088 1840 2200 1870 nobis-

1211 1891 1284 1912 cum
1309 1891 1464 1912 nascens.

1299 1949 1336 1980 11.
1384 1949 1551 1981 Secunda.
1598 1950 1681 1985 Quia
1713 1949 1877 1981 Diabolus
1908 1951 2087 1992 praecipue
2121 1952 2200 1982 insi·

1211 1993 1318 2023 diatur
1341 1992 1533 2025 Ecclesiae.
1565 1994 1655 2024 iuxta
1680 1993 1821 2024 dictum:
1858 1993 2048 2025 Inimicitias
2079 2005 2200 2035 ponam

1209 2038 1295 2067 inter
1318 2046 1430 2067 semen
1457 2035 1618 2074 Mulieris,
1643 2042 1672 2067 et
1699 2036 1905 2078 Serpentem.
1953 2037 2045 2068 ltem:
2075 2037 2199 2069 Diabo-

1210 2078 1261 2110 lus
1294 2080 1409 2111 circuit
1438 2086 1593 2121 tanquam
1624 2079 1694 2111 Leo
1721 2081 1869 2122 rugienS.
1914 2079 1955 2112 Et
1979 2082 2010 2112 in
2040 2081 2098 2112 lob
2130 2087 2198 2112 est:

1209 2121 1374 2154 Diabolus
1399 2130 1449 2154 est
1473 2125 1558 2155 inter
1582 2122 1668 2154 filios
1691 2122 1766 2162 Dei,
1788 2131 1852 2155 etc.

1297 2191 1347 2223 Ill⁴
1394 2191 1516 2223 Tertia.
1563 2192 1649 2227 Quia
1667 2191 1761 2223 Deus
1786 2193 1965 2234 praecipue
1989 2194 2019 2224 in
2046 2192 2199 2225 Ecclesia

1209 2233 1281 2266 vult
1309 2233 1447 2277 intelligi
1477 2236 1558 2266 iram
1582 2246 1676 2266 suam
1699 2236 1861 2267 adversus
1886 2243 2043 2277 peccata,
2071 2243 2103 2268 et
2128 2247 2198 2268 cre-

1209 2288 1306 2309 scere
1328 2279 1579 2320 poenitentiam,
1602 2277 1710 2310 lucem
1734 2279 1843 2318 Fidei,
1876 2287 1908 2310 et
1937 2280 2197 2319 invocationem,

1210 2328 1242 2353 et
1264 2322 1397 2363 reprimi
1420 2332 1543 2363 pravas
1567 2321 1818 2361 inclinationes,
1843 2324 1933 2354 iuxta
1958 2324 2096 2354 dictum:
2132 2323 2198 2354 Bo-

1209 2376 1284 2396 num
1309 2365 1387 2396 mihi
1411 2366 1499 2406 quod
1523 2364 1699 2397 humiliasti
1719 2376 1782 2406 mc,
1805 2373 1840 2397 ut
1859 2367 2020 2397 discerem
2041 2367 2198 2398 iustifica-

1209 2409 1318 2440 tiones
1336 2415 1422 2439 tuas.
1468 2408 1562 2440 item:
1583 2408 1666 2440 Cum
1690 2410 1884 2448 iudicamur,
1910 2419 1930 2440 a
1952 2409 2099 2441 Domino
2125 2421 2197 2442 cor·

1209 2452 1355 2493 ripimur,
1380 2462 1422 2483 ne
1445 2462 1519 2483 cum
1544 2452 1609 2483 hoc
1632 2453 1754 2483 mundo
1772 2452 1974 2484 damnemur.
2009 2453 2131 2485 Esaiae
2143 2453 2195 2485 26.

1209 2495 1376 2537 Angustia
1399 2494 1555 2527 clamoris
1579 2495 1754 2537 disciplina
1778 2496 1827 2526 eis
1851 2502 1914 2527 est.

1296 2572 1362 2605 1111.
1409 2572 1547 2608 Quarta.
1593 2571 1686 2604 Multi
1715 2573 1748 2604 in
1771 2572 1927 2605 Ecclesia
1950 2573 2074 2606 habent
2097 2575 2196 2606 etiam

1209 2614 1351 2648 actualia
1370 2614 1500 2655 delicta,
1520 2626 1606 2658 quae
1622 2616 1802 2657 puniuntur
1819 2615 2048 2660 singularibus
2064 2619 2193 2660 poeniS,
