2383 2990
174 121 238 154 611

175 217 254 258 quid
277 216 343 248 sibi
366 216 448 248 velit
470 216 528 248 illa
552 216 737 256 exclusiva,
759 217 835 249 Non
859 219 1082 259 exoperibus,
1106 219 1163 249 ad-

174 261 220 292 dit
253 261 485 292 enarrationes
518 260 678 292 confusas
715 268 744 292 et
777 259 976 302 perplexas,
1004 272 1068 293 nec
1102 261 1165 293 sibi

174 310 317 336 constat.

261 398 426 429 Interdum
458 398 544 429 enim
579 398 715 430 effundit
748 398 884 440 aliquod
912 398 1087 431 tolerabile
1117 400 1164 431 di-

174 447 274 480 ctum,
299 442 359 472 sed
383 442 414 472 id
438 448 558 482 postea
580 453 657 473 mox
673 443 864 484 corrumpit,
887 442 984 484 quale
1007 442 1088 474 illud
1112 449 1165 475 est

171 484 269 516 Rom.
304 485 335 515 4.
404 484 532 516 lnitium
567 485 810 517 iustificationis
845 497 865 517 a
892 486 967 518 Deo
992 492 1043 518 est
1066 486 1163 525 fides,

172 538 257 570 quae
282 528 386 559 credit
409 528 441 560 ,in
466 528 711 568 iustificantem,
736 536 769 560 et
791 529 878 561 haec
898 529 994 569 fides,
1018 541 1093 562 cum
1117 531 1162 561 iu-

171 570 317 602 stificata
340 569 451 610 fuerit,
475 577 634 614 tanquam
655 573 750 603 radix
773 574 877 604 imbre
888 579 1060 615 suscepto,
1082 573 1161 605 hae—

170 620 221 646 ret
244 615 277 645 in
302 615 434 646 animae
457 613 544 652 solo,
579 622 615 646 ut
651 627 724 647 cum
748 626 808 657 per
830 616 940 658 legem
964 616 1028 648 Dei
1052 615 1161 647 excoli
1185 590 1191 665 i

171 658 331 699 coeperit,
362 656 501 700 surgant
535 659 567 689 in
592 669 632 690 eo
655 660 750 698 rami,
785 661 839 701 qui
868 659 998 691 fructus
1023 670 1160 702 operum

169 700 298 739 ferant,
332 701 407 732 Non
433 712 514 743 ergo
539 712 581 733 ex
606 703 763 744 operibus
787 704 880 734 radix
904 703 1063 742 iustitiae,
1099 704 1160 734 sed

170 755 211 776 ex
234 743 501 796 radice3fructus
522 755 658 786 operum
683 746 816 785 crescit,
852 745 909 778 illa
944 746 1073 778 scilicet
1108 757 1160 778 ra-

170 788 244 819 dice
267 788 423 827 iustitiae,
447 799 511 831 qua
524 788 619 820 Deus
642 796 815 831 acceptam
834 788 898 821 sert
920 790 1076 821 iustitiam
1088 790 1160 822 sine

171 832 340 873 operibus·

259 926 296 958 ln
320 926 351 958 3.
376 927 502 968 capite:
526 926 591 958 Ubi
615 933 665 958 est
690 926 846 970 gloriatio
869 928 953 959 tua?
1019 926 1162 959 Videtur
1185 887 1189 956 Ι

170 970 235 1002 iam
258 971 397 1012 propior
421 981 498 1002 esse
522 970 682 1002 Paulinae
715 971 911 1009 sententiae,
942 971 1082 1002 admittit
1106 981 1161 1002 ex-

171 1012 350 1051 clusivam,
385 1014 535 1045 homines
573 1012 644 1045 sola
679 1013 744 1045 fide
766 1014 950 1052 iustificari,
987 1021 1018 1045 et
1036 1011 1162 1056 allegat

170 1056 337 1088 latronem
361 1058 393 1088 in
420 1068 531 1095 cruce,
555 1063 585 1088 et
605 1056 775 1088 mulierem
789 1058 876 1098 apud
893 1057 1037 1089 Lucam:
1062 1057 1161 1089 Fides

170 1107 229 1132 tua
242 1099 370 1132 salvam
385 1107 417 1131 te
430 1099 518 1131 fecit.
555 1100 621 1132 Sed
645 1108 764 1141 postea
778 1100 955 1132 declarans
979 1099 1048 1138 illa,
1074 1102 1162 1132 vide-

170 1151 224 1176 tur
248 1143 315 1175 hoc
340 1142 440 1182 velle,
464 1144 628 1175 hominem
653 1144 744 1175 initio
758 1145 918 1186 consequi
931 1144 1161 1175 remissionem

169 1194 387 1229 peccatorum
412 1186 486 1218 sola
511 1187 586 1218 fide.
654 1188 776 1218 Postea
800 1188 921 1219 iustum
951 1198 1029 1219 esse
1052 1195 1161 1219 caete-

169 1232 216 1262 ris
239 1231 431 1269 virtutibus,
457 1231 544 1262 sicut
568 1232 639 1272 ipse
661 1238 780 1272 postea
802 1231 925 1273 inquit:
948 1231 1047 1262 Fides
1066 1242 1162 1272 repu-

169 1281 258 1305 tatur
293 1274 334 1305 ad
372 1274 529 1305 iustitiam
555 1275 596 1310 ei,
632 1275 685 1316 qui
711 1275 928 1313 convertitur,
958 1275 1018 1305 sed
1041 1282 1162 1316 postea

168 1318 294 1349 iustitia
318 1324 491 1358 reputatur
516 1318 557 1349 ad
581 1318 750 1356 iustitiam,
773 1329 874 1360 porro
904 1319 986 1349 mira
1014 1318 1162 1349 varietas

169 1368 200 1392 et
224 1359 431 1402 perplexitas
456 1368 505 1391 est
531 1362 764 1399 enarrationi&
788 1363 915 1393 etiamsi
940 1361 1079 1404 largitur
1102 1361 1162 1392 ho-
1185 1385 1188 1388 Α

168 1405 288 1436 minem
313 1405 405 1435 initio
430 1403 505 1436 sola
527 1404 592 1435 fide
612 1406 774 1445 consequi
794 1405 1024 1436 remissionem
1044 1415 1162 1446 pecca-
1185 1391 1189 1444 Ι

168 1455 297 1485 torum,
337 1453 447 1479 tamen
482 1455 602 1489 rostea
637 1448 835 1489 imaginatur
869 1459 1054 1480 conversos
1089 1450 1189 1483 sine}

167 1497 310 1532 peccato
337 1501 414 1522 esse
438 1497 575 1532 propter
600 1498 751 1523 caeteras
776 1493 934 1530 virtutes,
966 1492 1118 1523 dissentit
1142 1503 1161 1523 a

168 1533 275 1565 Paulo
311 1540 342 1565 et
368 1545 386 1565 a
411 1533 548 1576 reliquis
572 1535 748 1576 scripturis
773 1536 910 1573 divinis,
943 1536 1034 1566 iuxta
1064 1534 1159 1567 illud:
1185 1552 1188 1571 1

167 1578 242 1610 Non
278 1578 514 1609 iustificabitur
547 1578 578 1609 in
604 1585 787 1620 conspectu
821 1586 876 1610 tuo
902 1580 1008 1610 omnis
1033 1580 1160 1610 vivens.

168 1621 266 1653 Item:
279 1621 316 1652 Si
331 1622 523 1660 dixerimus,
536 1623 625 1664 quod
637 1629 813 1663 peccatum
826 1633 892 1654 non
905 1622 1086 1654 habeamus
1096 1629 1160 1655 etc.

1185 1170 1189 1194 1

256 1725 292 1756 ln
318 1736 392 1767 cap.
416 1726 447 1756 7.
483 1725 575 1757 clare
610 1726 699 1764 dicit,
734 1728 876 1758 Sanctos
905 1733 1160 1768 repraesentare

169 1768 311 1800 alienam
336 1779 528 1810 personam,
555 1780 629 1801 cum
653 1770 716 1801 sibi
740 1770 887 1800 tribuunt
910 1777 1097 1811 peccatum,
1122 1777 1157 1802 ut
1184 1779 1187 1797 ι’

169 1813 257 1854 apud
293 1812 487 1844 Danielem:
522 1813 598 1844 Non
634 1814 666 1844 in
700 1812 991 1845 iustificationibus
1022 1815 1158 1852 nostris,

170 1857 229 1887 sed
254 1857 286 1887 in
310 1857 541 1887 misericordia
563 1863 620 1888 tua
644 1857 804 1887 exaudies
828 1867 902 1888 nos.
959 1855 1059 1888 Tales
1084 1867 1158 1888 sen·
1185 1857 1187 1865 ¹

169 1903 290 1931 tentias
316 1903 509 1941 corrumpit,
533 1907 563 1931 et
589 1901 686 1931 docet
711 1900 862 1931 fiduciam
887 1902 1042 1941 propriae
1070 1901 1160 1931 iusti·
1185 1905 1187 1913 ’

170 1944 235 1974 tiae
260 1941 313 1974 vel
335 1943 614 1984 desperationem.
673 1942 753 1985 Cap.
778 1943 809 1974 3.
833 1945 956 1985 inquit:
981 1944 1061 1975 Sine
1084 1943 1160 1986 lege
1186 1940 1188 1977 ἶ

170 1986 380 2018 manifestata
404 1994 455 2018 est
480 1987 603 2018 iustitia
625 1986 702 2024 Dei,
726 1987 758 2017 id
783 1993 852 2024 est,
875 1988 946 2018 siue
969 1984 1043 2028 lege
1067 1994 1161 2018 natu-
1186 1986 1187 1990 ’

169 2029 231 2061 rali
255 2036 331 2061 sunt
357 2031 495 2061 traditae
519 2041 627 2061 norae
651 2030 747 2072 leges
767 2026 1063 2072 Evangelicae,⁷ut
1087 2029 1160 2062 illa:

170 2073 308 2105 Nesciet
344 2073 475 2111 dextra,
511 2074 589 2115 quid
613 2072 714 2105 faciat
738 2074 885 2112 sinistra,
921 2074 1013 2105 Haec
1047 2075 1161 2116 inquit,

171 2115 224 2148 lex
245 2124 315 2147 erat
342 2123 418 2148 ante
442 2118 565 2159 ignota.
614 2119 705 2148 Item:
734 2117 798 2148 Lex
823 2123 874 2148 est
897 2116 1090 2158 spirituali-5,
1115 2119 1161 2148 in-

171 2158 290 2201 telligit
317 2166 444 2191 tantum
468 2161 508 2191 de
533 2159 712 2202 allegoria,
735 2161 767 2191 id
793 2166 855 2198 est,
876 2161 1084 2191 ceremoniae
1104 2161 1161 2191 ha-

172 2204 251 2234 bent
289 2201 484 2244 allegoriam
522 2210 553 2235 et
583 2214 684 2245 saepe
707 2204 916 2234 incommode
940 2204 1091 2245 spiritum
1115 2205 1162 2235 in-
1188 2219 1189 2233 ι

172 2245 302 2288 telligit,
326 2257 393 2277 non
419 2247 460 2277 de
484 2246 628 2288 Spiritus
653 2248 759 2278 sancti
773 2248 931 2285 motibus,
954 2247 1015 2277 sed
1038 2254 1162 2278 tantum

173 2290 214 2321 de
237 2291 512 2330 interpretatione
535 2289 588 2321 vel
614 2291 815 2333 cogitatione
838 2289 1032 2333 allegorica.

810 121 920 154 PHIL.
945 121 1050 164 MEL.
1075 122 1264 155 SCRIPTA
1287 122 1568 156 DOGMATtCA.

1185 1804 1186 1809 ,
1215 1786 1263 1810 set

1188 2242 1191 2252 ι
1215 2213 1469 2243 resurrectione.

1189 2288 1190 2291 ,
1216 2266 1318 2297 agere
1341 2255 1373 2285 in
1397 2255 1564 2296 precibus,
1589 2254 1677 2296 quod
1702 2253 1755 2285 hic
1769 2255 1821 2295 pie
1835 2254 2040 2285 decessisset
2062 2254 2095 2284 in
2108 2253 2201 2295 agni-

1189 2298 1191 2325 ἱ
1216 2300 1305 2330 tione
1339 2297 1524 2340 Evangelii.

2140 128 2205 160 612

1217 217 1260 250 Hi
1293 218 1360 250 loci
1395 219 1575 250 ostendunt
1611 219 1789 262 Origenem
1813 231 1950 253 currere
1983 228 2077 253 extra
2106 223 2205 262 viam,

1217 272 1280 294 nec
1303 262 1484 301 attendere,
1508 263 1586 303 quid
1609 270 1688 305 agat
1711 263 1849 296 Paulus.

1304 347 1448 379 Possem
1470 347 1573 380 multa
1595 347 1684 381 levia
1708 348 1879 392 colligere,
1912 357 1947 382 ut
1971 362 2047 383 cum
2070 350 2205 384 Petrum

1217 392 1261 422 ait
1286 389 1452 423 excellere
1487 392 1639 433 caeteris,
1674 393 1751 434 quia
1774 394 1804 424 ei
1828 394 1948 426 dicitur
1970 405 2108 426 numero
2132 393 2204 437 plu-

1216 434 1292 466 rali:
1316 434 1387 466 Erit
1410 433 1556 466 solutum
1579 436 1611 467 in
1636 435 1750 476 coelis,
1773 436 1827 468 Ad
1847 443 1949 468 totum
1969 444 2101 469 coetum
2113 439 2204 480 Apo-

1216 477 1378 509 stolorum
1403 479 1524 510 dicitur
1546 489 1683 511 numero
1708 479 1886 522 singulari:
1909 481 1979 512 Erit
2001 480 2147 513 solutum
2170 483 2204 513 in

1216 520 1325 559 coelo,
1371 521 1439 553 Sed
1461 520 1546 553 haec
1568 521 1673 554 futilia
1697 524 1820 555 omitto.
1866 523 2040 556 Caeterum
2066 525 2204 556 eruditis

1216 571 1247 596 et
1266 565 1422 596 iudicium
1441 565 1676 598 adhibentibus
1699 568 1840 608 prodest
1864 574 1979 599 vetera
2008 568 2135 609 scripta
2157 567 2203 600 le-

1215 618 1306 650 gere,
1341 608 1480 649 primum
1503 615 1639 650 propter
1657 608 1818 642 historica
1841 611 2039 649 testimonia,
2073 612 2204 650 deinde,

1214 652 1291 693 quia
1324 650 1457 683 illorum
1491 651 1627 684 collatio
1662 654 1752 685 acuit
1785 660 1817 685 et
1851 662 1985 685 exercet
2019 655 2202 686 studiosos.

1213 694 1261 726 lta
1284 694 1432 735 proderit
1456 701 1488 726 et
1512 696 1668 738 Origenis
1692 695 1793 728 lectio
1816 698 1869 735 iis,
1904 698 1959 739 qui
1983 704 2082 729 antea
2105 704 2200 730 recte

1213 739 1354 769 instituti
1384 744 1479 778 sunt,
1519 745 1552 771 et
1586 749 1747 772 summam
1788 739 1996 773 Christianae
2030 741 2202 773 doctrinae

1184 780 1189 811 l
1213 787 1337 812 tenent.

1550 922 1616 963 De
1655 923 1864 978 Dionysio.

1299 1038 1395 1071 Unus
1429 1046 1482 1071 est
1515 1039 1666 1071 Libellus
1701 1039 1856 1083 Dionysii
1887 1042 1929 1073 de
1957 1041 2202 1075 Ecclesiastica

1212 1082 1418 1122 Hierarchia,
1442 1083 1496 1125 qui
1521 1090 1657 1124 propter
1680 1084 1853 1116 historiam
1873 1091 1923 1115 est.
1934 1085 2035 1117 utilis.
2068 1085 2200 1118 Caeteri

1215 1127 1383 1158 continent
1418 1128 1546 1158 otiosas
1582 1126 1842 1168 speculationes,
1909 1127 1981 1159 lllic
2004 1136 2114 1160 autem
2136 1136 2201 1161 tra-

1215 1171 1337 1202 duntur
1360 1171 1572 1202 ceremoniae
1596 1170 1900 1209 sacramentorum,
1924 1178 1955 1203 et
1979 1173 2061 1203 ritus
2083 1171 2201 1204 Eccle-

1214 1214 1296 1252 siae,
1322 1220 1354 1244 et
1372 1220 1513 1255 apparet
1534 1215 1721 1245 mediocres
1745 1214 1854 1246 adhuc
1877 1214 1981 1247 fuisse
1994 1217 2200 1248 ceremonias

1214 1256 1271 1289 illo
1307 1263 1468 1299 tempore.
1536 1257 1720 1298 Praecipue
1754 1266 1862 1289 autem
1897 1260 1980 1290 ritus
2008 1259 2135 1291 Missae
2157 1259 2202 1291 ibi

1215 1301 1452 1333 considerandi
1465 1306 1554 1339 sunt,
1578 1307 1613 1332 ut
1633 1308 1793 1342 appareat
1812 1303 2019 1333 recentiores
2037 1303 2068 1334 in
2082 1300 2200 1334 Eccle-

1214 1345 1284 1376 siae
1308 1343 1419 1385 Papae
1443 1343 1559 1386 procul
1584 1345 1770 1376 recessisse
1793 1355 1813 1376 a
1836 1346 1941 1377 veteri
1964 1345 2082 1378 forma.
2106 1344 2201 1377 Psal-

1213 1388 1256 1419 mi
1291 1388 1423 1429 quidam
1447 1394 1478 1418 et
1502 1386 1663 1419 lectiones
1692 1398 1732 1419 ex
1751 1388 1935 1430 Evangelio
1959 1390 2199 1428 recitabantur,

1214 1431 1410 1462 dicebantur
1432 1441 1551 1472 preces
1575 1442 1636 1472 pro
1659 1430 1814 1463 Ecclesia
1838 1439 1869 1463 et
1884 1431 2079 1473 Republica.
2104 1431 2201 1464 Post-

1214 1485 1253 1506 ea
1296 1474 1478 1517 Presbyter
1518 1480 1612 1505 stans
1648 1475 1688 1505 ad
1732 1485 1844 1513 aram,
1889 1476 2052 1507 recitabat
2095 1477 2202 1507 verba

1214 1517 1337 1549 Christi
1362 1518 1403 1548 de
1427 1528 1532 1549 coena
1556 1517 1701 1549 Domini.
1747 1518 1878 1551 Deinde
1897 1520 2116 1550 distribuebat
2143 1529 2201 1560 po-

1213 1560 1292 1602 pulo
1317 1561 1582 1593 Sacramentum.
1650 1561 1859 1603 Sequebatur
1889 1563 2069 1604 gratiarum
2101 1563 2200 1594 actio.

1214 1605 1275 1636 Hic
1299 1603 1357 1636 fuit
1382 1605 1465 1635 ritus
1489 1604 1627 1643 Missae,
1651 1606 1738 1636 unde
1762 1604 1971 1637 manifestum
1995 1612 2045 1637 est
2060 1605 2200 1637 Missam

1213 1654 1338 1679 tantum
1369 1647 1475 1679 fuisse
1499 1648 1780 1686 communionem,
1815 1659 1878 1680 nec
1901 1648 2006 1680 fuisse
2029 1647 2116 1680 ullas
2135 1649 2201 1690 pri-

1214 1698 1312 1723 vatas
1336 1691 1472 1723 Missas.
1541 1691 1626 1726 Quin
1651 1698 1683 1722 et
1705 1690 1786 1722 illud
1809 1693 1993 1723 mirandum
2017 1699 2086 1730 est,
2110 1691 2201 1734 quod

1185 1726 1189 1775 I
1214 1746 1276 1766 nec
1310 1736 1432 1766 mentio
1458 1735 1493 1766 fit
1518 1733 1708 1773 oblationis,
1738 1745 1781 1766 ne
1805 1736 1901 1766 ritum
1926 1735 2060 1776 quidem
2084 1745 2200 1766 recen-

1300 1778 1480 1810 offerentis.
1549 1777 1640 1809 Haec
1675 1779 1761 1819 apud
1797 1777 1996 1820 Dionysium
2018 1779 2201 1820 praecipue

1212 1823 1352 1864 prodest
1375 1823 1571 1859 observare,
1606 1827 1641 1852 ut
1665 1822 1890 1863 antiquitatem
1914 1831 2123 1864 opponamus
2146 1822 2199 1860 iiS,

1185 1887 1187 1901 1
1212 1866 1268 1908 qui
1291 1864 1472 1897 defendunt
1494 1866 1621 1897 abusus
1644 1864 1838 1897 missarum.

1299 1951 1467 1983 Recenset
1490 1952 1702 1992 baptismum,
1726 1950 1898 1990 Chrisma,
1923 1951 2198 1990 communionem,

1213 2002 1247 2027 ut
1273 1996 1350 2033 dixi,
1375 1996 1615 2027 ordinationem
1629 1996 1914 2037 presbyterorum,
1937 2001 1969 2025 et
1992 2004 2119 2032 eorum,
2144 1995 2198 2036 qui

1214 2045 1291 2070 vota
1314 2037 1494 2076 faciebant,
1518 2044 1550 2069 et
1574 2039 1762 2070 unctionem
1787 2045 2011 2076 mortuorum,
2045 2038 2101 2069 ubi
2125 2048 2199 2068 nar-

1187 2104 1188 2109 =
1213 2089 1276 2121 rat,
1300 2081 1417 2124 quales
1441 2080 1561 2113 fuerint
1587 2082 1797 2113 ceremoniae
1820 2080 1985 2119 funerum,
2012 2091 2086 2113 cum
2100 2080 2199 2112 cada-

1214 2136 1274 2157 ver
1308 2126 1341 2156 in
1370 2124 1493 2166 templo
1514 2123 1714 2156 collocatum
1739 2131 1841 2161 esset,
1875 2131 2052 2166 praesente
2075 2122 2199 2165 populo

1214 2170 1442 2200 recitabantur
1475 2167 1604 2210 aliquae
1638 2167 1802 2199 lectiones
1833 2178 1875 2198 ex
1899 2169 2005 2200 sacris
2028 2166 2134 2198 literis
2159 2167 2201 2198 de

1540 2211 1668 2242 Deinde
1696 2212 1872 2242 iubebatur
1899 2209 2041 2252 populus
2073 2210 2201 2251 gratias

1592 2297 1789 2329 Addebatur
1823 2297 2033 2335 adhortatio,
2067 2302 2103 2327 ut
2138 2296 2201 2327 sibi

1189 2361 1191 2380 2
1217 2343 1358 2384 quisque
1393 2347 1588 2383 precaretur
1611 2341 1699 2382 pium
1723 2341 1844 2372 exitum
1869 2351 1909 2371 ex
1933 2339 1998 2372 hac
2020 2340 2099 2371 vita.
2140 2339 2202 2370 Hic

261 2383 343 2426 Cap.
369 2385 400 2417 8.
471 2385 569 2418 Quod
595 2392 664 2417 erat
688 2385 894 2427 impossibile
915 2386 995 2428 regi,
1019 2386 1096 2427 quia
1118 2386 1164 2417 in—
1190 2383 1191 2414 Ῐ

173 2428 368 2459 firmabatur
392 2439 453 2470 per
478 2440 622 2460 carnem.
645 2428 820 2461 Transfert
844 2439 975 2460 carnem
989 2429 1030 2460 ad
1044 2427 1165 2471 legem,
1190 2444 1191 2448 ¹

175 2470 262 2502 Caro
301 2470 388 2513 legis
424 2478 495 2503 erat
525 2473 664 2510 infirma,
698 2473 729 2504 id
754 2480 816 2510 est,
841 2473 1048 2504 ceremoniae
1072 2479 1165 2504 erant
1190 2472 1191 2502 Ξ

173 2513 421 2554 impossibiles,
453 2515 588 2547 inutiles
613 2523 675 2547 etc.
745 2517 788 2547 At
813 2516 937 2547 Paulus
963 2526 1095 2547 carnem
1119 2517 1165 2547 in-
1190 2514 1192 2553 ᾖ

174 2556 293 2600 telligit
317 2566 473 2590 naturam
497 2557 652 2597 hominis,
675 2559 746 2590 Lex
771 2559 999 2591 infirmabatur
1010 2570 1070 2601 per
1094 2570 1166 2590 car-
1190 2564 1191 2584 ἱ

175 2611 263 2639 nem,
298 2601 331 2632 id
367 2608 430 2640 est,
459 2612 526 2633 non
556 2610 687 2644 poterat
710 2603 782 2634 fieri
805 2604 846 2634 ab
871 2604 1015 2634 humana
1037 2608 1164 2634 natura.
1189 2599 1192 2628 ἶ

1216 2396 1290 2417 mos
1324 2383 1383 2416 suit
1417 2384 1536 2426 plenus
1560 2385 1702 2426 pietatiS‚
1732 2390 1762 2415 ct
1787 2383 1886 2415 laude
1911 2385 2041 2425 dignus.
2109 2382 2202 2419 Quae

1218 2430 1303 2460 enim
1337 2435 1477 2469 possunt
1511 2429 1636 2459 maiora
1671 2427 1832 2458 beneficia
1865 2427 2017 2470 cogitari,
2048 2426 2203 2468 quantia

1217 2472 1275 2503 illo
1298 2472 1423 2514 ingenti
1447 2482 1556 2513 agone
1579 2472 1724 2502 retinere
1748 2470 1872 2502 Christi
1896 2471 2111 2513 agnitionem,
2145 2469 2203 2500 at!-

1216 2516 1322 2547 iuvari
1346 2526 1364 2546 a
1389 2514 1521 2546 Christo
1546 2521 1576 2545 et
1600 2513 1736 2546 salvari.
1772 2514 1867 2545 Hanc
1890 2514 2112 2545 ceremoniam
2135 2522 2202 2543 me·

1217 2558 1333 2590 liorem
1359 2559 1525 2590 recentior
1549 2566 1642 2589 aetas
1666 2568 1806 2599 prorsus
1830 2556 1987 2596 abolevit,
2011 2558 2148 2588 retentis
2171 2561 2204 2586 et

1218 2600 1393 2634 cumulatis
1418 2602 1648 2633 deterioribus.
