2383 2990
183 119 248 152 737

184 225 288 249 causa
311 215 344 246 in
368 214 598 245 exuscitandis
622 214 761 245 mortuis
786 223 852 245 non
870 211 1081 246 solummodo
1105 224 1179 245 ver·

186 262 228 292 bo
252 266 351 301 atque
374 258 524 299 imperio,
550 265 583 289 ut
603 257 710 296 Deus,
733 258 907 295 utebatur,
941 268 1059 289 verum
1082 259 1180 289 etiam

184 314 321 336 carnem
343 312 438 333 suam
463 302 559 343 quasi
584 301 848 343 cooperatricem
863 310 1100 343 nonnunquam
1123 302 1180 332 ad-

184 347 331 386 hibebat,
351 351 387 377 ut
410 355 447 376 re
471 346 545 386 ipsa
568 346 779 382 ostenderet,
809 354 944 375 carnem
968 355 1101 386 quoque
1124 355 1180 376 su-

183 402 249 428 am,
269 389 425 432 quoniam
445 389 508 420 sibi
530 390 707 420 coniuncta
731 394 794 426 est,
821 388 988 419 vivificam
1013 399 1108 426 esse,
1132 394 1178 419 at·

184 445 249 477 que
273 432 390 465 fideles
417 433 555 464 doceret
590 443 698 470 suum,
723 441 789 462 non
814 430 954 462 alterius
978 442 1103 473 corpus
1127 442 1180 463 es·

185 488 234 509 se.
291 477 376 508 Nam
399 477 534 518 quando
559 485 758 518 synagogae
781 475 939 516 principis
965 473 1101 506 filiolam
1125 485 1180 506 su-

186 522 344 558 scitabat,
368 531 500 551 manum
535 520 606 551 eius
630 518 861 560 apprehendit,
886 524 919 549 ut
943 520 1112 558 scribitur,
1147 524 1179 550 et

185 565 289 597 erexit
315 564 448 595 dicens:
485 562 600 594 Puella
624 573 739 605 surge,
775 563 819 593 ita
843 568 877 592 ut
901 561 995 593 Deus
1019 569 1050 593 et
1075 563 1179 594 verbo

185 615 218 641 et
242 608 354 639 carnis
378 618 462 639 suae
485 614 577 638 tactu
602 617 676 637 eain
701 606 878 643 excitavit,
914 616 1011 636 unam
1047 607 1088 637 ab
1113 616 1179 637 uno

185 663 225 683 se
249 650 404 689 Christo,
440 650 514 682 Deo
538 648 691 682 videlicet
714 655 815 690 atque
839 648 991 687 homine,
1015 651 1181 690 operatio-

186 706 262 728 nem
287 696 489 736 producenS.
554 693 695 729 Quando
720 693 818 724 etiam
843 694 874 723 in
899 693 1065 723 civitatem
1085 693 1181 724 Naim

187 745 341 771 vocatam
366 738 626 780 ingrediebatur,
651 743 682 768 et
697 735 1100 777 offerebaturunigenitus
1115 747 1180 768 ma-

185 783 244 814 tris
276 782 363 813 filius
388 783 452 813 iam
477 788 645 818 mortuuS,
671 780 777 822 tetigit
801 790 924 822 eorpus
949 781 1021 811 eius
1045 781 1181 812 dicens:

185 824 400 858 Adolescens
424 826 499 856 dico
524 824 599 862 tibi,
634 834 748 866 surge.
795 824 870 854 Non
891 834 973 866 ergo
998 825 1102 854 verbo
1127 834 1181 855 so-

185 870 252 902 lum
277 880 427 911 semper,
463 874 497 899 ut
521 868 681 905 diximus,
719 877 834 898 verum
859 868 956 898 etiam
981 874 1073 898 tactu
1097 878 1182 898 mor-

185 920 262 946 tuos
286 914 470 949 excitabat,
507 918 540 942 ut
566 912 758 942 ostenderet
778 921 903 952 eorpus
928 921 1062 952 quoque
1085 920 1182 942 suum

185 956 356 988 vivificare
391 965 506 996 posse,
541 955 631 996 quod
667 955 695 985 si
720 953 796 985 solo
822 962 912 985 tuctu
931 965 994 985 suo
1024 960 1182 995 corrupta

186 1001 314 1032 redime
338 1006 489 1041 grantur,
514 998 683 1040 quomodo
709 1008 774 1029 non
800 998 950 1029 vivemus
976 997 1050 1033 QUl
1076 996 1182 1029 CAR-

184 1043 280 1076 NEM
317 1042 460 1074 lLLAM
493 1041 547 1073 ΕΤ
581 1041 828 1072 tios'rAML's
860 1040 915 1072 ΕΤ
938 1040 1182 1072 MANUUCA-

184 1087 296 1120 MUS?
341 1085 551 1118 Reformabit
569 1086 654 1117 enim
680 1086 813 1116 omnino
837 1086 878 1116 ad
904 1083 1182 1116 immortalitatem

184 1141 281 1163 suam
305 1131 487 1171 participes
511 1129 573 1160 sui.
620 1128 692 1160 Nee
715 1127 799 1160 velis
825 1128 969 1166 ludaiee‚
1000 1129 1181 1169 quomodo,

184 1184 360 1216 quaerere,
386 1174 445 1204 sed
472 1173 665 1210 recordare,
691 1172 845 1214 quamvis
869 1170 1066 1203 naturaliter
1096 1182 1181 1214 aqua

183 1217 336 1259 {rigidior
359 1217 414 1255 sit,
438 1217 585 1249 adventu
609 1224 717 1248 tamen
743 1217 850 1254 ignis,
884 1216 1075 1258 {rigiditatis
1099 1225 1182 1247 suae

184 1256 289 1294 oblita
312 1267 455 1292 aestuat.
513 1260 587 1292 Hoc
610 1270 692 1291 sane
717 1261 815 1291 modo
841 1260 940 1290 etiam
965 1269 1045 1297 nos,
1069 1270 1182 1301 quam-

184 1306 236 1336 vis
256 1311 394 1347 propter
414 1311 566 1336 naturam
591 1304 702 1335 ea‘rnis
717 1302 955 1344 corruptibiles
968 1304 1083 1341 sitnns,
1109 1314 1182 1344 par-

184 1349 377 1390 ticipatione
409 1354 518 1379 tamen
552 1347 640 1378 vitae
674 1348 716 1378 ab
741 1345 967 1378 imbecillitate
991 1354 1108 1378 nostra
1132 1357 1183 1378 re-

185 1393 309 1430 vocati,
331 1393 374 1423 ad
400 1391 638 1433 proprietatem
663 1389 751 1422 illius
775 1391 819 1421 ad
833 1391 932 1422 vitam
954 1389 1182 1423 reformamur.

183 1435 341 1477 Oportuit
361 1436 447 1467 enim
473 1441 564 1467 certe
586 1440 622 1466 ut
645 1444 712 1466 non
738 1433 846 1465 solum
870 1435 979 1465 anima
1004 1445 1064 1476 per
1081 1434 1183 1476 Spiri-

183 1485 252 1511 tum
286 1486 441 1511 sanctum
471 1480 503 1510 in
533 1479 665 1510 beatam
690 1478 790 1509 vitam
815 1478 1032 1517 ascenderet,
1067 1488 1182 1510 verum

183 1523 283 1554 etiam
312 1528 349 1554 ut
373 1523 456 1554 rude
486 1528 586 1565 atque
610 1529 771 1553 terrestre
795 1521 860 1554 boe
886 1533 1010 1563 corpus
1037 1530 1182 1565 cognato

184 1567 249 1598 sibi
283 1572 397 1609 gustu,
432 1572 536 1605 tactu,
560 1572 594 1598 et
618 1566 694 1597 cibo
717 1565 760 1597 ad
783 1565 1063 1598 immortalitatem
1085 1567 1183 1599 redu-

185 1616 328 1643 ceretur.

506 1789 874 1824 CHRYSOSTOMUS

329 1889 361 1921 in
386 1887 442 1921 Vl.
462 1887 545 1930 Cap.
566 1887 744 1920 ῙΟΗΑΝ.
770 1887 914 1920 Homilia
934 1887 1039 1920 XLV.

275 2001 418 2038 Quando
442 2002 529 2033 enim
553 2002 643 2033 subit
667 2002 840 2044 quaestiO,
865 2001 1033 2044 quomodo
1058 2000 1182 2045 aliquid

185 2045 255 2083 fiat,
290 2044 389 2077 simul
424 2047 516 2077 subit
549 2044 778 2077 incredulitas.
848 2045 895 2076 lta
921 2052 954 2076 et
977 2045 1182 2079 Nicodemus

184 2090 404 2131 perturbatus
433 2096 503 2128 est,
531 2089 700 2131 inquiens:
737 2089 916 2125 Quomodo
946 2096 1057 2131 potest
1082 2089 1181 2122 bomo

184 2134 216 2164 in
241 2140 393 2165 ventrem
417 2133 532 2164 matris
556 2143 638 2164 suae
661 2134 782 2164 iterato
806 2134 964 2165 introire?
1016 2133 1128 2165 ltidem
1149 2141 1182 2166 et

184 2176 218 2208 hi
242 2187 351 2209 nunc:
387 2176 564 2213 Quomodo
588 2182 698 2219 potest
722 2176 776 2208 hic
804 2177 903 2209 nobis
927 2187 1062 2208 carnem
1086 2187 1180 2210 suam

185 2222 266 2253 dare
289 2221 333 2252 ad
357 2221 648 2262 manducandum?
694 2220 778 2252 Nam
802 2221 830 2252 si
856 2221 922 2252 hoc
947 2221 978 2251 in
1004 2221 1098 2259 uiris,
1121 2233 1182 2254 cur
1203 2235 1210 2267 J
1233 2222 1349 2265 iung=t‚
1383 2229 1484 2264 atque
1519 2222 1736 2265 conglutinat.

184 2275 251 2296 non
276 2265 361 2296 idem
385 2265 418 2296 in
442 2265 589 2307 quinque
608 2275 729 2306 panum
754 2263 913 2296 miraculo
938 2265 1076 2297 dixisti?
1100 2276 1181 2307 quo-

183 2309 284 2340 modo
308 2318 368 2340 cos
392 2309 424 2339 in
445 2314 571 2339 tantum
596 2308 708 2339 auxit?
755 2308 840 2344 Quia
865 2316 944 2340 tunc
975 2315 1102 2340 tantum
1126 2319 1179 2340 sa-

184 2352 288 2383 turari
312 2352 492 2389 curabant,
528 2362 594 2383 non
615 2352 834 2383 considerare
858 2350 1065 2384 miraculum.
1112 2352 1180 2385 Sed

184 2406 241 2427 res
264 2396 336 2436 ipsa
360 2402 439 2427 tune
463 2396 595 2434 docuit,
620 2395 769 2437 inquieS‚
800 2395 892 2438 Ergo
912 2406 952 2427 ex
976 2406 1016 2427 eo
1041 2401 1074 2427 et
1094 2395 1179 2428 haee

185 2440 325 2471 credere
349 2439 497 2481 oportuit
516 2440 545 2471 ei
566 2437 678 2470 facilia
701 2438 791 2471 sactu
815 2450 903 2471 esse.
941 2439 1123 2481 Propterea
1148 2440 1180 2472 id

183 2483 276 2524 prius
300 2481 377 2514 fecit
400 2482 607 2522 miraculum,
631 2489 667 2514 ut
689 2493 750 2526 per
772 2482 853 2515 illud
880 2494 946 2515 non
971 2489 1087 2515 essent
1109 2494 1178 2515 am-

183 2525 271 2568 plius
290 2526 452 2558 increduli
476 2527 548 2565 his,
580 2537 666 2569 quae
690 2528 900 2568 postmodum
926 2528 1061 2558 diceret.
1127 2526 1178 2559 llli

184 2570 318 2612 quidem
336 2577 415 2603 tune
437 2571 598 2612 temporis
617 2570 699 2602 nihil
722 2581 764 2603 ex
786 2570 839 2603 his
852 2571 961 2610 dictis,
984 2580 1048 2603 nos
1072 2571 1177 2614 ipsius

342 2640 490 2659 unmwru.
504 2640 589 2661 OPER,
605 2640 669 2660 VOL.
684 2641 769 2661 xxnl.

427 117 470 150 X.
494 117 772 151 SENTENTtAE
795 114 1013 150 VETERUM
1035 118 1236 155 ALlQUOT
1259 119 1544 153 SCRIPTORUM
1564 121 1627 154 DE
1650 122 1803 155 COENA
1824 123 2000 157 DOMINI.

1201 2272 1209 2607 ἒ

2162 128 2228 162 738

1231 215 1384 248 beneficii
1411 216 1587 248 utilitatem
1617 218 1776 259 cepimus,
1824 218 1936 254 Quare
1960 223 2153 254 necessario
2178 223 2225 254 di·

1232 260 1373 291 cendum
1399 271 1498 302 quam
1522 261 1716 293 admiranda
1742 264 1916 305 mysteria,
1941 271 1971 295 et
1986 276 2045 295 cur
2059 265 2135 296 duta
2149 267 2227 306 sint,

1232 310 1263 334 et
1288 314 1454 346 quaenam
1478 314 1593 336 eorum
1617 304 1751 337 utilitas.
1820 306 1929 338 Unum
1955 318 2078 349 corpus
2098 320 2225 348 sumus,

1233 353 1265 377 et
1288 349 1438 379 membra
1462 358 1503 379 ex
1527 359 1641 387 carne,
1667 356 1699 380 et
1725 350 1860 381 ossibus
1885 352 1967 382 eiuS.
2033 351 2146 387 Quare
2168 354 2227 384 ini-

1232 391 1301 421 tiati
1323 392 1394 422 eius
1418 393 1607 432 praeceptis
1632 403 1749 434 parere
1774 394 1907 425 debent.
1955 394 1999 425 Ut
2024 402 2133 427 autem
2158 406 2227 428 non

1232 433 1342 465 solum
1365 445 1425 475 per
1445 434 1668 473 dilectionem,
1693 438 1751 467 sed
1779 436 1837 467 RE
1858 437 1958 469 wsA
1988 439 2019 469 in
2044 437 2136 471 illam
2156 450 2227 471 car-

1232 488 1307 509 nem
1331 485 1578 517 convertamur,
1603 491 1662 521 per
1686 481 1794 511 cibum
1815 481 1845 511 id
1868 479 2024 521 eflicitur,
2048 493 2145 524 quem
2169 494 2227 514 no-

1234 522 1284 551 bis
1320 520 1462 563 largitus
1500 530 1561 554 est.
1610 523 1693 555 Cum
1725 525 1810 555 enim
1846 534 1941 556 suum
1976 527 2006 556 in
2039 536 2101 556 nos
2135 537 2226 558 amo-

1233 575 1302 595 rem
1338 566 1484 597 indieare
1521 565 1640 603 vellet,
1675 577 1733 608 per
1769 578 1892 609 corpus
1924 579 2020 600 suum
2051 580 2089 600 se
2125 570 2224 601 nobis

1232 609 1458 646 commiscuit,
1489 616 1519 640 et
1545 610 1576 640 in
1601 621 1699 641 unum
1725 612 1898 643 nobiscum
1923 613 2069 655 redegit,
2096 619 2130 644 ut
2154 624 2227 644 cor-

1232 661 1295 692 pus
1332 662 1405 683 cum
1446 653 1554 694 capite
1588 654 1747 686 uniretur.
1816 655 1889 687 lloe
1930 657 2016 688 enim
2049 658 2227 689 amantium

1233 697 1374 727 maxime
1405 701 1467 728 est.

1543 877 1910 912 CHRYSOSTOMUS

1233 974 1266 1005 in
1290 972 1374 1015 Cap.
1401 972 1527 1005 XXVl.
1560 973 1593 1004 M
1604 973 1847 1006 ATTHAEI.
1879 974 2023 1007 Homilia
2047 975 2226 1008 Lxxxttt.

1321 1085 1534 1128 Vigilandnm
1563 1087 1663 1129 igitur
1686 1094 1750 1125 est,
1781 1098 1848 1118 non
1876 1089 1962 1119 enim
1986 1100 2126 1131 parvum
2150 1099 2228 1131 sup-

1234 1129 1369 1172 plicium
1395 1131 1531 1172 indigne
1563 1131 1847 1162 communicantes
1872 1138 2039 1174 expectat.
2108 1131 2229 1174 Cogita

1235 1181 1358 1216 quanta
1382 1174 1608 1215 indignatione
1631 1174 1796 1206 adversus
1821 1176 2038 1217 proditorem,
2065 1176 2229 1208 athei-sus

1235 1229 1307 1256 eos,
1331 1218 1386 1260 qui
1411 1217 1651 1249 crucifixerunt
1674 1218 1794 1260 ipsum,
1819 1221 1998 1258 movearis,
2024 1227 2055 1251 et
2081 1229 2164 1251 cave
2188 1229 2230 1251 ne

1235 1268 1270 1292 tu
1299 1272 1434 1303 quoque
1463 1262 1617 1302 corporis
1644 1268 1675 1293 et
1705 1263 1880 1304 sanguinis
1912 1262 2037 1294 Christi
2061 1274 2139 1295 rcus
2159 1261 2228 1295 effi-

1237 1305 1347 1336 ciaris.
1373 1303 1421 1336 llli
1444 1306 1664 1337 acerbissime
1688 1307 1907 1345 trucidarunt,
1931 1313 1966 1338 tu
1984 1313 2062 1348 post
2086 1313 2134 1338 tot
2159 1313 2230 1339 tan-

1236 1356 1336 1390 taque
1362 1348 1526 1380 beneficia
1549 1349 1686 1380 sordida
1710 1350 1854 1391 suscipis
1879 1351 2000 1381 omnia.
2042 1350 2117 1382 Non
2142 1351 2230 1382 enim

1235 1392 1359 1424 suflicit
1388 1392 1452 1434 ipsi
1493 1392 1660 1424 hominem
1691 1392 1773 1431 fieri,
1803 1392 1945 1435 flagellis
1969 1395 2098 1426 interim
2122 1394 2230 1434 caedi,

1236 1437 1296 1467 sed
1320 1446 1382 1467 nos
1408 1446 1522 1468 secum
1546 1437 1579 1467 in
1604 1447 1713 1475 unam,
1737 1443 1773 1469 ut
1795 1437 1841 1468 ita
1865 1438 1985 1477 dicam,
2009 1449 2155 1470 massam
2179 1448 2230 1470 re-

1236 1480 1337 1518 ducit,
1360 1489 1470 1522 neque
1493 1481 1525 1512 id
1549 1480 1615 1512 fide
1638 1479 1760 1520 solum,
1784 1481 1845 1512 sed
1869 1491 1906 1513 re
1930 1482 2003 1524 ipsa
2026 1492 2089 1513 nos
2104 1491 2228 1524 corpus

1236 1534 1333 1555 suum
1357 1522 1470 1555 efficit.
1540 1523 1614 1559 Qua
1644 1524 1744 1566 igitur
1767 1535 1803 1556 re
1828 1526 2034 1557 mundiorem
2058 1536 2137 1557 esse
2160 1535 2231 1557 non

1236 1573 1369 1609 oportet
1393 1577 1486 1605 eum,
1516 1567 1571 1609 qui
1596 1567 1661 1600 hoc
1685 1569 1853 1599 sacrificio
1882 1569 2143 1610 participaturus
2166 1574 2231 1608 est,

1260 1621 1322 1643 uos
1345 1611 1457 1642 radios
1488 1610 1621 1643 solares
1655 1621 1721 1643 non
1756 1613 1893 1643 deberet
1924 1614 2088 1645 excedere
2112 1623 2229 1645 manus

1235 1622 1304 1692 illa,
1339 1665 1404 1696 que
1438 1653 1526 1686 hanc
1557 1665 1717 1686 coronam
1750 1661 1947 1697 pertractat,
1977 1667 2016 1688 os
2041 1658 2131 1699 quod
2152 1658 2229 1700 igne

1235 1697 1391 1740 impletur
1414 1697 1591 1739 spirituali,
1616 1697 1729 1741 lingua
1753 1709 1840 1741 quae
1863 1706 2058 1731 cruentatur
2081 1701 2149 1733 hoc
2172 1701 2230 1732 ad-

1235 1741 1377 1773 mirabili
1401 1742 1584 1784 sanguine?
1631 1742 1752 1774 Veniat
1772 1743 1804 1774 in
1830 1750 1972 1775 mentem
1995 1745 2064 1785 tibi,
2089 1754 2155 1787 quo
2179 1745 2228 1776 sis

1235 1786 1363 1817 honore
1385 1784 1582 1824 honoratus,
1605 1797 1672 1828 qua
1695 1797 1811 1818 mensa
1834 1785 1966 1819 fruaris.
2014 1786 2062 1819 Ea
2086 1797 2230 1830 namque

1234 1840 1271 1861 re
1296 1839 1357 1860 nos
1381 1827 1512 1868 alimur,
1536 1840 1636 1872 quam
1660 1828 1770 1872 angeli
1795 1831 1949 1867 videntes
1973 1837 2132 1870 tremunt,
2166 1841 2230 1863 neo

1235 1874 1364 1914 absque
1388 1883 1515 1914 pavore
1550 1880 1687 1916 propter
1720 1872 1899 1917 fulgorem,
1937 1875 1991 1917 qui
2016 1875 2093 1906 inde
2112 1873 2229 1914 resilit,

1234 1917 1388 1958 aspicere
1410 1924 1566 1958 possunt,
1592 1923 1624 1949 ct
1649 1928 1710 1949 nos
1735 1918 1765 1948 in
1792 1929 1888 1949 unam
1913 1929 1988 1950 cum
2012 1917 2070 1950 illo
2084 1929 2230 1951 massam

1235 1961 1436 1998 reducimur,
1460 1959 1585 1991 Christi
1609 1971 1732 2002 corpus
1756 1972 1868 1998 unum,
1893 1967 1925 1993 et
1938 1972 2017 1993 caru»
2041 1973 2118 1993 una.
2143 1962 2229 1998 Quis

1236 2003 1395 2046 loquetur
1429 2005 1596 2045 potentias
1631 2004 1787 2036 Domini?
1821 2005 1953 2036 auditas
1987 2004 2087 2037 faciet
2112 2015 2229 2038 omnes

1234 2047 1356 2079 laudes
1392 2047 1488 2080 eius?
1524 2048 1599 2089 quis
1634 2055 1750 2090 pastor
1785 2059 1930 2090 unquam
1965 2050 2123 2081 membris
2157 2049 2229 2080 suis

1234 2102 1316 2123 oves
1348 2101 1429 2123 suas
1464 2092 1629 2124 nutrivit?
1691 2090 1818 2123 Multae
1851 2098 1972 2123 matres
1998 2099 2073 2134 post
2099 2099 2229 2135 partum

1233 2134 1307 2167 aliis
1332 2135 1517 2166 nutricibus
1542 2134 1688 2167 infantes
1713 2136 1888 2175 dederunt,
1910 2137 2000 2177 quod
2024 2137 2097 2179 ipse
2116 2135 2229 2168 facere

1233 2178 1352 2217 noluit,
1389 2179 1449 2210 sed
1485 2179 1621 2221 proprio
1643 2189 1785 2220 corpore
1808 2190 1872 2210 nos
1896 2179 1966 2218 alit,
2001 2186 2033 2212 ct
2058 2181 2121 2212 sibi
2147 2190 2228 2211 con-

1807 2222 2068 2256 Consideremus
2104 2230 2229 2262 autem,

1232 2267 1375 2309 inquies,
1401 2264 1480 2297 lieet
1502 2273 1617 2308 aperte
1639 2267 1680 2298 ad
1707 2277 1822 2298 omnes
1848 2268 2022 2307 pertineat.
2088 2266 2172 2298 Nam
2197 2267 2227 2298 si

1231 2311 1274 2341 ad
1305 2315 1456 2341 naturam
1489 2315 1637 2341 nostram
1665 2310 1857 2348 deseendit,
1889 2317 1979 2352 patet
2003 2311 2160 2352 quoniam
2183 2309 2226 2341 ad

1232 2363 1360 2390 omnes,
1396 2352 1485 2394 quod
1521 2353 1549 2383 si
1582 2353 1625 2384 ad
1661 2363 1798 2392 omnes,
1834 2360 1866 2384 et
1889 2354 1930 2384 ad
1955 2363 2225 2395 unumquemque

1231 2396 1396 2439 profecto.
1443 2396 1509 2427 sed
1536 2407 1596 2427 eur
1619 2407 1685 2428 non
1710 2407 1828 2428 ornnes
1851 2397 1927 2428 inde
1951 2396 2080 2428 lucrum
2105 2406 2225 2428 conse-

1232 2441 1296 2472 cuti
1320 2446 1409 2477 sunt,
1432 2439 1584 2483 inquies?
1652 2439 1686 2471 ld
1712 2447 1802 2471 certe
1825 2452 1890 2471 non
1915 2439 2002 2472 illius
2027 2450 2143 2479 causa,
2169 2440 2226 2483 qui

1231 2485 1373 2515 maxime
1397 2482 1464 2515 boc
1488 2489 1592 2525 optat,
1625 2484 1757 2522 accidit,
1794 2485 1854 2515 sed
1879 2494 1993 2515 eorum
2020 2482 2132 2525 culpa,
2168 2484 2224 2526 qui

1231 2539 1304 2560 eum
1330 2527 1504 2569 suscipere
1529 2525 1652 2560 nolunt.
1702 2526 1851 2570 Singulis
1875 2528 1961 2559 enim
1986 2525 2140 2559 fidelibus
2164 2537 2224 2569 per

1229 2571 1295 2603 hoc
1318 2571 1514 2614 mysterium
1536 2582 1576 2603 se
1599 2571 1781 2614 coniungit,
1805 2577 1838 2603 et
1861 2582 1947 2614 quos
1970 2571 2119 2614 peperit,
2154 2581 2223 2603 non

2016 2631 2049 2656 47
